3984 6022
199 240 259 295 600
888 221 1011 280 LOCUS
1030 220 1210 288 Quantus
1269 248 1272 259 ·

200 391 347 443 aeternam
367 399 386 437 a
400 382 484 436 Patre
502 380 707 452 generationem
724 384 825 433 natura
843 377 1040 434 habetomnia
1068 382 1167 436 4οἀ0νο
1190 397 1209 432 0
1230 380 1337 434 destris
1359 382 1439 451 0004
1459 381 1591 450 00440000
1611 379 1703 434 minut
1727 376 1908 448 4000444000

201 472 267 528 lam
287 487 352 524 vero
371 468 439 522 haec
458 466 588 522 exaltatio
609 466 637 520 in
658 472 782 537 tempore
802 465 946 536 aspretis
961 465 1038 520 unio-
1067 468 1171 533 fnisse,
1196 484 1281 536 qnam
1307 469 1405 521 0040νο
1427 485 1447 521 0
1469 466 1609 535 siniam
1642 472 1668 521 4.
1689 465 1727 520 40
1744 463 1857 519 actibus
1873 466 1904 521 ad

203 557 246 611 nis
265 555 373 611 Christo
392 552 503 625 obtigit,
523 559 555 606 04
574 552 695 608 ostendit
712 569 765 606 vox
782 550 936 623 ἐχαρίσατο.
965 551 1040 623 Ergo
1068 557 1172 607 statum
1210 551 1403 606 exinanitionis
1439 557 1468 608 et
1499 550 1675 608 exaltationis
1704 550 1906 622 pertinentibus

204 641 355 699 secundum
382 638 555 708 divinitatem
572 637 682 692 Christo
701 636 786 692 tribui
804 638 907 709 nequit
943 637 1039 691 Hiero·
1068 637 1169 692 multos
1189 636 1285 693 fovent
1303 655 1417 707 errores,
1437 643 1469 693 ut
1487 655 1537 692 suo
1554 638 1616 692 loeo
1637 637 1808 692 ostenditur

203 746 302 800 nymns
328 727 357 780 in
380 742 411 779 0.-
427 730 450 779 2.
477 724 611 795 Philipp:
646 724 719 787 Quia
744 741 774 778 se
803 733 942 777 0400444400
958 723 1040 778 homo
1102 729 1160 779 344.
1187 728 1215 777 2.
1236 724 1415 778 Calviniani:
1436 730 1457 780 1.
1477 724 1617 779 0404440444
1636 725 1904 778 4440004004044040-

203 813 351 868 lnms'liare
378 812 512 878 ‹lipnatas
538 819 593 878 est,
620 810 769 878 divinitas,
799 826 871 880 0000
894 810 1042 864 humiliari
1068 826 1119 879 000
1139 818 1271 864 naturam
1288 812 1460 865 exinanitum
1481 819 1507 865 et
1524 811 1678 864 0404404004
1698 826 1761 863 esse
1775 817 1904 866 04040044

204 920 258 955 000
275 906 383 968 potest,
411 915 483 960 enas,
512 915 561 966 pas
558 897 741 951 invadiatas
752 899 870 965 fuerat,
899 896 1040 959 exaltavit,
1068 896 1186 967 Bezap.
1208 904 1228 952 4.
1249 896 1333 968 Resp.
1352 897 1388 952 ad
1405 897 1505 969 colloq.
1523 916 1550 969 p.
1569 903 1609 952 96.
1648 896 1773 952 Sohnius
1786 897 1905 970 inlixeg.

202 988 255 1040 ssd
274 983 361 1039 atilli
379 985 513 1038 dossatam
532 993 571 1036 sst
591 1002 704 1052 nomen,
728 985 797 1053 0040
816 992 900 1037 antea
919 1001 973 1037 000
991 981 1039 1035 lsa-
1068 1001 1095 1053 p.
1124 988 1183 1039 246.
1232 983 1391 1038 Annua·
1383 1001 1412 1038 m
1440 984 1512 1054 apol.
1543 983 1636 1040 Germ.
1662 988 1764 1039 coum
1790 983 1903 1039 Elector.

205 1074 270 1128 hait.
307 1071 446 1142 Didymus
471 1070 607 1126 Alexand.
635 1070 681 1126 lib.
702 1077 726 1126 3.
752 1071 786 1126 40
806 1070 911 1141 Spiritu
929 1076 1041 1123 sancto:
1068 1089 1095 1140 p.
1114 1076 1173 1125 447.
1209 1068 1332 1124 lacobus
1353 1070 1390 1125 04
1403 1070 1519 1125 Portum
1537 1071 1642 1126 404000.
1662 1069 1711 1125 fid.
1731 1088 1761 1141 p.
1780 1076 1844 1135 269,
1866 1074 1904 1125 cui

208 1161 271 1213 Deo
306 1159 393 1212 Verbo
423 1157 564 1210 assistenti
592 1158 671 1212 Filio
699 1158 759 1211 Dei
787 1159 876 1210 040040
910 1164 1042 1209 creatora
1070 1172 1199 1211 erroneae
1225 1153 1372 1226 hypothesi
1399 1156 1565 1226 opponenda
1589 1161 1656 1210 sunt
1681 1163 1853 1226 argumenta
1876 1175 1905 1212 ex

207 1254 342 1315 tenplum
371 1244 433 1311 rapi
460 1243 642 1313 onsstipotents'
669 1244 782 1297 0044440
814 1250 861 1296 004.
910 1245 949 1296 Ε4
976 1260 1041 1311 qao·
1069 1246 1147 1295 textu
1170 1240 1322 1312 apostolico
1348 1240 1450 1312 Philip.
1472 1247 1495 1297 2.
1516 1241 1643 1312 superius
1667 1241 1824 1312 proposita
1859 1243 1904 1298 Po

206 1333 282 1385 04004
319 1330 364 1384 lie
396 1332 478 1383 Dens
507 1327 602 1401 Λόγος
631 1330 768 1384 loannem
800 1330 930 1383 0044044444
970 1346 1042 1382 eam·
1070 1327 1150 1382 lanus
1167 1326 1197 1381 in
1215 1327 1359 1399 syntagm.
1377 1327 1424 1383 4444.
1448 1333 1472 1396 6,
1497 1344 1521 1384 c.
1541 1333 1582 1382 22.
1602 1345 1631 1398 p.
1651 1332 1730 1385 2684.
1754 1327 1844 1382 utitur
1859 1329 1904 1383 hoc

207 1435 261 1488 000
285 1414 424 1470 maritans
446 1424 514 1486 post
537 1424 653 1470 mortem
677 1433 762 1487 saper
781 1431 875 1468 omnes
894 1415 1042 1484 principa·
1069 1420 1247 1484 argumento:
1276 1414 1311 1468 Ut
1332 1413 1462 1468 04444400
1481 1414 1634 1467 0040004044
1652 1429 1683 1467 40
1703 1413 1904 1483 quooddaita·

201 1512 270 1570 tna,
297 1510 452 1573 potestates
482 1510 508 1554 44
537 1502 652 1555 virtutes
684 1510 710 1555 et
741 1501 947 1555 dominationes
981 1518 1042 1554 con·
1070 1507 1131 1567 tem,
1149 1517 1205 1552 non
1224 1502 1348 1554 00000440
1365 1517 1394 1553 40
1411 1517 1461 1564 00,
1480 1500 1532 1553 sed
1549 1499 1720 1554 oamltando
1739 1517 1803 1555 eam
1819 1501 1848 1553 40
1865 1519 1904 1554 as

208 1590 314 1657 stituit,
345 1588 410 1641 hnic
433 1589 574 1656 (assumto
604 1587 727 1655 homini)
753 1604 847 1640 omnes
870 1587 967 1655 anpeli
985 1587 1045 1640 Dei
1070 1595 1160 1641 440040
1178 1589 1381 1663 semisermo:
1407 1587 1450 1640 440
1467 1604 1567 1639 russas
1584 1588 1682 1655 00004
1699 1589 1821 1641 eandem
1837 1588 1905 1641 0004-

201 1677 287 1745 jassa
315 1674 433 1741 sabjecti
458 1682 535 1743 sant,
570 1675 688 1727 00400400
713 1690 774 1727 snm
796 1674 876 1728 sasiri
897 1692 960 1727 0004
985 1674 1044 1727 Dei
1070 1681 1143 1726 40400
1170 1682 1210 1726 est
1230 1682 1362 1743 potenter
1388 1682 1414 1727 et
1433 1673 1554 1743 plene
1542 1690 1635 1741 ipsam
1653 1673 1890 1741 patefaciendo
1879 1693 1903 1727 ss

214 1761 316 1827 V,erbo
334 1778 396 1812 cnm
416 1759 446 1811 40
467 1713 567 1812 0400440
588 1760 689 1813 divinit
678 1760 747 1812 tatis
766 1760 817 1827 sit,
843 1768 869 1813 04
886 1766 914 1813 in
935 1759 1043 1814 nomine
1071 1776 1155 1811 carne
1179 1761 1348 1829 planificata.
1386 1759 1608 1830 Respondemus:
1639 1765 1661 1816 1.
1678 1775 1733 1814 nee
1760 1759 1903 1815 exinanitio

207 1848 269 1917 ejas
287 1864 342 1900 aon
360 1846 449 1900 solnm
468 1853 580 1899 terrena
598 1853 623 1899 et
644 1845 773 1914 inferna,
799 1847 851 1898 sed
876 1846 959 1899 ctiam
985 1862 1043 1899 000-
1071 1861 1122 1898 nec
1143 1845 1308 1902 exaltatio'
1300 1865 1330 1900 tn
1348 1852 1425 1900 textu
1444 1843 1599 1915 apostolice
1618 1860 1652 1899 eo
1671 1844 1758 1900 modo
1777 1845 1903 1901 definiun-

208 1933 293 1986 lestia
317 1950 389 1999 pena
410 1933 542 2000 flectant,
572 1938 597 1984 04
621 1931 711 1984 omisis
733 1931 831 1999 linpaa
857 1932 898 1984 ad
922 1930 1044 1998 ploriam
1071 1936 1123 1984 tur.
1161 1937 1183 1986 2.
1204 1930 1233 1986 Si
1251 1932 1400 1987 exinanitio
1419 1930 1576 1986 definienda
1592 1936 1636 1985 est
1654 1931 1844 1988 occultatione
1854 1933 1903 1987 des·

210 2020 291 2072 DEI
307 2017 406 2071 Patris
423 2018 521 2070 Jesam
539 2032 597 2071 esse
613 2018 767 2072 Dominam
785 2019 958 2087 confiteatur.
980 2016 1044 2071 Huc
1072 2017 1137 2070 tatis
1165 2024 1192 2072 et
1217 2017 1327 2073 divinae
1350 2018 1506 2088 potentiae,
1534 2017 1666 2072 exaltatio
1689 2033 1760 2073 vero
1788 2019 1904 2090 ejusden

150 2155 153 2158 .
207 2104 304 2160 referri
323 2109 440 2174 possunt
457 2103 550 2158 omnia
567 2110 740 2174 argumenta,
761 2104 862 2175 quibus
882 2104 1045 2159 insecundo
1072 2102 1273 2173 patefactione,
1304 2111 1364 2158 tum
1394 2103 1587 2158 exinanitionis
1618 2109 1713 2158 status
1745 2102 1829 2176 saepe
1859 2106 1906 2160 tuit

211 2207 312 2262 genere
336 2188 591 2245 communicationis
616 2190 687 2245 thesi
705 2207 778 2260 spec.
800 2196 824 2245 2.
848 2190 1045 2246 demonstravi
1073 2189 1276 2259 quodammodo
1294 2196 1383 2244 status
1404 2190 1577 2246 exaltationis
1594 2197 1623 2246 st
1641 2190 1705 2246 vics
1724 2208 1809 2249 versa
1838 2192 1905 2246 Nam

211 2294 281 2340 mus,
299 2274 412 2330 Christo
428 2275 531 2330 homini
550 2275 608 2331 sive
627 2276 778 2332 secundum
800 2276 948 2331 humanam
967 2283 1046 2331 natu·
1057 2272 1060 2293 '
1073 2274 1198 2329 Christus
1218 2274 1340 2330 in'statu
1360 2276 1552 2331 exinanitionis
1570 2277 1766 2344 manifestavit
1784 2282 1905 2348 0004440-

98 2372 138 2412 111.
151 2370 198 2413 stt.
211 2379 270 2416 ram
290 2363 357 2415 data
375 2377 434 2416 esse
453 2361 608 2417 donavere
632 2361 728 2416 divina
747 2368 775 2417 st
791 2361 905 2416 infinita.
945 2362 1047 2418 Confer
1073 2379 1125 2431 000
1142 2363 1264 2430 planiam
1283 2381 1362 2416 00040
1379 2363 1442 2419 Joh.
1465 2370 1493 2430 2,
1512 2381 1536 2415 r.
1559 2367 1598 2418 42.
1636 2368 1664 2418 3.
1683 2364 1821 2418 Nondum
1837 2367 1906 2417 side·

209 2447 340 2518 Append.
367 2446 428 2501 libr.
458 2446 591 2503 Concord.
619 2465 646 2518 p.
675 2453 734 2503 834.
775 2449 894 2520 Apolog.
922 2449 1046 2520 ejusdem
1072 2466 1133 2501 0044
1164 2448 1274 2501 litante
1305 2450 1399 2502 004040
1427 2449 1553 2517 00400040
1579 2465 1638 2502 esse
1665 2448 1757 2506 Hebr.
1784 2456 1815 2517 2,
1838 2468 1862 2506 r.
1881 2458 1906 2518 83

208 2551 236 2604 p.
256 2539 296 2589 36.
334 2532 473 2588 Chsmnic.
495 2533 530 2589 de
550 2533 658 2589 duabus
677 2535 783 2589 naturis
801 2552 825 2591 0.
847 2540 889 2590 25.
1073 2551 1139 2605 ergo
1154 2533 1278 2588 noudum
1295 2533 1421 2588 Christus
1439 2540 1512 2589 esset
1529 2535 1675 2591 exaltatm
1707 2542 1732 2590 4
1745 2535 1906 2601 Juxtnhnc

247 2625 304 2674 344.
347 2617 489 2674 Posterius
519 2625 574 2674 est:
610 2621 772 2688 Exultats'o,
802 2638 887 2690 qnam
914 2621 1047 2675 0404044444
1073 2619 1262 2675 definitionem
1283 2620 1366 2675 etiam
1392 2619 1469 2674 Patri
1493 2619 1579 2674 tribui
1601 2627 1700 2690 posset
1718 2622 1906 2678 emmisset

210 2705 368 2776 apostolas,
384 2698 443 2759 'non
457 2707 664 2775 praesupponit
682 2707 871 2763 omnimodam
891 2708 1046 2760 ceremiam
1073 2706 1217 2775 exaltatio,
1244 2707 1356 2777 quando
1382 2706 1489 2760 scilicet
1510 2704 1644 2761 auxilium
1663 2723 1749 2762 suurn
1768 2709 1847 2779 pn‘us
1862 2708 1906 2761 dii-

210 2800 239 2847 et
253 2791 407 2844 absentiam
421 2791 534 2844 divinae
547 2794 715 2862 majestatis,
727 2795 877 2863 potestatis
892 2802 918 2849 et
928 2793 1047 2863 0404404,
1073 2793 1142 2862 fert,
1168 2799 1266 2863 postea
1284 2808 1350 2848 vero
1367 2792 1520 2862 potentiam
1536 2793 1669 2848 adversus
1690 2792 1788 2849 hostes
1807 2795 1905 2850 exserit.

211 2878 313 2947 qnippe
346 2893 418 2945 0000
443 2894 499 2945 per
528 2879 659 2933 4404044004
682 2880 864 2948 personalem
886 2881 952 2949 jam
982 2889 1046 2933 0040
1074 2879 1175 2935 Confer
1193 2879 1229 2934 D.
1248 2878 1380 2946 Menam
1400 2879 1429 2933 in
1448 2879 1519 2950 disp.
1537 2885 1635 2934 0004το
1652 2878 1828 2935 Martialem

210 2963 325 3018 Christo
352 2972 413 3016 erat
440 2965 654 3033 communiente,
686 2968 739 3020 sed
768 2967 858 3034 insert
884 2966 1046 3035 plenariam
1109 2971 1167 3020 345.
1204 2971 1228 3021 2.
1251 2964 1454 3024 Exultationem
1475 2964 1611 3019 definiunt
1628 2982 1679 3036 per
1698 2964 1839 3021 donorum
1856 2966 1906 3020 fini-

212 3054 352 3104 ‹lnntaaat
374 3050 453 3104 illim
475 3052 631 3119 majestatis
651 3061 676 3105 04
695 3052 815 3106 demitrii
831 3069 924 3120 asans,
952 3071 987 3106 ae
1004 3071 1046 3108 so·
1073 3057 1163 3107 torum
1190 3051 1325 3108 dumtaxat
1349 3051 1639 3106 communicationem
1686 3049 1773 3107 Sohn.
1799 3058 1865 3108 tom
1890 3061 1905 3109 4.

211 3138 331 3204 lennem,
362 3137 405 3190 044
431 3136 567 3205 diutinas,
593 3137 851 3192 inthronisatioaem
879 3138 985 3193 carati
1007 3141 1049 3192 acl
1075 3138 1157 3209 Oper.
1182 3138 1254 3208 disp.
1281 3143 1303 3191 4.
1330 3137 1369 3192 th.
1397 3143 1446 3192 55:
1485 3137 1632 3191 Esaltatio
1661 3153 1713 3191 000
1742 3140 1907 3207 plon'sicatio

207 3225 325 3293 plenam
351 3231 377 3275 et
400 3224 559 3292 perfectam
583 3223 703 3276 dominii
727 3227 877 3279 secandam
896 3226 1046 3279 4400400040
1075 3224 1181 3278 Christi
1211 3225 1363 3277 0000044040
1392 3224 1543 3276 hantunam
1571 3229 1704 3276 naturam
1734 3225 1811 3278 nihil
1835 3226 1908 3279 04404

211 3319 343 3363 stateram
361 3309 419 3376 4004
436 3311 500 3362 clati
518 3310 737 3378 00040404400040.
767 3310 946 3366 Confirmatio
964 3311 1047 3382 hujus
1075 3319 1131 3378 est,
1165 3327 1248 3379 qnam
1281 3309 1449 3378 qualitatum
1475 3309 1620 3372 4404404400
1644 3327 1695 3363 sess
1720 3312 1860 3366 donorum
1884 3312 1906 3364 in

211 3395 368 3467 porismatis
386 3395 508 3466 petenda
525 3413 559 3450 ex
579 3395 647 3464 illis,
673 3412 744 3466 quae
763 3397 797 3452 de
816 3398 1001 3453 exinanitione
1021 3405 1049 3454 et
1074 3391 1180 3450 natare
1203 3396 1328 3449 hnmana
1351 3404 1486 3465 tanquam
1512 3397 1542 3448 in
1563 3396 1687 3463 sabjecta
1710 3415 1767 3466 per
1787 3401 1907 3452 deitatem

212 3484 377 3541 exaltatione
396 3482 497 3537 Christi
517 3482 592 3537 dicta
610 3482 699 3551 fuere,
717 3482 853 3539 hactenus
871 3491 899 3539 et
916 3484 945 3538 in
964 3502 1048 3555 quae-
1073 3483 1260 3553 personaliter
1289 3482 1489 3535 inhabitantem
1516 3484 1620 3551 effectio
1647 3490 1674 3536 04
1701 3485 1779 3538 uelut
1805 3487 1907 3552 cremia

212 3568 347 3624 stionibus
368 3568 534 3639 paulopost
554 3567 689 3623 dicentur.
1075 3588 1109 3623 00
1135 3585 1236 3637 penore
1262 3585 1313 3622 000
1340 3570 1432 3638 specie
1459 3587 1514 3624 000
1539 3570 1635 3638 differt
1661 3586 1682 3621 a
1709 3570 1907 3640 plortflsatioss

225 3661 305 3711 342.
341 3654 440 3710 Thesis
461 3662 485 3711 4.
522 3655 568 3710 Ad
590 3660 693 3709 statum
714 3655 888 3710 exaltationis
911 3656 1049 3727 pertinent
1076 3658 1218 3710 beatorum
1244 3655 1410 3724 anpeloram
1435 3663 1460 3708 44
1487 3656 1642 3722 4404440040,
1669 3658 1725 3709 ssd
1751 3659 1909 3726 0004444044,

200 3743 362 3796 ‘descensus
386 3742 422 3795 ad
449 3740 565 3810 inferos,
601 3742 765 3797 resurrectio
789 3758 822 3796 ox
846 3742 973 3814 mortuis,
1000 3743 1048 3797 ad·
1076 3744 1127 3795 lma
1160 3750 1199 3794 est
1228 3741 1406 3794 tristitudine
1433 3749 1458 3793 st
1488 3742 1691 3810 mapns'tasline.
1740 3741 1908 3800 (4004400400

213 3827 319 3883 seensio
345 3827 381 3882 ad
409 3827 501 3881 000400
526 3835 554 3883 04
580 3829 666 3883 sessio
694 3829 728 3881 ad
756 3828 810 3883 Dei
836 3829 968 3883 dextram.
1004 3829 1048 3885 De
1075 3827 1188 3898 probari
1207 3831 1300 3898 potest
1317 3842 1351 3880 ex
1369 3826 1470 3896 Ephes.
1491 3834 1518 3895 4,
1543 3846 1569 3881 v.
1591 3834 1630 3883 26.
1669 3827 1777 3901 Philip.
1798 3838 1829 3899 2,
1848 3849 1872 3884 v.
1888 3841 1907 3883 ‘s

212 3912 288 3968 hisce
311 3911 420 3967 astibus
447 3915 482 3966 ad
516 3918 619 3968 statum
646 3913 820 3968 exaltationis
845 3915 1048 3983 pertinentibus
1076 3913 1162 3968 Hebr.
1184 3919 1212 3981 4,
1232 3930 1256 3969 ν.
1280 3919 1326 3974 43;
1359 3920 1382 3968 3.
1405 3913 1618 3968 exinanitionem
1638 3920 1668 3968 et
1684 3913 1795 3974 formae
1813 3918 1909 3974 serviti.

212 4007 271 4054 tum
304 3998 332 4053 in
366 3998 554 4069 disputatione
579 3998 614 4054 de
639 4000 839 4055 resurrectione
862 3999 964 4054 Christi
990 4007 1048 4055 tum
1076 4000 1271 4055 assumtionem
1296 4000 1330 4055 de
1356 4000 1545 4056 incarnatione
1570 3998 1735 4070 simpliciter
1757 4004 1908 4075 accipiuntt

213 4087 242 4141 in
259 4085 403 4141 harmonia
422 4085 584 4158 evangeliea
603 4085 737 4140 latissime
755 4085 808 4141 fuit
825 4092 926 4142 actum.
1047 4153 1051 4161 .
1077 4095 1099 4143 4.
1119 4088 1154 4142 40
1171 4086 1279 4141 actibus
1297 4087 1334 4140 ad
1352 4093 1454 4142 statum
1476 4084 1670 4143 exinanitionis
1690 4094 1720 4142 et
1738 4090 1908 4146 exaltahonis

139 4203 149 4214 ·
249 4180 307 4229 343.
343 4173 513 4226 Antithesis:
538 4178 562 4226 1.
580 4173 710 4228 Jmnitae
730 4173 885 4226 doctrinam
905 4171 940 4227 de
957 4171 1049 4228 exina-
1075 4170 1278 4244 pertinentibus
1305 4172 1405 4227 multos
1433 4171 1531 4227 fovent
1556 4189 1676 4240 errores,
1710 4180 1742 4228 ut
1776 4194 1829 4230 suo
1855 4176 1946 4231 locaHL

160 4263 166 4277 ’
215 4259 320 4314 uitione
341 4267 370 4316 et
393 4258 559 4315 exaltatione
583 4256 686 4330 Christi
709 4258 803 4312 multis
828 4258 917 4312 modis
939 4276 1049 4329 perser-
1076 4258 1316 4316 demonstrabitur.
1365 4258 1466 4314 Confer
1492 4257 1593 4328 disput.
1620 4264 1643 4313 8.
1672 4259 1712 4314 40
1739 4261 1834 4332 gloria
1863 4261 1908 4317 nst

212 4351 290 4400 mat:
323 4352 345 4401 4.
366 4345 581 4400 exinanitionem
607 4352 635 4401 st
658 4343 764 4400 formae
781 4343 888 4399 servilis
905 4345 1050 4401 assumtio·
1076 4343 1103 4421 ξ.
1128 4353 1166 4402 lt.
1188 4350 1217 4400 et
1236 4363 1312 4416 seqq.

213 4449 276 4488 nem
300 4431 427 4488 absolute
450 4438 478 4487 et
500 4430 661 4486 immediate
686 4430 723 4485 de
748 4446 832 4501 opere
854 4431 1050 4487 incarnationis
1112 4438 1169 4490 346.
1206 4430 1396 4497 Quaeriturh
1419 4430 1451 4485 l.:
1480 4437 1505 4486 4.
1525 4432 1572 4484 An
1596 4432 1752 4487 eainaaits'o
1778 4432 1952 4491 4044041040

214 4524 363 4589 exponunt
400 4517 507 4574 Comei
533 4535 550 4572 0
575 4516 677 4588 Lap'
669 4533 699 4571 m
722 4533 819 4572 comm.
842 4517 915 4575 Phil.
936 4525 960 4574 2.
991 4519 1064 4575 Sal-
1062 4521 1215 4582 scribatur
1245 4537 1301 4589 per
1332 4515 1452 4616 4ρὺοι4,
1489 4518 1625 4571 0440440440
1656 4536 1711 4617 per
1745 4530 1948 4596 00000000..Ι
1919 4494 1952 4574 lin

213 4622 308 4660 meson
324 4604 393 4660 ibid.
429 4607 456 4660 2.
478 4605 634 4659 Sessionem
653 4606 695 4657 ad
712 4605 773 4657 Dei
790 4605 956 4673 dextram,
948 4624 977 4660 m
995 4624 1051 4678 qua
1075 4606 1298 4677 Respondemus.
1330 4611 1352 4659 4.
1374 4605 1468 4675 siper
1491 4603 1598 4678 κρύψιν
1623 4602 1682 4660 siv'e
1700 4598 1952 4678 occultationem&

213 4690 317 4747 Christi
336 4690 467 4746 exaltatio
485 4690 636 4762 praecipue
656 4690 796 4759 consistit,
815 4694 913 4746 datam
931 4710 989 4747 esse
1007 4695 1049 4747 ds'-
1076 4693 1221 4747 0440040440
1245 4691 1431 4764 intelligatur,
1461 4708 1596 4762 negamus
1623 4692 1839 4751 exinanitionem
1860 4700 1952 4781 per‘f:

213 4787 278 4831 0004
299 4777 469 4831 inmanitati
484 4796 540 4831 non
560 4779 589 4831 in
607 4796 645 4843 se,
665 4778 747 4831 sesi
735 4797 765 4831 sn
782 4780 936 4848 supposito,
964 4798 1063 4889 neque
1061 4748 1064 4819 l
1076 4797 1137 4835 eam
1157 4777 1381 4846 describendam,
1402 4777 1469 4849 quia
1485 4777 1540 4830 fuit
1556 4793 1623 4832 vera
1643 4784 1672 4833 et
1689 4779 1776 4834 realis
1793 4781 1907 4835 0040004-

213 4866 287 4919 enisa
311 4866 422 4931 sactum
450 4881 522 4926 0400,
551 4873 581 4917 04
603 4865 798 4918 4004044400·
786 4884 817 4918 m
836 4882 866 4919 se
888 4867 985 4919 sedeat
1010 4848 1064 4925 044
1075 4867 1123 4930 440,
1144 4883 1217 4938 0000
1234 4865 1379 4935 complexa
1394 4864 1449 4919 fuit
1466 4863 1556 4919 tum’
1544 4863 1634 4937 α’ρσιν,
1650 4863 1706 4920 hoc
1727 4871 1772 4922 est
1789 4867 1907 4922 minotio

208 4953 339 5006 dextram
362 4950 449 5017 Dei,
470 4951 523 5003 004
549 4959 580 5003 04
605 4951 642 5007 sit
666 4950 826 5004 hnmanitas
851 4952 931 5005 illins
951 4968 1064 5021 parson
1075 4969 1139 5009 nem
1157 4971 1239 5020 usus,
1255 4967 1313 5006 non
1332 4950 1496 5021 cujuslibet,
1523 4952 1572 5006 sed
1592 4951 1712 5021 plenarii
1730 4954 1908 5007 communion·

115 5031 126 5050 ‘
212 5056 279 5103 nae,
313 5055 385 5106 qaae
420 5037 497 5090 440404
526 5038 568 5089 04
595 5037 724 5090 dostram
752 5037 819 5090 Dei.
864 4994 1120 5109 Bellarminusltae
1146 5038 1256 5094 divinae
1278 5037 1432 5107 majestatis
1457 5042 1486 5092 et
1508 5036 1631 5104 virtutis,
1657 5053 1745 5107 quam
1773 5040 1908 5109 apostolus

211 5123 258 5177 lib.
278 5130 302 5180 3.
323 5124 358 5179 de
377 5121 486 5179 Christo
510 5139 533 5177 c.
555 5130 594 5179 45.
632 5131 654 5179 3.
678 5122 882 5179 Exultationem
905 5130 933 5179 at
951 5125 1048 5180 sessio·
1060 5116 1063 5199 4
1075 5131 1157 5182 vocat
1176 5126 1302 5186 0440040,-
1320 5130 1380 5178 tum
1400 5128 1486 5187 444044,
1505 5122 1531 5177 h.
1552 5141 1576 5179 e.
1593 5122 1795 5179 assumtionem
1809 5126 1908 5180 servihs

211 5225 275 5263 nem
303 5209 341 5264 ad
370 5208 434 5263 Dei‘
457 5209 581 5265 dextrm
610 5216 752 5280 exponunt
780 5212 897 5278 definita
924 5202 1179 5280 qaedamlformae
1207 5218 1235 5266 et
1258 5216 1408 5265 extremam
1430 5208 1661 5268 humiliationem,
1688 5224 1776 5278 quam
1799 5211 1905 5266 assisa

207 5296 337 5362 potentia
361 5304 387 5350 44
411 5295 535 5349 domimo
561 5297 695 5359 absentis,
727 5296 798 5351 sicut
822 5313 869 5351 rex
895 5297 1048 5369 Hispaniae
1074 5298 1215 5369 apostolus
1233 5295 1394 5366 conjungit,
1413 5295 1485 5348 sicut
1503 5312 1519 5350 e
1536 5291 1672 5350 00040040
1687 5295 1823 5352 exaltatio
1841 5314 1907 5352 com·

212 5397 263 5450 per
283 5381 400 5437 vicarios
419 5398 482 5436 suos
500 5381 530 5435 in
550 5382 627 5437 novis
645 5382 741 5437 insulis
760 5381 928 5452 dominetur,
956 5402 989 5440 aa
1012 5403 1048 5441 ne
1074 5385 1220 5456 0400444οη
1244 5390 1304 5438 tum
1322 5379 1418 5455 ἄρσιν,
1438 5381 1566 5437 videlicet
1584 5379 1788 5451 depositionem
1808 5384 1908 5439 00044440

212 5464 281 5538 quid
311 5467 384 5523 desit
417 5468 566 5540 impietati,
605 5469 727 5540 disputat
755 5470 940 5525 Bellarmhrus
972 5472 998 5528 d.
1030 5472 1179 5532 ltformas
1205 5487 1240 5526 ac
1265 5467 1455 5524 infirmitatum
1475 5467 1668 5531 humanarum,
1694 5485 1767 5538 quas
1786 5469 1908 5527 Christus
