3984 6022
781 280 833 337 DE
853 277 1013 338 NATURA
1030 277 1104 334 DEI.
1724 280 1784 339 ³17

92 458 165 513 quas
189 442 218 496 iu
242 440 303 497 Deo
327 441 457 512 ponenda
479 445 545 496 sunt
567 457 631 495 oum
663 438 744 495 modo
777 434 926 508 superemi-
954 449 1063 489 omnem
1081 439 1204 488 nostram
1220 431 1367 499 fiduciam,
1387 445 1495 484 omnem
1512 444 1603 500 spem,
1623 425 1789 483 desiderium

91 528 204 584 uentae
235 544 319 599 super
342 529 464 583 omnium
486 535 640 584 meatorum
664 542 756 580 rerum
781 523 927 578 essentiam
953 536 1033 575 omne
1052 519 1136 574 fixum
1154 518 1313 574 habeamus.
1350 516 1404 583 Qui
1429 514 1588 570 transitoria
1610 518 1698 582 amat,
1725 529 1788 567 cum

91 629 125 667 ac
139 613 237 668 vitam:
256 614 359 668 Psalm.
381 620 436 682 lot,
454 630 480 668 v.
499 620 539 669 27.
571 611 676 668 l'Pim.
694 617 717 680 6,
736 628 762 667 r.
784 616 822 666 16.
854 608 927 663 Hinc
953 605 1117 661 transitoriis
1137 605 1244 673 interit3
1264 603 1312 676 qui
1331 603 1392 658 Deo
1410 601 1559 658 immortali
1577 605 1606 654 et
1624 599 1787 669 incorrupti·

92 699 171 755 Deus
186 717 241 755 non
260 700 349 756 solum
367 699 469 755 dicitur
486 716 546 755 esse
564 715 596 753 ac
614 697 744 753 tribuitur
760 696 814 794 ipsi
826 710 926 751 nomen
954 690 1003 745 bili
1022 693 1174 762 perfidem
1192 698 1220 747 et
1238 707 1358 746 amorem
1376 689 1517 756 adhaeret,
1535 687 1568 741 ht
1585 703 1656 741 unus
1676 685 1788 757 spiritus

90 784 231 855 dehorah,
264 786 313 842 sed
345 787 428 841 etiam
457 785 551 841 virere
581 801 614 840 ac
644 782 781 841 dicitur'
773 798 834 853 rpsa
860 779 926 849 rita,
953 783 1059 833 etcum
1078 779 1139 849 ipso
1158 779 1186 833 in
1205 783 1346 833 aeternum
1365 776 1441 831 visit.
1465 772 1630 828 Immortalis
1642 772 1789 828 astauima

92 888 208 942 quorum
252 880 380 929 neuuum
422 888 455 927 eo
492 872 574 926 modo
614 871 747 926 creaturis
785 866 925 938 competit.
951 869 1046 918 nostm
1069 872 1098 919 st
1121 864 1158 919 ad
1183 863 1417 918 immortalitatem
1445 860 1557 917 condita
1582 877 1638 915 uon
1665 858 1781 913 sadatur

90 957 185 1022 Qua
224 959 295 1022 Qrsot
316 960 408 1013 modis
433 960 492 1012 cito
516 959 576 1012 Dei
600 957 815 1024 manifestatae!
840 953 924 1024 liesp
953 966 1009 1004 non
1028 950 1155 1022 quiescit,
1175 951 1228 1005 nisi
1247 951 1275 1004 in
1286 949 1347 1006 Deo
1367 946 1513 1003 immortali
1531 952 1559 1001 et
1577 915 1788 1015 incorruptibili.

53 1085 61 1100 .
91 1042 158 1100 Vita
173 1045 228 1100 Dei
247 1052 290 1099 ast
306 1051 393 1115 actus,
413 1062 468 1116 quo
486 1043 605 1100 meantia
623 1043 718 1098 divina
736 1058 766 1098 se
782 1046 925 1097 actuosam
949 1035 1052 1093 Psulm
1071 1043 1111 1108 tt,
1129 1054 1156 1092 v
1178 1044 1217 1094 tt.

91 1146 153 1186 asse
171 1130 355 1201 demonstran
374 1131 464 1186 tribus
483 1138 576 1187 autem
594 1129 696 1199 modis,
714 1136 746 1184 ut
763 1126 926 1184 scholastici

91 1217 204 1285 docent,
229 1218 349 1273 essentia
374 1217 468 1272 dirim
492 1234 522 1273 se
542 1224 686 1272 actuosam
709 1231 769 1270 esse
789 1212 924 1270 ostendit:

92 1305 252 1373 Intellecta,
276 1305 418 1379 oolnntotc
441 1313 467 1358 et
482 1305 609 1374 potentio
626 1303 733 1372 aenos·
736 1323 747 1371 ,·
773 1300 841 1358 haec
860 1314 926 1370 crgo

90 1390 146 1445 tria
164 1390 303 1445 advitam
321 1390 375 1444 Dei
393 1391 545 1461 pertinent:
564 1389 734 1456 lutedcctus,
751 1386 880 1443 voluntas
899 1390 928 1440 et

90 1475 194 1548 agendi
221 1476 353 1547 potentia.
397 1477 449 1543 Qu.
477 1481 500 1532 3.
537 1479 585 1530 An
611 1477 693 1530 Deus
716 1481 789 1527 recto
815 1473 928 1526 dicotur
1199 1513 1419 1577 Homo
1458 1511 1530 1574 VH

92 1565 215 1617 omnium
231 1564 379 1618 mosenum
397 1564 475 1617 cito!
508 1561 592 1635 Besp.
612 1578 668 1617 nou
685 1559 850 1627 formaliter,
878 1557 928 1614 sed
1532 1555 1539 1572 ⁰

91 1648 511 1720 consummerentur
532 1649 637 1705 dcciv.
655 1647 752 1703 Deio.
773 1643 928 1702 menime
1102 1653 1165 1720 Dp
1195 1653 1283 1720 DEI
1312 1649 1640 1719 INFINITATE

91 1754 150 1790 non
168 1744 208 1790 est
228 1737 286 1791 Des
303 1737 412 1807 portio,
437 1738 488 1790 scel
504 1735 643 1803 conditio,
667 1736 716 1803 qui
737 1751 794 1788 non
814 1739 855 1785 cst
871 1747 928 1784 om·
994 1746 997 1752 ·

91 1842 171 1876 narem
195 1824 304 1891 animo,
331 1826 382 1877 sed
406 1824 456 1892 qui
473 1823 575 1892 fecit'
576 1839 682 1876 omnem
708 1821 844 1887 animam,
875 1834 928 1887 quo
992 1827 1048 1878 162.
1083 1822 1191 1880 'I'hesis
1221 1824 1301 1878 Deus
1319 1839 1382 1877 scre
1400 1829 1440 1875 est
1446 1820 1591 1887 infinitos.
1626 1816 1681 1871 Per
1698 1814 1787 1870 infini-
1801 1823 1892 1916 ffl-

92 1910 155 1963 eolo
175 1909 334 1963 illustrante
351 1927 447 1963 onemo
464 1911 496 1976 fit
514 1910 603 1979 moto,
622 1908 726 1978 atejus
746 1905 859 1974 proiice
873 1921 930 1956 non
954 1912 1040 1965 tatem
1063 1909 1228 1981 intelligitur
1252 1909 1317 1965 telis
1339 1908 1508 1981 proprietas,
1534 1905 1608 1978 quod
1633 1903 1709 1958 Deus
1737 1917 1788 1955 nec

92 1997 276 2064 4141491440·
321 1995 373 2061 Qu·
398 2002 421 2053 4.
460 1998 508 2050 An
530 1998 611 2050 Deos
635 1992 746 2060 ductes
768 2000 794 2045 ot
816 1990 929 2060 impoti·
954 2000 1078 2066 tempore
1103 2013 1155 2051 nac
1177 1995 1238 2051 loco
1259 2013 1311 2052 nec
1328 1995 1387 2051 ulla
1405 2012 1436 2050 rc
1452 1993 1508 2049 alia
1524 1991 1597 2047 liniri
1616 1992 1716 2063 possit,
1739 1989 1788 2044 sed

93 2081 180 2136 ldis!
211 2082 296 2153 Besp.
314 2080 406 2152 Dens',
422 2089 455 2136 nt
471 2080 547 2137 solus
564 2085 607 2136 est
624 2078 785 2151 simpliciter
802 2077 929 2132 immuta·
956 2097 1008 2137 sua
1024 2089 1125 2137 natura
1143 2087 1172 2139 st
1187 2082 1322 2148 menda,
1346 2088 1425 2150 actu,
1447 2079 1621 2152 simplicitas,
1645 2094 1695 2148 per
1713 2093 1743 2132 se
1760 2082 1789 2132 ct

93 2168 159 2224 bilis
177 2174 205 2223 et
223 2164 397 2235 immortalis,
423 2168 463 2222 sio
481 2166 564 2222 ctiam
582 2166 658 2222 solus
673 2164 801 2220 absolute
819 2167 848 2219 et
866 2162 929 2217 sim·
954 2169 1081 2224 absolute
1106 2167 1143 2223 eit
1168 2168 1302 2225 infinitne,
1345 2167 1515 2240 Intelligitm
1542 2172 1564 2224 1.
1587 2182 1643 2221 non
1669 2161 1790 2219 infinitas

93 2255 204 2325 pliciter
235 2259 278 2310 est
303 2253 472 2324 impatibilis.
511 2253 563 2306 Est
590 2269 640 2308 ens
666 2249 813 2306 infinitum.
853 2249 929 2320 Ergo
955 2271 1102 2328 corporeae
1121 2255 1285 2328 quantitatis
1304 2270 1356 2311 nec
1376 2254 1554 2322 extensionis,
1575 2242 1626 2307 ssd
1653 2249 1790 2307 essentiae

93 2346 208 2412 propter
229 2340 301 2396 banc
323 2339 488 2396 infinitatem
511 2339 580 2394 nihil
599 2344 693 2410 potest
710 2338 740 2392 in
757 2353 820 2393 eum
837 2352 929 2408 cgere,
955 2346 984 2396 et
1005 2341 1197 2412 perfectionis3
1233 2347 1257 2399 2.
1281 2359 1337 2398 non
1359 2341 1482 2396 infinitas
1498 2339 1650 2411 privativa,
1674 2337 1724 2392 sed
1741 2352 1788 2392 no
1803 2351 1842 2392 ιιι.
1858 2349 1903 2392 ιιι.

93 2444 160 2482 cum
178 2427 270 2482 omnia
285 2431 396 2497 praeter
411 2426 504 2481 Deum
521 2428 576 2481 sint
592 2425 685 2492 finita,
705 2441 777 2497 quas
795 2441 850 2479 nou
868 2439 931 2493 pos·
954 2428 1057 2500 gatira
1092 2428 1234 2483 Privative
1262 2427 1449 2484 non-finitum
1481 2433 1536 2494 cst,
1568 2425 1643 2498 quod
1668 2423 1790 2478 nondum

93 2520 162 2569 sunt
179 2531 262 2584 agere
281 2513 310 2567 in
328 2512 472 2567 infinitum.
509 2512 561 2567 Est
582 2528 632 2567 ens
650 2510 883 2583 simplicissimum
903 2514 932 2563 et
955 2522 998 2571 eet
1026 2521 1184 2572 assecutum
1216 2515 1342 2571 ultimam
1369 2530 1448 2570 enen
1473 2512 1684 2584 perfectionem,
1718 2507 1790 2562 sicut

93 2617 188 2655 merus
206 2606 292 2655 actis.
328 2598 404 2671 Ergo
427 2605 540 2670 propter
560 2599 631 2654 hanc
650 2598 786 2654 essentiae
802 2596 932 2668 simplici·
955 2601 1046 2656 foetus
1071 2603 1099 2656 in
1127 2608 1214 2658 utero.
1251 2600 1445 2660 Non-linitum
1476 2597 1605 2671 negative
1631 2601 1688 2665 est,
1715 2595 1790 2668 quod

93 2695 182 2744 tatem
200 2703 255 2742 uon
272 2693 365 2758 potest
381 2686 465 2740 ullius
486 2686 609 2757 recipcre
633 2686 778 2741 actionem.
812 2685 864 2739 Est
884 2701 931 2738 eus
956 2689 997 2742 ite
1015 2695 1091 2744 earet
1106 2689 1222 2744 termine
1243 2695 1272 2744 et
1289 2686 1467 2756 limitatione,
1491 2692 1523 2741 ut
1543 2683 1617 2740 finiri
1633 2688 1663 2739 et
1680 2681 1791 2737 limitari

94 2774 293 2845 independens.
335 2772 411 2844 Ergo
443 2778 556 2843 propter
589 2772 833 2843 independentiam
863 2768 932 2824 nihil
957 2790 1009 2830 nec
1029 2775 1131 2831 debent
1149 2791 1201 2830 nec
1220 2775 1315 2846 possit.
1352 2773 1424 2830 Item
1444 2771 1579 2845 privativa
1595 2769 1733 2826 inlinitum
1751 2766 1792 2822 di-

94 2879 161 2917 sum
181 2865 274 2931 potest
296 2876 395 2930 cogere
419 2858 464 2914 rel
486 2865 599 2916 mutare.
637 2857 667 2915 si
692 2859 783 2913 dicas:
808 2859 889 2911 Deos
913 2873 933 2908 a
957 2861 1030 2917 citur
1044 2861 1081 2926 id,
1100 2863 1174 2933 quod
1194 2862 1246 2917 etsi
1265 2861 1349 2917 finem
1364 2866 1430 2916 actu
1438 2862 1498 2931 jam
1511 2856 1672 2927 nonhabet,
1689 2854 1793 2912 habere

90 2949 154 3018 piis
176 2947 343 3014 honoratur,
363 2947 399 2999 ob
417 2946 512 3014 impiis
529 2946 685 3014 ipnoms'ns'o
702 2945 843 3013 officitur,
866 2959 932 3010 erpo
956 2954 1049 3004 tamen
1067 2953 1175 3019 potest,
1198 2955 1229 3004 ut
1248 2949 1403 3020 quantitee3
1428 2946 1572 3018 negative,
1594 2945 1669 3017 quod
1689 2941 1792 3013 simpli-

95 3033 198 3102 tw'pt'l
226 3033 362 3086 actionem
389 3039 415 3085 44
438 3032 610 3100 immonem,
644 3028 871 3102 distinguendum
889 3034 932 3084 etl
956 3036 1026 3092 citer
1047 3053 1103 3090 non
1125 3034 1209 3090 habet
1230 3033 1321 3091 finem
1357 3040 1380 3090 3.
1405 3032 1537 3101 Quamvis
1564 3037 1676 3103 etymon
1692 3027 1792 3084 infiniti

94 3119 169 3175 inter
192 3118 338 3188 pwionet,
357 3119 449 3172 nolet
472 3126 498 3171 44
525 3117 737 3179 ἱιῑὶθιῑΰίθπαῖθθ,
764 3116 932 3185 wbjwit'vflt
956 3129 1067 3178 tantum
1089 3122 1218 3193 respiciat
1240 3120 1337 3190 finem,
1364 3120 1530 3192 intelligitur
1549 3125 1645 3174 tamen
1663 3132 1722 3171 esse
1738 3121 1792 3171 tar·

96 3213 124 3259 et
142 3205 342 3273 terminativae,
361 3204 590 3258 transmutatione
605 3220 640 3256 oo
654 3202 785 3272 σχετικάς.
813 3200 931 3267 Quando
957 3208 1049 3263 minue
1071 3224 1089 3261 a
1106 3224 1173 3278 que,
1192 3211 1224 3262 nt
1240 3205 1364 3260 infinitae
1383 3207 1421 3260 eit
1436 3221 1470 3260 ae
1490 3204 1600 3258 dicatur
1616 3203 1707 3272 Deus,
1726 3205 1793 3274 qnia

95 3290 176 3346 Deus
197 3290 234 3345 ab
257 3290 348 3361 impiis
371 3289 593 3360 blasphematur,
620 3288 688 3344 haec
705 3304 761 3343 non
779 3294 821 3343 ast
838 3287 931 3358 passio
957 3310 1009 3349 nee
1033 3293 1200 3365 principium
1219 3310 1271 3349 nee
1294 3293 1377 3347 finem
1395 3291 1488 3348 hebet
1523 3296 1548 3346 4.
1571 3284 1714 3344 Infinitum
1732 3287 1792 3359 phi-

95 3377 188 3445 realis‚
208 3376 364 3446 subjectiva
381 3380 410 3430 ct
428 3377 648 3446 commutatico,
667 3375 739 3430 sicut
756 3390 830 3445 aqua
840 3371 933 3428 calefit
957 3380 1077 3452 leeephie
1104 3385 1147 3436 eet
1168 3378 1268 3450 triplex
1291 3379 1443 3434 eeeundum
1463 3376 1660 3445 substantiam,
1683 3374 1791 3447 quanti-

95 3464 135 3520 uh
157 3464 235 3536 igne,
263 3463 312 3517 sed
336 3462 538 3532 intentionalis,
562 3463 738 3518 terminatim
762 3479 795 3517 ac
817 3458 932 3532 σχετική,
957 3473 1058 3536 tatem,
1083 3465 1242 3522 continuam
1268 3466 1376 3523 scilicet
1397 3465 1443 3521 rel
1466 3465 1627 3533 discretam,
1651 3469 1680 3518 et
1697 3478 1792 3517 sacun-

98 3552 173 3606 sicut
190 3566 264 3621 aqua
280 3549 391 3605 videtur
407 3549 443 3604 ab
462 3550 542 3604 oculo
560 3549 688 3606 humano.
959 3555 1025 3609 dum
1051 3553 1219 3625 qualitatem.
1257 3552 1291 3608 In
1316 3553 1399 3609 rebus
1422 3551 1522 3609 creatis
1547 3567 1603 3607 non
1627 3549 1709 3606 datur
1728 3554 1793 3604 actu

28 3664 30 3688 ι
136 3642 193 3694 tot.
233 3637 305 3690 Usus
330 3637 476 3707 practicae
503 3637 713 3690 ectortotosins.
758 3637 816 3692 Nos
841 3633 934 3690 miseri
960 3639 1097 3695 infinitum
1123 3656 1174 3695 nec
1203 3640 1357 3695 secundum
1386 3636 1584 3707 substantiam,
1613 3635 1679 3709 quia
1705 3633 1794 3690 omnis

45 3722 54 3731 '
98 3716 260 3780 homunculi
289 3729 401 3795 propter
428 3728 574 3794 paccatum
604 3723 686 3779 morti
718 3739 813 3778 omnes
839 3738 934 3777 sumus
960 3732 1052 3782 creata
1069 3725 1226 3782 substantia
1243 3733 1286 3782 est
1298 3725 1458 3797 composita,
1475 3740 1527 3779 nec
1541 3723 1692 3779 secundum
1707 3737 1793 3793 qnan-

98 3811 225 3881 obnoxii,
250 3828 344 3864 ornnes
365 3812 499 3865 morimur·
523 3819 548 3864 et
572 3812 654 3881 qrtom
670 3827 762 3881 oqrtoe
780 3810 934 3863 ‹lilobimor
958 3812 1080 3877 ntalem,
1107 3829 1159 3868 uec
1185 3812 1336 3868 secundum
1360 3811 1537 3882 qualitatem,
1564 3811 1631 3883 quio
1654 3808 1794 3881 quantitas

98 3900 130 3952 tn
147 3906 260 3966 tmen,
276 3914 348 3966 qum
364 3915 420 3951 non
438 3898 614 3965 collipontnr.
651 3901 674 3952 2.
696 3895 769 3953 Sam.
789 3903 829 3964 14,
846 3913 872 3950 r.
893 3900 931 3951 14.
960 3905 988 3954 et
1005 3899 1125 3971 qualitas
1149 3897 1258 3954 infinita
1282 3899 1310 3954 in
1333 3898 1490 3955 substantia
1509 3897 1589 3954 finita
1611 3913 1671 3953 esse
1689 3895 1794 3968 nequit.

98 3986 174 4038 Dies
196 3985 286 4037 nostri
302 3984 374 4036 sient
398 3985 497 4039 umbro
516 3992 703 4052 praetecum.
746 3982 849 4040 Psalm.
877 3987 934 4052 144,
959 3985 1036 4042 Deus
1073 3986 1146 4042 solus
1183 3984 1307 4040 infinitus
1345 3993 1387 4041 est
1415 4003 1472 4042 non
1499 3985 1612 4057 quidem
1641 3984 1793 4041 secuudum

99 4077 170 4127 al.
188 4070 339 4125 decurrunt
355 4072 448 4123 instar
465 4073 609 4140 torrentis,
638 4070 685 4141 qui
705 4074 813 4125 tautum
831 4086 865 4125 cx
884 4069 933 4123 im-
960 4072 1142 4144 quantitatem
1159 4073 1203 4128 vel
1222 4073 1398 4143 qualitatem,
1418 4073 1468 4127 sed
1486 4071 1677 4130 substantiam.

99 4157 197 4213 hribus
227 4163 336 4214 constat
372 4164 400 4212 et
427 4156 511 4229 paulo
541 4163 605 4229 post
635 4174 689 4212 non
717 4157 834 4228 amplius
863 4156 933 4224 fluit,
996 4164 1051 4215 163.
1079 4158 1248 4215 infinitatem
1264 4159 1341 4213 illam
1357 4158 1413 4215 Dei
1430 4158 1600 4215 demonstrat
1623 4157 1648 4215 1.
1668 4157 1792 4228 Sempro·

98 4247 193 4299 instes·
212 4246 309 4315 floret,
338 4244 386 4317 qui
411 4261 491 4299 mans
512 4244 605 4311 floret,
630 4244 739 4315 vesperi
767 4250 860 4299 autem
887 4243 934 4298 de·
959 4263 994 4299 ro
1013 4245 1172 4317 etquidem
1191 4244 1350 4316 tripliciter:
1380 4249 1403 4299 1.
1419 4245 1606 4314 affirmative,
1632 4242 1707 4298 Psal
1737 4248 1793 4311 145,

97 4338 211 4401 carptus
228 4332 328 4387 arescit
351 4331 425 4386 Psal
444 4337 486 4396 90,
505 4349 530 4389 v.
550 4337 573 4386 6.
611 4333 703 4386 Homo
720 4339 802 4385 notus
822 4333 858 4384 cle
875 4347 932 4383 mst-
958 4349 984 4386 r.
1004 4337 1032 4386 3:
1051 4333 1177 4400 Moenus
1196 4331 1325 4385 minione
1343 4338 1369 4386 et
1387 4331 1543 4386 loodobslr'e
1559 4331 1652 4386 nimuh.
1675 4328 1793 4385 Baruch.

97 4418 171 4472 licre
196 4419 270 4471 brem
290 4418 357 4471 molt
380 4426 515 4488 tempore,
542 4419 669 4488 repletur
690 4418 785 4473 moltis
804 4417 933 4486 misertis,
960 4423 990 4487 ³,
1010 4436 1035 4470 v.
1057 4424 1104 4474 27:
1130 4417 1231 4488 Μέγας
1247 4421 1293 4471 καὶ
1313 4415 1364 4471 οὐκ
1383 4417 1440 4487 ἔχει
1458 4415 1594 4487 τελευτήν,
1619 4416 1725 4486 ὑψηλὸς
1746 4419 1793 4471 καὶ

96 4504 184 4574 quasi
204 4505 262 4573 flos
284 4504 427 4570 epredr'lur
450 4512 477 4558 ot
504 4506 669 4574 conteritur,
704 4513 730 4559 et
756 4505 833 4573 sopit
860 4503 934 4556 velot
959 4503 1118 4579 ἀμέτρητοξ.
1155 4510 1182 4562 2.
1208 4505 1355 4574 Nepotive,
1390 4502 1465 4559 Psoi.
1487 4510 1548 4573 lto,
1571 4521 1597 4557 v.
1616 4508 1645 4559 3:
1679 4504 1793 4573 Mopnr'·

94 4591 198 4645 ambro
222 4599 247 4645 et
268 4609 410 4660 nunqnam
434 4592 463 4644 in
489 4593 584 4644 sonem
604 4599 680 4645 stota
698 4598 845 4658 permonet
868 4589 933 4645 Job.
959 4592 1066 4646 tudinis
1084 4593 1146 4662 ejus
1163 4609 1219 4647 non
1237 4600 1276 4646 est
1296 4591 1374 4664 Ἷῑζῃ
1401 4590 1577 4657 increetipotio
1601 4592 1643 4644 od
1664 4590 1794 4658 fundum,

98 4684 146 4746 14,
165 4695 191 4732 v.
211 4683 234 4735 1.
254 4677 283 4732 iu
301 4694 373 4748 quae
390 4676 477 4733 verba
499 4678 538 4733 sic
556 4683 756 4733 commentetur
780 4675 933 4733 Bernhard.
959 4678 1030 4736 finis.
1066 4682 1092 4733 3.
1111 4677 1322 4748 Compar-otios,
1341 4676 1406 4736 Job.
1428 4683 1473 4743 11,
1491 4693 1517 4729 v.
1535 4683 1564 4733 8:
1591 4677 1666 4731 Nom
1686 4676 1793 4729 investi·

1269 1296 1472 1304 ...ψ-...-

95 4764 147 4819 lib.
167 4769 190 4819 ².
212 4764 250 4819 od
271 4764 377 4835 Eugen-
403 4764 454 4818 ool·
479 4769 557 4820 1024:
581 4765 673 4818 Homo
696 4771 779 4817 noluo
796 4766 838 4817 od
856 4763 932 4815 lobo·
960 4767 1072 4833 potione
1091 4768 1183 4819 Deum
1201 4766 1331 4828 incientes,
1354 4782 1419 4817 nom
1437 4765 1478 4816 od
1493 4780 1580 4833 usque
1593 4764 1795 4832 perfectionem

95 4868 158 4905 rem
182 4867 239 4904 non
261 4853 303 4904 od
321 4852 464 4920 honorem,
487 4852 567 4905 homo
592 4860 674 4905 nattes
697 4852 732 4904 cle
756 4850 885 4917 muliere,
909 4858 935 4902 et
963 4853 1112 4907 Selrodeloi
1132 4853 1274 4905 invenies!
1303 4852 1341 4905 In
1363 4851 1431 4903 altis
1451 4851 1589 4904 coeloram
1608 4850 1679 4919 qaid
1695 4865 1794 4917 opero-

97 4940 134 4993 οὔ
156 4939 208 4991 hoc
233 4955 293 4992 com
316 4946 410 5005 reone,
439 4938 516 4989 brevi
538 4939 631 4991 nivens
654 4946 791 5006 tempore,
816 4938 934 5006 ideoque
961 4941 1050 5008 beris,
1075 4941 1295 5008 profundiorem
1325 4939 1438 5008 inferno
1468 4938 1604 5007 numquid
1629 4939 1796 5006 copnoscesi

96 5043 161 5079 crem
178 5033 259 5092 metro,
277 5026 400 5095 repletus
419 5023 514 5077 miultis
532 5024 651 5077 miseriis
670 5032 695 5077 et
714 5033 769 5076 non
785 5030 935 5092 propterea
962 5027 1086 5093 Lonpior
1112 5034 1152 5079 est
1177 5034 1255 5080 terra
1280 5042 1410 5079 mensura
1441 5025 1501 5094 ojus
1530 5032 1556 5077 et
1581 5023 1702 5078 lotrtudo
1721 5040 1796 5094 prae

97 5130 163 5167 crem
184 5113 255 5181 stetu
277 5121 389 5167 elmere
410 5112 516 5178 multis,
544 5110 611 5179 quio
636 5109 748 5162 animoa
765 5117 790 5162 ct
807 5112 934 5178 corporis
960 5113 1042 5165 mori.
1083 5113 1148 5168 Esa.
1175 5119 1222 5176 40,
1243 5130 1273 5166 o.
1300 5117 1344 5168 12:
1384 5110 1453 5172 Quis
1480 5126 1587 5164 monos
1618 5117 1659 5164 cet
1683 5110 1795 5181 pupillo

96 5199 199 5268 aimuh
231 5198 397 5254 describitru
424 5197 497 5252 enim
525 5197 554 5250 iu
580 5195 623 5249 his
650 5194 716 5251 lobi
742 5194 834 5251 verbis
860 5195 934 5252 ritae
961 5216 1051 5268 aquus
1074 5208 1099 5253 et
1125 5198 1186 5268 quie
1209 5198 1301 5252 coelos
1321 5197 1420 5267 palmo
1442 5213 1551 5250 mensus
1576 5199 1638 5250 estt
1663 5198 1726 5268 quie
1744 5214 1794 5268 op-

96 5286 238 5342 humanao
257 5286 390 5354 brevitas,
401 5283 569 5353 scopilitos,
582 5283 745 5351 firpocitos,
764 5283 935 5336 instabilitas
957 5287 1060 5352 pendit
1077 5286 1165 5338 tribus
1182 5285 1280 5353 ateiris
1297 5284 1396 5337 molem
1415 5285 1528 5337 tense!
1553 5283 1616 5353 quis
1634 5284 1748 5337 libravit
1765 5285 1795 5338 t’n

98 5390 136 5427 uo
152 5372 299 5440 multiplex
318 5372 489 5440 adnerotes,
514 5386 597 5442 quam
617 5369 740 5440 quotidie
757 5370 793 5423 sd
813 5371 936 5425 animum
956 5373 1085 5440 pondere
1111 5378 1215 5424 montes
1244 5377 1271 5422 ot
1293 5369 1378 5424 colles
1400 5369 1431 5422 in
1448 5370 1576 5423 stoma!
1604 5386 1629 5426 v.
1650 5375 1695 5426 15:
1720 5370 1796 5423 Ecce

96 5459 181 5516 nobis
198 5463 359 5514 revocantes
378 5475 426 5513 cor
442 5463 565 5512 nostrum
584 5474 602 5511 a
614 5455 697 5512 rebus
710 5456 936 5527 corruptibilibus
960 5465 1054 5526 pentes
1071 5475 1167 5511 coram
1186 5457 1248 5527 ipso
1267 5456 1352 5525 quoti
1366 5455 1453 5509 sindo
1470 5455 1566 5508 stillae
1582 5461 1608 5509 et
1628 5457 1713 5526 qoocs'
1730 5455 1794 5525 pul·

95 5550 273 5616 armus,
302 5547 384 5616 etin
410 5544 472 5600 Dec
498 5543 646 5601 immortali
672 5560 707 5600 ac
732 5543 935 5616 incorruptibili
960 5544 1083 5601 murtro
1099 5552 1222 5600 staterae
1239 5550 1385 5614 repansos
1403 5550 1481 5612 mm,
1506 5543 1567 5597 ecc'e
1585 5543 1695 5597 iumine
1713 5542 1797 5611 prosi
