3968 6024
183 246 245 307 ata
428 328 435 341 ρ
889 220 1171 297 incessantes

188 394 404 468 dempturum
428 393 543 452 helim
563 393 673 449 naemu.
709 378 754 448 Ne
775 392 838 464 quis
855 390 929 445 mat
944 391 1019 445 diae·
1046 393 1164 448 nedibus
1187 399 1213 447 et
1235 392 1347 447 inmun
1370 391 1460 446 ambas
1483 390 1612 446 coenatu
1628 386 1800 458 disciplinas
1817 393 1884 440 unt·

185 483 239 547 rit,
258 501 308 553 epo
324 482 482 550 forensibus
499 481 593 536 causis
611 481 714 552 affs'stus
730 498 803 548 nem,
816 478 934 552 publiea
951 494 1019 547 pero
1041 480 1165 549 paravit,
1186 489 1217 534 ut
1233 488 1259 534 et
1275 481 1376 534 mulier
1393 487 1419 533 et
1432 493 1506 549 puer
1522 484 1548 531 et
1565 477 1688 531 omnium
1705 475 1792 530 etiam
1808 492 1883 528 mor

105 555 109 563 ’
187 571 313 639 repotia,
354 568 504 637 artificium
536 583 663 635 eaerew,
695 582 807 620 morem
836 566 937 629 habeo,
970 565 1018 619 alo
1043 566 1142 620 talium
1159 567 1367 621 indoctissimus
1384 583 1417 620 aa
1432 566 1497 635 ipsa
1515 580 1623 634 quoque
1641 563 1790 618 auditione
1808 579 1882 617 eona-

187 656 301 718 lsberos,
326 658 484 711 mundanus
509 655 590 708 homo
616 672 689 722 sum,
720 671 777 707 non
801 660 841 706 est
865 670 954 706 marm
980 652 1017 706 le·
1043 653 1123 706 modi
1151 653 1263 724 aliquid
1286 652 1459 724 perciperet,
1491 651 1629 722 siquidem
1650 649 1830 720 plebejorum
1847 667 1882 705 ao

184 759 250 812 pere
270 742 451 813 Scripturas,·
471 742 632 809 inuoluunt,
660 740 710 809 qui
726 738 938 809 Scmptnramm
957 753 1019 806 epea
1044 738 1199 808 prepalium
1237 739 1376 794 hominum
1408 738 1527 793 salutem
1553 736 1731 808 prospiciens
1767 736 1882 790 ἀν’νίννο

179 828 327 898 pracsidio
362 827 391 879 in
422 826 524 880 mediis
560 827 734 895 nepotianum
768 825 853 878 undis
881 825 1017 894 jactatus.
1044 843 1134 879 samo
1156 833 1235 880 tanta
1254 827 1287 879 ob
1307 825 1478 895 lepislatoris
1495 824 1694 878 humanitatem
1711 830 1738 877 et
1755 822 1881 891 benipai-

184 912 308 985 (Exeipit
329 912 528 982 Bellarminus,
557 913 780 984 Clsrpsostomum
798 912 909 966 hortari
925 927 1018 965 omnes
1044 919 1127 966 tatem
1148 913 1352 984 perspicuitate
1369 917 1535 982 temperatus
1552 918 1606 980 est,
1632 917 1664 963 ut
1681 909 1822 963 neminum
1838 925 1880 978 eo,

184 1001 226 1055 ad
261 1001 405 1055 Ζινίίονννι
446 999 676 1071 scripturarum,
720 1016 777 1053 non
815 1000 892 1069 quod
928 998 1017 1067 uellet,
1043 1015 1114 1068 qliae
1148 998 1239 1068 ipsium
1273 998 1377 1052 drutus
1404 999 1587 1068 respondeat,
1623 996 1745 1050 utilas
1774 995 1879 1065 μνίνα.

184 1104 277 1142 munes
308 1088 420 1141 omnino
453 1087 537 1141 νέαν
564 1087 730 1142 rudissimos
761 1087 795 1142 id
818 1087 931 1151 faeere,
966 1088 1018 1140 sed
1040 1084 1088 1140 ln.
1107 1090 1129 1140 t.
1155 1083 1236 1155 epist.
1258 1089 1300 1142 91.
1319 1102 1346 1157 p.
1365 1089 1411 1140 st:
1440 1083 1532 1138 Suara
1555 1089 1581 1136 et
1599 1082 1730 1136 eoelmm'o
1749 1082 1879 1152 meula,

180 1181 210 1227 ut
239 1174 264 1227 ii
289 1173 390 1228 saltem
422 1173 457 1227 id
477 1174 626 1243 facerent,
660 1173 709 1244 qui
737 1191 799 1228 cum
820 1174 916 1237 fralets
937 1181 1015 1243 pote·
1042 1172 1174 1243 quomam
1192 1172 1235 1226 ad
1249 1171 1374 1226 antemi
1388 1170 1497 1239 pesteris
1514 1170 1631 1224 humani
1646 1169 1797 1223 utils‘tatm
1809 1186 1880 1240 pro·

180 1267 253 1315 rant.
306 1259 389 1331 Resp.
427 1259 482 1315 imo
517 1276 582 1315 varo
617 1276 711 1315 omnes
744 1259 781 1314 ad
812 1257 1015 1330 Satipturarum
1042 1257 1170 1311 nuntiata
1188 1256 1326 1327 scriptave
1342 1265 1412 1324 sunt,
1430 1260 1463 1333 τῇ
1481 1262 1620 1328 σαφηνείᾳ
1638 1255 1799 1330 lupianum·
1811 1272 1879 1327 pers

178 1346 324 1403 lectionem
357 1346 484 1401 hortatur
520 1352 549 1402 et
582 1347 619 1401 ad
653 1362 748 1402 omnes
785 1362 819 1401 ex
856 1345 1014 1417 Scripturas
1040 1343 1188 1414 spissitate
1209 1352 1273 1398 sunt
1289 1352 1458 1416 temperate,
1484 1361 1516 1398 ss
1535 1344 1588 1397 has
1606 1344 1680 1397 enim
1698 1351 1723 1397 st
1741 1344 1804 1412 dli,
1820 1339 1880 1414 'qui

122 1434 130 1440 '
179 1433 297 1490 lectione
322 1430 444 1487 fruemm
468 1431 617 1488 salutarem
638 1431 729 1489 redire
750 1432 839 1487 docet.
874 1431 920 1486 Ita
942 1432 1013 1487 enim
1040 1431 1109 1486 aliis
1132 1431 1279 1486 uimmibm
1306 1431 1465 1485 orationum
1488 1431 1675 1500 delectantur,
1702 1431 1777 1484 nihil
1800 1429 1878 1500 quic·

180 1516 276 1574 scribit
296 1518 389 1576 homil.
415 1523 440 1574 3.
466 1519 501 1574 de
523 1518 644 1575 Lazaro:
674 1518 856 1590 Philosophi,
882 1518 1014 1588 rhetores,
1040 1535 1122 1587 quam
1145 1519 1303 1572 detrimenti
1320 1519 1482 1588 patiuntur,
1509 1524 1536 1570 et
1552 1534 1657 1584 omnes,
1684 1518 1734 1586 qui
1751 1517 1878 1586 apriorat-

180 1605 296 1660 dicendi
316 1606 439 1677 amitere
456 1624 491 1659 aa
508 1606 594 1660 ceteri
613 1607 764 1677 scriptores
782 1623 829 1676 ea,
857 1623 929 1675 qssae
945 1607 1013 1660 scri·
1039 1612 1119 1659 turae
1144 1607 1214 1660 dant
1240 1622 1355 1675 operam
1379 1611 1407 1657 et
1430 1604 1562 1672 artificiis
1585 1611 1610 1657 et
1634 1603 1733 1657 cetum
1755 1620 1876 1674 ocmspo-

180 1693 263 1762 bunt,
282 1692 407 1755 studiose
423 1692 508 1763 quasi
522 1692 642 1762 ealiaini
658 1693 812 1762 sapientiae
829 1691 970 1746 incolmmt
988 1701 1016 1747 st
1039 1691 1158 1746 tionibus
1185 1691 1259 1746 uitae
1284 1691 1467 1754 destinentur,
1497 1690 1698 1760 perspicuitate
1718 1690 1877 1760 piissimum

180 1778 340 1842 obscurant,
367 1779 417 1848 qui
438 1786 546 1833 tantum
563 1779 674 1833 inanem
692 1787 829 1849 quaerunt
845 1779 968 1848 pluriam
987 1786 1014 1833 et
1032 1779 1264 1848 juvenantur
1282 1785 1307 1830 et
1325 1778 1395 1846 quid
1411 1779 1506 1830 decem
1523 1784 1549 1830 et
1566 1770 1636 1846 quid
1647 1778 1755 1845 justum
1767 1785 1795 1831 et
1806 1778 1878 1848 Μ

100 1889 107 1902 ·
160 1883 224 1918 ·sus
220 1866 463 1966 admirationem,
483 1873 581 1920 eontra
598 1882 663 1920 uero
675 1865 832 1935 prophetae
849 1873 874 1920 et
892 1867 1015 1937 apostoli
1039 1866 1106 1919 utile
1124 1865 1168 1929 sit,
1186 1865 1216 1919 in
1232 1872 1367 1918 momento
1384 1863 1515 1932 temporis
1533 1864 1652 1916 ducunt.

180 1952 274 2005 omnia
300 1952 448 2018 manifeste
476 1959 502 2005 et
525 1953 603 2005 clare
623 1951 827 2021 prodiderunt,
853 1960 884 2005 ut
910 1969 924 2006 e
949 1951 1013 2006 sola
1074 1950 1297 2022 tat.1txipsis
1324 1950 1408 2006 stiam
1432 1950 1606 2003 adversariis
1629 1954 1752 2004 nomam
1776 1948 1877 2005 eonfit-
1888 1933 1923 2026 ξιξ

178 2040 262 2092 etiam
287 2038 403 2092 lectione
424 2045 526 2107 perse
549 2037 663 2108 quisqsm
683 2038 915 2108 incaeperat,
942 2055 1012 2109 qtae
1038 2054 1113 2092 mare
1129 2054 1275 2108 possumus
1293 2037 1465 2093 sententiam.
1502 2034 1531 2091 O.
1563 2035 1592 2091 Si
1605 2035 1676 2104 juxt
1696 2034 1760 2089 dist
1780 2040 1823 2093 38
1842 2047 1923 2128 ext·

179 2126 308 2178 diesuna
328 2131 353 2177 et
369 2141 404 2177 ns
421 2124 483 2193 qssss
501 2123 680 2193 difficultatis
695 2131 789 2193 posset
805 2125 952 2179 obtendere
969 2141 1012 2178 ea·
1038 2122 1211 2195 Hieronym:
1244 2125 1279 2179 Si
1297 2125 1382 2193 justa
1408 2122 1565 2191 apostolum
1592 2121 1717 2174 Paulum
1746 2088 1923 2189 Ohrsstsoenn

178 2212 353 2279 mononem,
373 2211 414 2263 ita
433 2218 622 2279 temperarunt
649 2218 679 2263 ut
698 2210 781 2263 etiam
796 2210 951 2281 publicani,
967 2212 1012 2280 pi·
1043 2211 1099 2264 Dei
1132 2211 1220 2264 uirtus
1252 2217 1291 2263 est
1325 2209 1435 2278 Deique
1469 2206 1624 2278 sapientia,
1654 2214 1680 2261 et
1711 2207 1763 2276 qui
1788 2208 1877 2262 nescs't

179 2306 316 2364 scalores,
338 2297 450 2367 opifices
469 2304 494 2349 et
510 2297 597 2349 usdsta
615 2297 715 2349 mulier
734 2304 759 2349 ct
775 2313 870 2349 seruus
887 2305 912 2349 ct
930 2297 1012 2350 illite-
1041 2297 1211 2367 Scripturas,
1236 2297 1322 2350 nesat
1345 2297 1405 2349 Dei
1419 2295 1546 2348 virtutem
1564 2295 1679 2363 ejusque
1695 2294 1877 2364 sapientiam,

177 2391 256 2436 ratus
276 2392 301 2436 ct
323 2383 444 2436 omnium
462 2382 601 2435 hominum
620 2381 826 2434 indoctissimum
845 2399 878 2434 sn
898 2382 1012 2436 lectione
1039 2384 1177 2452 iqnoratio
1205 2384 1414 2452 Scripturarum
1439 2382 1581 2449 ipuoratio
1601 2380 1708 2433 Christi
1726 2388 1773 2435 est.
1810 2380 1875 2448 (At-

178 2469 292 2539 aliquid
314 2469 388 2521 lueri
407 2467 589 2537 utilitatisque
614 2474 786 2536 repostaria
812 2484 845 2521 aa
867 2467 960 2522 homil.
983 2470 1011 2523 in
1038 2471 1085 2542 qui
1102 2468 1239 2542 ignoratio
1256 2467 1356 2523 Christi
1374 2468 1499 2522 cavenda
1514 2484 1569 2521 non
1584 2466 1672 2520 solum
1690 2465 1808 2534 clericis,
1825 2467 1875 2522 sed

179 2571 202 2610 o.
222 2559 245 2609 3.
264 2553 368 2609 Coloss.
395 2553 432 2608 ad
457 2553 557 2624 vulgus
582 2550 799 2607 Christianorum
824 2552 876 2608 hoc
901 2571 1010 2625 praeee-
1037 2558 1120 2612 etiam
1152 2555 1250 2622 laicis).
1284 2553 1350 2626 Cap.
1380 2553 1502 2610 Ubinam
1535 2552 1596 2608 dist.
1623 2557 1663 2608 96.
1695 2569 1729 2607 ex
1755 2553 1876 2625 epistola

176 2646 255 2710 ptum
279 2639 397 2710 apostoli
419 2638 557 2708 pertinere
580 2637 686 2716 (iactet,¹
700 2640 777 2706 quod
797 2655 886 2692 sermo
907 2641 1012 2694 Christi
1038 2642 1144 2699 Nicolai
1173 2658 1263 2714 papae
1287 2640 1323 2695 ad
1352 2639 1516 2694 Michaiilem
1544 2639 1609 2708 imp.
1657 2638 1777 2692 Ubinam
1804 2640 1874 2708 lepi-

176 2726 249 2780 inter
274 2743 326 2778 nos
353 2726 497 2794 opulenter
520 2724 647 2778 habitare
674 2724 813 2795 debeat.)
833 2724 1009 2798 ‘Augustinus
1036 2732 1086 2784 stis
1117 2731 1316 2801 imperatores,
1356 2734 1541 2780 antecessores
1581 2732 1686 2778 uestros
1724 2726 1873 2794 synodali·

175 2811 255 2885 epist.
274 2816 297 2867 3.
321 2810 356 2864 ad
375 2809 611 2883 Volusian.cirea
628 2808 726 2863 finem:
753 2811 861 2864 Modus
881 2813 1008 2880 docendi,
1036 2820 1083 2870 bus
1108 2815 1282 2871 consonabat
1299 2814 1472 2880 interfuisse,
1496 2812 1554 2865 nisi
1571 2812 1703 2878 forsitan
1724 2812 1754 2866 in
1774 2812 1874 2882 quibas

175 2914 229 2971 quo
248 2904 346 2950 saneta
365 2896 512 2966 Scriptura
531 2896 696 2959 contenitur,
716 2913 800 2965 quam
820 2899 944 2952 omnibus
963 2918 1008 2954 ae·
1036 2906 1071 2958 de
1096 2906 1152 2969 fids
1177 2910 1327 2958 maanaim
1351 2910 1404 2971 est,
1430 2917 1501 2970 quae
1523 2900 1690 2953 univermlis
1716 2907 1771 2969 est,
1800 2914 1874 2969 qrsas

174 2984 318 3050 cadetis,
339 2984 465 3053 quanm
478 2982 658 3052 paucissimis
672 2985 865 3053 penetrabilis,
886 3003 919 3040 ea
937 3004 1008 3056 quae
1036 2991 1157 3045 omnium
1176 2989 1327 3043 eommunis
1345 2996 1396 3056 est,
1416 3003 1488 3056 quas
1506 3003 1561 3039 nen
1579 2986 1668 3039 solum
1687 2987 1730 3039 ad
1746 2985 1872 3050 clericoa

174 3079 274 3142 aperta
299 3070 430 3138 continet,
456 3070 539 3139 quasi
557 3070 662 3123 amiate
675 3071 840 3136 familiaris
857 3073 917 3126 sine
933 3076 1007 3142 suco
1034 3097 1127 3132 vernum
1153 3077 1237 3130 etiam
1263 3078 1305 3129 ad
1330 3076 1419 3128 laicos
1442 3081 1467 3127 et
1493 3075 1534 3126 ad
1556 3089 1648 3126 omnes
1672 3072 1785 3125 omnino
1805 3090 1873 3142 per-

174 3161 215 3212 ad
239 3176 288 3211 cor
315 3159 439 3227 loquitur
464 3158 640 3211 indoctarum
665 3165 746 3227 atque
773 3160 924 3214 doctorum.
960 3162 1008 3215 Ea
1034 3165 1101 3217 tinet
1121 3163 1302 3218 Christianos.
1338 3160 1379 3231 (si
1402 3159 1471 3214 fides
1489 3159 1524 3213 ad
1541 3159 1626 3213 laicos
1643 3158 1777 3229 pertinet,
1803 3175 1871 3232 ergo

174 3262 246 3310 aero,
260 3245 371 3312 psaein
384 3244 521 3311 mysteriis
536 3244 664 3311 ocendtnt,
677 3262 726 3297 nee
740 3246 803 3314 ipsa
819 3247 937 3315 superbo
953 3248 1007 3301 elo·
1034 3250 1116 3304 etiam
1135 3249 1231 3303 literae
1248 3247 1312 3302 fidei
1338 3248 1396 3302 sive
1414 3245 1563 3316 'Scriptura
1591 3247 1690 3311 saera.)
1729 3241 1760 3299 0.
1789 3244 1870 3299 Oves.

174 3330 238 3398 quio
258 3330 354 3396 cripit,
379 3349 432 3399 quo
456 3348 512 3382 non
531 3331 636 3384 audeat
656 3332 788 3384 accedere
805 3349 881 3385 mass
898 3334 1006 3388 lardin-
1033 3353 1107 3390 caus.
1119 3341 1142 3391 2.
1160 3341 1222 3405 q.7:
1244 3335 1320 3401 Ores,
1341 3349 1412 3400 qnae
1425 3332 1542 3401 pastori
1557 3348 1607 3383 suo
1621 3331 1787 3384 commissae
1799 3339 1870 3398 sunt,

173 3415 252 3468 screto
277 3423 301 3467 et
325 3417 485 3485 inerudita,
510 3417 593 3485 quasi
611 3434 723 3487 pauper
747 3420 788 3470 ed
805 3419 931 3484 divitem,
957 3424 1009 3475 sed
1034 3440 1094 3474 enm
1116 3439 1171 3473 non
1192 3420 1404 3488 reprehendere,
1432 3418 1489 3470 nisi
1510 3436 1529 3472 a
1552 3424 1628 3469 recta
1653 3418 1710 3481 fide
1733 3418 1869 3470 exorbita-

173 3501 272 3554 inoitat
293 3518 385 3555 omncs
408 3503 507 3555 humil-i
523 3520 660 3570 sermone,
685 3522 752 3573 quos
769 3522 825 3557 non
842 3507 931 3559 solum
949 3525 1007 3560 ma·
1033 3507 1109 3570 vent,
1131 3507 1234 3559 debent.
1274 3504 1303 3560 0.
1322 3503 1417 3559 secuti.
1431 3519 1504 3557 eaus.
1517 3508 1661 3573 etquaest.
1674 3501 1752 3556 iisd.:
1773 3504 1800 3556 A
1816 3503 1869 3556 lai-

173 3588 278 3651 nifasta
299 3596 414 3657 pascat,
439 3591 491 3642 sed
514 3591 597 3643 etiam
614 3598 720 3644 secreta
739 3599 865 3644 exerceat
882 3593 1006 3661 ueritate,
1033 3594 1073 3645 cis
1104 3593 1202 3647 clerici
1228 3592 1324 3644 memte
1352 3592 1518 3658 ascensioque
1540 3590 1762 3656 redarquuntur,
1791 3590 1870 3662 (ergo

173 3672 223 3725 hoc
242 3673 270 3724 ln
285 3675 437 3742 promptis,
460 3678 536 3744 quod
553 3677 583 3728 in
600 3677 751 3730 reconditis
772 3679 882 3733 habens.
920 3677 1004 3733 Serm.
1033 3680 1116 3733 etiam
1137 3678 1219 3734 lectio
1239 3679 1411 3747 scripturae,
1436 3693 1469 3730 ex
1494 3692 1550 3746 qua
1565 3675 1703 3746 judicium
1722 3676 1758 3731 de
1775 3684 1868 3746 pasto-

174 3760 208 3814 de
234 3759 325 3813 studio
352 3761 465 3830 sapient.
493 3766 521 3815 et
549 3762 618 3831 legis
645 3762 698 3818 Dei
718 3763 810 3819 medit.
847 3766 941 3818 Lectio
961 3784 1005 3818 as·
1032 3765 1107 3820 ribus
1130 3765 1304 3833 inridebat,
1328 3764 1407 3818 laicis
1425 3780 1479 3818 non
1500 3770 1541 3818 est
1559 3763 1744 3834 deneganda).
1770 3762 1867 3819 Thom.

171 3845 256 3897 sidua
277 3846 412 3914 purificat
432 3847 539 3914 omnia,
564 3848 689 3901 timorem
705 3849 801 3903 incutit
821 3852 961 3919 qehcnnae
980 3860 1005 3905 et
1032 3871 1057 3922 p.
1077 3859 1099 3908 1.
1118 3870 1143 3922 q.
1165 3859 1186 3908 l.
1204 3860 1254 3906 art.
1275 3858 1304 3906 9:
1332 3851 1481 3920 Scriptura
1499 3850 1563 3903 ideo
1582 3850 1668 3901 utitur
1686 3850 1866 3919 metaphoris,

171 3930 278 3997 paudia
306 3932 381 3984 uitae
409 3933 491 3985 cordi
517 3933 644 3988 instillat.
691 3936 745 3998 Qut
769 3937 827 3990 uult
853 3955 913 3991 cum
942 3940 1004 3991 Deo
1031 3947 1060 3990 ut
1082 3941 1166 3991 medes
1189 3940 1273 3992 ctiam
1288 3938 1450 4008 percipiant
1470 3952 1542 3995 eam.
1573 3935 1641 4004 quia
1659 3936 1786 3989 omnebus
1799 3954 1866 4006 pro·

171 4025 278 4086 semper
296 4035 361 4084 esse,
374 4020 539 4087 frequenter
557 4022 635 4074 debet
653 4040 736 4076 orare
754 4031 780 4076 et
799 4024 897 4091 tepere.
928 4026 1003 4077 Nam
1028 4025 1122 4093 posita
1145 4034 1192 4080 est.
1211 4025 1273 4079 leet.
1292 4030 1315 4076 3.
1340 4023 1368 4077 ἰν
1391 4040 1415 4077 e.
1433 4027 1457 4077 3.
1476 4020 1593 4078 Colone:
1617 4023 1789 4085 Quasdam
1807 4025 1923 4094 suf-11·³l

171 4120 231 4157 cum
259 4122 385 4170 mannes,
408 4123 468 4158 νιν
491 4107 554 4158 Deo
579 4107 736 4176 loquimur;
762 4127 823 4163 cum
849 4126 913 4162 uero
938 4112 1004 4176 leqi-
1025 4112 1087 4179 ficit
1112 4112 1249 4164 mediatum
1283 4111 1353 4178 qnid
1379 4111 1415 4162 de
1439 4110 1520 4162 verbo
1546 4108 1619 4175 Dei,
1645 4110 1698 4162 sed
1721 4111 1865 4179 apostolus

171 4208 243 4258 mess,
263 4192 342 4243 Dassa
361 4192 500 4245 nobiscum
519 4193 648 4263 loquitur.
684 4193 779 4264 cyrill.
798 4195 932 4252 Alexand.
955 4198 1002 4254 lib.
1029 4198 1102 4266 vult,
1129 4199 1206 4266 quod
1230 4197 1379 4249 habeamus
1403 4196 1524 4250 multum.
1560 4195 1692 4249 Erasmus
1716 4197 1863 4266 praefatio

171 4279 194 4330 6.
219 4280 315 4330 contra
337 4276 440 4332 Julian.
465 4296 487 4333 e.
513 4285 535 4335 9.
559 4280 658 4347 refert,
682 4281 755 4352 quod
780 4280 909 4337 Julianus
927 4284 1002 4356 Apo·
1029 4301 1091 4339 nem
1116 4283 1143 4337 in
1161 4284 1195 4338 N.
1212 4283 1244 4336 Τ.
1271 4283 1309 4336 sie
1335 4282 1454 4336 orditur:
1484 4282 1618 4346 Memini,
1643 4283 1732 4335 lector
1755 4284 1862 4353 optim

169 4365 241 4416 stata
257 4361 355 4417 solitus
372 4361 456 4418 fuerit
473 4363 526 4419 hoe
544 4366 653 4420 nomine
671 4365 840 4423 Christianos
857 4369 1002 4440 reprehen·
1028 4378 1053 4423 et
1071 4369 1147 4423 alios
1166 4370 1272 4423 alicubi
1288 4369 1460 4438 testificatum
1480 4385 1551 4436 esse,
1577 4383 1619 4421 me
1633 4368 1792 4437 plurimum
1808 4371 1862 4424 dis·

169 4445 248 4512 dere,
272 4449 350 4516 quod
373 4448 502 4503 mulieres
521 4468 679 4521 puerosque
693 4461 857 4522 paterentur
878 4455 1002 4524 Scripta·
1028 4456 1128 4509 sentire
1145 4457 1181 4508 ab
1204 4455 1254 4522 iis,
1279 4456 1329 4524 qui
1347 4455 1436 4508 laicos
1454 4463 1479 4508 et
1496 4454 1645 4507 illiteratos
1661 4454 1693 4507 in
1711 4463 1799 4510 totum
1811 4473 1861 4528 pe·

167 4550 218 4586 ras
245 4532 342 4602 tepere.
387 4533 576 4590 Theodoretus
605 4536 652 4591 lib.
681 4543 704 4593 3.
733 4539 767 4594 de
790 4547 846 4595 nat.
870 4541 942 4597 hom.
966 4542 1001 4596 ob
1027 4549 1087 4594 tant
1112 4540 1311 4594 submovendos
1337 4559 1356 4593 a
1381 4541 1496 4594 lectione
1520 4558 1666 4594 sacrorum
1684 4543 1862 4599 uoluminum.

166 4618 220 4674 hoc
244 4619 362 4674 maxime
388 4620 534 4675 ecelesiam
558 4622 712 4693 praedicat,
741 4628 819 4695 quod
840 4627 1002 4696 Scripturas
1027 4626 1129 4681 Postea
1154 4627 1211 4681 late
1235 4627 1335 4697 probat
1352 4644 1431 4680 suam
1449 4627 1614 4682 sententiam
1630 4627 1762 4684 adductis
1779 4629 1861 4702 plati-

168 4706 302 4775 leqendas
323 4705 477 4759 tradiderit
497 4725 552 4760 non
576 4708 664 4764 solum
682 4710 752 4763 cine
768 4714 861 4766 sedet
872 4713 1001 4779 feminis.
1028 4712 1077 4766 mis
1095 4712 1124 4767 in
1142 4712 1262 4768 medium
1280 4712 1441 4783 rationibus,
1461 4730 1533 4784 quas
1551 4718 1578 4768 et
1594 4713 1658 4784 pias
1675 4720 1742 4770 sunt
1758 4720 1788 4773 et
1803 4732 1861 4774 σι·

167 4790 269 4848 Euseb.
298 4790 446 4846 Emisenae
477 4790 570 4847 homil.
597 4792 626 4847 in
649 4794 757 4850 Domin
784 4803 808 4853 t.
837 4798 872 4853 ab
901 4798 1001 4871 Epiph.
1027 4798 1115 4854 ditae:
1144 4800 1226 4864 Quod
1243 4800 1432 4869 euanpelieae‚
1457 4799 1556 4872 inquit,
1576 4800 1675 4853 literas
1695 4803 1809 4872 ἄνοον,
1831 4818 1861 4858 tt

167 4877 250 4930 Hanc
273 4877 499 4931 consuetudinem
528 4879 682 4935 thrutiani
705 4882 806 4937 habere
832 4886 944 4955 debent,
973 4895 1002 4941 ut
1028 4902 1116 4956 aequm
1135 4888 1176 4940 ed
1193 4904 1286 4941 omnes
1300 4887 1437 4957 pertinet3
1462 4889 1539 4957 quod
1550 4886 1737 4958 pollicentur,
1752 4889 1862 4960 pariter

168 4963 292 5032 quotidie
309 4964 351 5017 ad
370 4963 516 5018 ecclesiam
532 4966 651 5036 veniant,
678 4970 800 5038 quotidie
825 4971 919 5041 leqant
936 4974 1001 5044 ipsi,
1028 4973 1069 5027 ad
1093 4989 1185 5027 omnes
1206 4973 1342 5043 pertinet,·
1367 4981 1393 5026 et
1417 4973 1457 5027 ita
1479 4974 1615 5042 praelim
1633 4981 1712 5043 ssent,
1737 4984 1768 5030 ut
1784 4976 1862 5030 citius

167 5048 210 5100 uel
232 5049 259 5101 si
281 5047 332 5102 hoe
356 5067 411 5103 non
433 5051 541 5119 ualent,
568 5052 686 5120 tepentes
711 5055 838 5113 audiant.
878 5058 1001 5114 Isidorus
1028 5057 1220 5126 intelliqantur
1243 5060 1278 5112 ab
1302 5060 1394 5112 idiota
1413 5059 1466 5128 pio
1482 5062 1667 5129 modestoque,
1684 5078 1771 5130 psam
1787 5080 1806 5116 a
1820 5080 1861 5116 su

167 5132 309 5190 Pelusiota
331 5135 379 5190 lib.
404 5141 427 5191 2.
453 5135 531 5208 epist.
556 5144 580 5194 5.
603 5157 630 5210 p.
658 5145 719 5196 108:
759 5141 896 5205 Quoniam
922 5146 1001 5199 Deus
1022 5144 1110 5211 perbo
1131 5144 1310 5215 philosopho.
1333 5144 1441 5200 Comei.
1459 5144 1578 5216 Agripp.
1604 5145 1641 5201 de
1663 5146 1750 5202 venit.
1769 5147 1861 5204 seiam

167 5218 335 5290 hominibus,
362 5222 413 5292 qui
429 5222 542 5290 infirma
561 5231 587 5279 et
604 5227 739 5281 imbecilli
754 5236 858 5284 naasra
875 5232 1002 5301 praediti
1027 5245 1050 5282 e.
1075 5234 1135 5283 100:
1166 5232 1216 5283 Ad
1240 5231 1405 5300 Scripturas
1429 5230 1571 5285 lectionem
1598 5248 1654 5285 nan
1678 5233 1771 5287 solssm
1793 5234 1861 5288 etso-

167 5315 247 5360 srant
264 5315 345 5376 atqsse
362 5308 492 5362 humanis
507 5311 598 5363 uerbis
615 5313 670 5379 (sie
688 5314 760 5368 enim
774 5330 816 5391 ea,
835 5333 907 5386 quae
926 5317 1000 5386 ipso·
1028 5315 1098 5383 lupi,
1125 5318 1178 5369 sed
1205 5334 1298 5370 omncs
1324 5317 1447 5370 homines
1468 5335 1525 5387 pro
1553 5319 1623 5375 data
1647 5319 1704 5372 sibi
1720 5320 1862 5389 samuhele

165 5410 227 5445 rum
243 5401 355 5462 captum
372 5396 537 5449 eaeembant
554 5396 746 5469 intellectuque
756 5401 852 5467 facile
871 5404 1003 5472 consequi
1027 5400 1193 5468 obliquatur.
1254 5404 1362 5459 Ibidem
1407 5402 1522 5458 adducit
1566 5405 1709 5461 decretum
1754 5405 1860 5463 nonnilii

160 5478 312 5553 poterant)
332 5497 400 5552 opus
417 5483 565 5571 habebant,
596 5483 669 5555 leqes
683 5488 905 5556 proueribebat,
933 5490 999 5543 ideo
1028 5487 1138 5560 Niceni,
1165 5507 1199 5545 ne
1225 5490 1287 5562 quis
1307 5491 1484 5546 Christianus
1510 5493 1605 5548 cadmo
1629 5493 1733 5549 biblico
1760 5501 1861 5553 terni.
