3984 6022
692 286 744 340 ns
762 284 977 351 scaminus
996 286 1127 344 sassa
1697 296 1758 369 aar

65 438 131 507 epse
148 439 575 509 espcds'tioneeapeditissimam.
602 440 1079 513 QuoauditoTheseaslplurimum
1111 441 1237 496 tribuunt
1268 458 1301 496 ec
1329 444 1389 512 ejus
1414 440 1549 513 originem
1575 445 1612 497 sd
1637 443 1761 499 Marcum

66 542 160 578 omnes
192 525 222 579 in
249 542 283 578 ee
309 525 406 595 linqua
437 526 580 581 thesauros
605 527 691 580 multo
718 529 821 581 sudore
850 526 1127 599 sibilevsngelistam
1155 528 1286 584 referunt.
1336 527 1487 583 ttAlbers
1520 529 1760 585 Widmanstsdius

64 619 245 680 comparatos
260 613 379 681 protulit
394 630 531 682 monaque
549 631 610 678 sua,
628 622 761 683 quantiam
773 615 904 682 eumatio
915 598 918 661 l
928 614 968 668 ait
986 613 1071 685 Syros
1087 622 1245 671 constanter
1262 631 1383 670 asserere
1404 634 1425 669 s.
1446 612 1570 668 Marcum
1588 616 1761 688 evangelium

64 698 199 764 temporis
225 699 348 768 ferebat,
386 717 418 752 en
444 700 648 754 commentariis
671 701 730 754 suis
755 701 1009 773 descmpsitlsuum
1026 701 1123 772 lingua
1144 701 1256 771 patris,¹
1271 701 1297 755 h.
1318 719 1340 756 e
1358 701 1441 771 Syre,
1467 701 1641 756 transtulisse
1658 709 1688 757 et
1705 720 1759 757 non

65 791 150 850 moue
175 784 233 852 ipsi
259 786 312 839 hac
341 787 520 842 obtestatione
548 787 750 857 mppediterit,
788 794 819 839 ut
849 782 1010 875 quoimodo
1027 786 1201 858 evangelium
1225 805 1317 853 suum,
1345 787 1394 841 sed
1422 786 1504 841 etism
1532 793 1638 842 ceteros
1667 803 1761 843 omues

64 868 158 936 speum
182 870 311 936 beneficio
335 880 391 926 tum
413 874 651 944 complecteretur,
678 875 712 927 id
733 873 800 928 oiim
824 871 963 943 epule.
982 871 1015 925 Τ.
1034 872 1125 928 libros.
1160 874 1194 928 Id
1215 873 1269 928 sibi
1295 873 1378 929 etiam
1400 888 1451 943 per
1474 872 1568 927 literas
1591 871 1762 944 significasse

63 955 210 1011 ecclesiam
220 957 292 1010 Jesu
308 957 413 1012 Christi
430 960 589 1014 collocaret.
630 960 735 1022 Quarto
749 968 815 1030 post
829 970 917 1043 unn01
929 955 1109 1012 Guilielmum
1126 958 1290 1021 Poetelium,
1314 976 1371 1013 rem
1391 965 1483 1013 sutem
1502 959 1542 1013 ita
1559 957 1709 1014 rehabere
1729 975 1761 1014 ex

10 1045 49 1090 w.
64 1040 96 1092 in
114 1040 279 1096 bibliotheca
296 1045 441 1098 Luctantii
456 1046 612 1099 Ptolemaei
627 1045 704 1099 idem
715 1046 820 1114 reperit
834 1064 902 1115 qua-
914 1076 916 1137 ,
928 1043 1003 1097 avita
1011 1043 1312 1099 memnonesffirmsre.
1333 1044 1601 1115 (StsplstinAntid.
1612 1043 1709 1099 Mean.
1719 1049 1760 1101 26.

61 1135 129 1182 teor
147 1129 379 1199 evangelistarum
396 1132 485 1186 libros
504 1150 565 1185 cum
583 1132 741 1202 Ephraimi
758 1139 785 1185 et
799 1132 905 1186 Jeeohi
930 1126 993 1200 Syri
1009 1129 1197 1184 authenticum
1215 1130 1306 1183 adhuc
1324 1129 1506 1200 retinent.)itit
1542 1129 1705 1185 Tremellius
1731 1129 1760 1183 in

65 1212 201 1281 Syrorum
225 1218 367 1284 opusculis
386 1219 542 1288 manubiis,
562 1236 633 1288 assae
652 1219 792 1289 iprenses
810 1227 900 1271 trans·
927 1214 1015 1285 praef.
1034 1214 1139 1286 Syriae.
1158 1216 1289 1286 paraph.:
1313 1218 1434 1270 Veritati
1446 1235 1568 1285 prorsus
1586 1224 1626 1268 est
1647 1233 1759 1270 eonsen-

62 1300 176 1369 ecripsit
210 1310 293 1370 etque
324 1322 386 1357 curn
412 1305 512 1359 Thesei
537 1321 648 1359 munem
672 1305 900 1375 splendidissimo
926 1309 1039 1354 teneura
1066 1302 1144 1355 intra
1168 1304 1233 1371 ipse
1262 1302 1395 1356 ecclesiae
1419 1302 1525 1357 Christi
1547 1303 1632 1357 initia
1653 1301 1698 1356 cel
1724 1303 1760 1355 ab

62 1387 244 1456 conseruauit,
263 1406 351 1457 usquc
369 1391 434 1443 dum
452 1390 589 1445 Simeonis
603 1391 746 1459 Syrorum,
765 1390 815 1460 qui
825 1391 901 1458 jupa
928 1388 1065 1455 apostolis
1094 1389 1165 1456 ipsis
1187 1389 1230 1442 uel
1252 1405 1347 1442 eorum
1371 1389 1521 1458 discipulis
1539 1406 1600 1442 earn
1618 1405 1677 1442 esse
1690 1405 1758 1456 pro-

61 1472 168 1526 Lihani
189 1474 328 1538 incoleret,
352 1477 477 1546 episcopi
495 1485 521 1530 et
539 1478 695 1531 doctissimi
711 1477 768 1530 ciri
791 1476 899 1530 institu-
920 1476 1039 1540 sectam,
1056 1474 1113 1528 nisi
1126 1475 1203 1539 forte
1215 1476 1358 1543 auspicari
1376 1476 1523 1548 malimus,
1551 1493 1597 1528 eos
1613 1474 1758 1542 scribendo

62 1559 136 1612 tione
159 1561 233 1614 adeo
250 1563 388 1632 profecit,
414 1571 445 1617 ut
466 1564 578 1617 sentiret
600 1564 700 1617 Thesei
719 1563 899 1629 desiderium,
927 1560 1150 1629 alienigenarum
1177 1562 1315 1614 durescat
1341 1563 1478 1614 rationem
1504 1561 1605 1615 hebere
1630 1561 1758 1619 voluisse,

62 1647 141 1713 quod
160 1661 174 1697 e
194 1644 301 1699 Christi
323 1647 420 1715 iinpua
445 1650 475 1703 in
493 1650 625 1704 Letinmn
649 1649 794 1702 ecclesiam
813 1649 899 1702 intro·
926 1662 1039 1699 saonem
1057 1655 1146 1699 autern
1167 1648 1313 1717 prutilium
1340 1656 1388 1700 urst
1409 1647 1517 1700 nudem
1535 1656 1584 1700 aut
1602 1655 1675 1700 certe
1688 1663 1755 1715 per·

62 1732 341 1801 dncendacapiehet,
359 1734 445 1787 leniri
454 1736 518 1802 jem
530 1734 705 1803 aliqrsantum
719 1751 810 1804 posse.
831 1734 900 1786 Post
927 1750 1010 1801 quem
1028 1734 1165 1801 cuiquem.
1202 1732 1404 1796 tristudine,
1424 1732 1758 1805 quodmsjoriexpsrte

61 1815 171 1884 aliqum
193 1835 282 1872 annos
303 1837 365 1872 cum
387 1820 629 1876 Widmanstediue
652 1821 683 1872 in
701 1836 736 1875 ee
754 1837 823 1872 mera
840 1835 899 1873 ner·
927 1833 960 1871 ex
995 1816 1146 1889 archetypo
1182 1817 1289 1873 Graeco
1320 1817 1479 1874 fidelissime
1513 1834 1642 1888 expressa
1672 1819 1759 1873 sititit

60 1911 172 1955 seretur
191 1911 216 1956 et
239 1922 258 1957 a
279 1913 412 1959 conventu
431 1906 608 1975 principum,
637 1906 687 1975 qni
709 1905 900 1960 Heliohrrmee
926 1902 1025 1958 Franc.
1040 1902 1133 1957 Lucas
1147 1901 1282 1974 Brugens.
1298 1904 1326 1957 in
1339 1904 1456 1974 praefat.
1471 1921 1553 1974 super
1568 1902 1602 1960 N.
1616 1903 1647 1958 T.
1661 1921 1758 1958 comm.

60 1991 213 2058 accimus,
232 1992 344 2057 rediret,
363 1977 478 2060 Moyses
496 1992 698 2047 Meredinaeus
717 2009 749 2045 en
768 1992 899 2061 Mesopo·
925 2007 1000 2045 num.
1022 1993 1051 2045 6:
1085 1991 1148 2044 Hoc
1178 1998 1257 2043 teneo
1284 1991 1475 2044 indubitanter
1500 1991 1648 2058 Syriacum
1669 1992 1706 2044 N.
1728 1992 1759 2045 Τ.

60 2075 150 2128 tancia
166 2079 300 2130 sacerdos
317 2079 347 2131 in
365 2079 488 2132 Iihaetia
505 2079 626 2148 lispensi
645 2078 673 2130 ei
693 2079 826 2144 occurret,
852 2078 902 2148 qui
925 2084 1027 2128 testum
1051 2076 1229 2128 sanctissimi
1252 2077 1421 2144 maniplaris
1450 2075 1569 2145 Graeci,
1599 2085 1623 2129 et
1648 2076 1759 2145 quidem

60 2162 97 2213 ab
125 2162 240 2230 Ipnutio
264 2164 433 2229 patriarcha
456 2165 643 2228 Antiocheno,
676 2183 737 2219 curn
763 2165 796 2217 ob
824 2164 900 2217 eiius
926 2179 959 2215 ee
971 2162 1076 2230 primis
1094 2161 1154 2215 loeo
1173 2161 1328 2214 habendum
1347 2181 1381 2215 ac
1398 2165 1587 2216 reiterandum
1605 2179 1671 2214 esse.
1709 2160 1759 2214 Al·

60 2264 177 2315 causes,
197 2256 252 2302 tum
270 2257 300 2302 ut
314 2251 485 2303 Testamenti
497 2250 622 2304 schemen
636 2251 738 2320 praelo
756 2249 899 2304 manerio
925 2248 1031 2304 stedius
1052 2247 1099 2303 lib.
1119 2252 1143 2302 2.
1164 2247 1404 2319 praecognitorum
1429 2265 1452 2302 c.
1475 2254 1534 2302 ll‘t:
1569 2247 1759 2301 Antiochense

60 2333 274 2402 multiplicatum
294 2336 325 2389 in
340 2336 453 2404 Syriam
472 2345 638 2406 reportaret,
662 2338 782 2390 Romam
799 2336 899 2389 misna
926 2335 1060 2389 ecclesiae
1086 2343 1111 2387 et
1139 2333 1310 2387 Christianis
1333 2335 1457 2403 primum
1486 2336 1516 2386 in
1545 2351 1578 2388 ee
1604 2332 1758 2402 appelletis

60 2428 159 2473 orator
174 2420 241 2484 fuit.
266 2420 306 2474 Et
324 2439 385 2475 crau
402 2440 452 2476 nee
469 2424 578 2476 Romae
596 2439 645 2476 nce
660 2423 785 2488 Venerin,
804 2440 898 2492 quens
924 2422 1006 2475 illam
1026 2421 1242 2474 crisci-ibendam
1260 2421 1416 2475 existimat:
1435 2419 1677 2487 ”fflnsventuru
1692 2418 1757 2474 Cor-

59 2504 103 2557 sis
127 2505 362 2574 amplissimorum
386 2507 526 2561 hominum
545 2510 652 2575 fenore
671 2517 696 2562 et
716 2508 812 2577 pratia
830 2508 898 2562 nite·
924 2507 1012 2582 nelius
1028 2508 1197 2575 Bertremus,
1216 2506 1258 2561 vir
1274 2506 1372 2561 harum
1388 2505 1545 2578 linguarum
1564 2504 1755 2577 peritissimus,

58 2598 147 2659 retur,
163 2608 327 2660 quempiam
345 2594 501 2662 reperisset,
519 2594 569 2664 qui
584 2611 713 2663 maenum
729 2594 781 2647 hoc
799 2601 824 2648 et
840 2594 898 2661 dif-
925 2593 1011 2649 audet
1030 2593 1162 2649 ecclesiae
1182 2591 1373 2649 Antiochense
1396 2591 1520 2647 nascenti
1541 2590 1758 2661 christianisque

52 2676 136 2742 ficiis
151 2694 222 2745 opus
238 2686 373 2732 stentare
390 2678 480 2746 uellet,
498 2681 612 2733 tandem
626 2664 831 2747 nonnniihum,
850 2680 899 2750 qui
924 2679 1042 2751 primum
1062 2680 1090 2733 in
1109 2696 1143 2734 es
1160 2678 1308 2750 appellatis
1324 2677 1467 2750 Syriacam
1486 2678 1638 2733 versionem
1656 2677 1758 2732 adscri-

60 2763 161 2817 eedcm
182 2765 245 2828 sere
263 2764 441 2818 solicitudine
465 2766 721 2829 Widmanstadium
735 2767 833 2835 maeri
849 2784 895 2821 no·
923 2766 1004 2834 here,
1031 2765 1118 2836 praef.
1144 2765 1172 2819 in
1200 2782 1279 2819 susm
1304 2765 1535 2835 comparationem
1560 2763 1758 2836 grammaticas

57 2855 140 2912 rant,
166 2849 286 2903 comedia
309 2858 430 2916 santus,
458 2851 487 2905 in
511 2853 643 2907 comitate
660 2852 802 2907 Rainohii
822 2853 896 2920 Peli,
923 2850 1055 2923 Syriacae
1082 2857 1110 2905 et
1128 2848 1323 2905 Arabicae.iit
1361 2848 1416 2906 Sed
1438 2868 1494 2906 non
1515 2866 1662 2921 possumus
1685 2849 1757 2905 hanc

58 2934 186 3004 quitum
208 2935 239 2987 in
261 2936 441 2990 Britanniam
461 2937 568 3005 lepotus
590 2938 830 3007 proficiscebatur,
857 2940 898 2991 ari
923 2937 1075 2992 versionem
1094 2936 1197 2992 habere
1217 2953 1267 3007 pro
1293 2934 1452 2992 authentica
1477 2936 1520 2991 vel
1540 2934 1648 2992 Graeco
1669 2935 1756 3015 textui

57 3020 152 3090 ipsm
176 3022 315 3074 contendit
340 3040 373 3074 oc
399 3022 430 3073 in
454 3023 550 3077 itinere
568 3040 629 3076 eum
647 3025 771 3093 offendit.
812 3024 896 3087 Quem
922 3022 1111 3095 aequiparare,
1134 3033 1153 3076 1.
1174 3022 1241 3092 quia
1258 3021 1346 3076 versio
1366 3030 1415 3091 est,
1433 3022 1549 3092 proinde
1574 3021 1684 3078 minime
1709 3038 1756 3075 su·

62 3106 309 3162 Widmanstadius
334 3115 467 3176 tanquam
492 3110 625 3162 dirimitur
646 3110 701 3163 sibi
718 3109 838 3163 abimum
855 3127 895 3163 se·
921 3107 1051 3164 theutica
1087 3115 1111 3167 2.
1135 3107 1164 3161 in
1185 3107 1350 3179 quibusdam
1370 3107 1489 3163 discedit
1506 3125 1523 3161 a
1541 3114 1618 3181 testu
1638 3099 1753 3176 Graeco,

57 3210 122 3246 cum
140 3193 181 3246 ed
196 3193 411 3245 Ferdinendum
436 3194 630 3263 imperatores
648 3197 769 3249 addush
786 3213 896 3263 remque
921 3195 970 3267 qui
997 3195 1071 3250 solus
1100 3195 1128 3248 in
1151 3194 1184 3250 N.
1210 3192 1242 3247 T.
1267 3202 1308 3248 est
1337 3192 1521 3249 authenticus,
1547 3192 1654 3264 Integri
1681 3190 1754 3263 libri,

57 3295 166 3333 omnem
184 3278 212 3330 ei
228 3278 366 3347 esposm't,
391 3280 440 3348 qui
454 3298 510 3348 pro
529 3297 581 3335 sua
599 3282 707 3350 pietate
725 3283 837 3350 benipne
862 3283 895 3335 li·
922 3280 1050 3336 ridelicet
1067 3280 1190 3334 smrsnde
1212 3279 1300 3345 Petri,
1320 3281 1443 3333 secunda
1462 3288 1486 3331 et
1504 3280 1589 3333 tertie
1603 3277 1755 3348 Johanns'e,

57 3364 248 3434 beraliterque
266 3373 371 3417 sennua
390 3383 419 3420 se
430 3367 577 3433 facturum
600 3369 630 3421 in
649 3370 826 3439 maprn'ficnm
843 3369 896 3424 hoc
922 3367 1043 3436 epistola
1063 3366 1159 3419 Juriee
1177 3374 1203 3420 ct
1221 3364 1411 3434 Apocalypsis
1430 3362 1459 3419 in
1481 3381 1515 3420 es
1537 3365 1652 3433 desunt3
1677 3363 1756 3443 deest

57 3467 130 3520 opus
146 3450 292 3519 pollicitus
302 3451 379 3517 fuit,
404 3459 486 3523 alasse
506 3462 536 3506 ut
553 3454 702 3523 dilipentcr
721 3458 896 3509 emendatum
922 3452 1005 3508 etiam
1033 3453 1153 3506 historia
1181 3452 1216 3505 de
1248 3451 1363 3504 mrsiierc
1393 3450 1527 3507 adstitere
1562 3449 1591 3504 in
1619 3448 1755 3522 principio

56 3536 294 3606 splendidumque
318 3537 347 3588 in
371 3537 457 3591 isicem
481 3541 662 3607 emitteretur,
686 3541 845 3611 imperarit,
865 3550 895 3594 ut
921 3556 945 3595 c.
966 3543 989 3595 8.
1008 3554 1106 3609 evang.
1123 3536 1266 3593 iohannis.
1297 3537 1476 3604 (**Deiectus
1494 3537 1543 3594 hos
1561 3536 1755 3592 nonnullorum

56 3623 194 3678 domicia
225 3622 403 3693 Christianis,
434 3626 482 3694 qui
512 3634 600 3680 cetere
633 3627 767 3696 Syrorum
798 3628 896 3696 linque
922 3623 1067 3697 diligentis
1093 3623 1226 3679 hactenus
1247 3622 1438 3695 supplevit**)
1478 3629 1501 3679 3.
1521 3624 1571 3680 ne'c
1591 3625 1627 3679 de
1643 3630 1756 3683 secure

51 3707 164 3776 partim
185 3707 281 3776 adpo,
303 3708 411 3778 partim
432 3711 462 3762 in
483 3712 575 3764 sacris
593 3720 700 3766 tentum
717 3722 846 3783 utmuur,
870 3722 895 3768 et
920 3728 972 3768 nec
991 3712 1028 3766 ds
1045 3710 1210 3783 antiquitate
1228 3710 1287 3780 ejus
1305 3710 1463 3780 apostolicis
1478 3709 1650 3781 temporibus
1664 3709 1756 3779 vicine

56 3793 93 3848 ob
115 3794 337 3864 evangelicorum
361 3794 495 3849 librorum
515 3797 699 3866 indicantium
712 3807 828 3869 praeter
847 3799 894 3853 ba·
920 3799 987 3855 certi
999 3797 1066 3870 quid
1081 3795 1212 3852 affirmari
1226 3802 1324 3866 potest,
1335 3794 1463 3852 Tremell.
1479 3796 1613 3854 diet.loc.:
1632 3795 1754 3865 Syriaca
1862 3824 1870 3833 ,

50 3878 189 3950 ptiemum
206 3881 251 3933 eir
267 3880 329 3935 nlla
345 3881 490 3949 religionis
507 3884 623 3952 vestigia
640 3885 764 3952 retinent,
784 3887 893 3941 immor·
920 3886 948 3939 si
963 3887 1041 3951 forte
1058 3902 1113 3939 non
1133 3892 1206 3951 tota,
1224 3883 1329 3951 nsejori
1346 3892 1438 3937 tamen
1458 3900 1490 3937 ee
1502 3892 1589 3952 perte
1607 3901 1640 3937 es
1659 3884 1754 3936 arche·

55 3967 116 4021 tale
133 3966 184 4020 hoc
201 3967 358 4033 beneficium
374 3977 525 4036 praestare
538 3978 643 4039 posset.
671 3971 748 4024 Dum
766 3973 893 4025 edman·
920 3981 985 4042 tppo
1013 3972 1122 4026 Gracco
1138 3968 1308 4037 fidelissime
1331 3986 1464 4038 expresse
1482 3978 1536 4038 est,
1561 3971 1613 4024 sed
1637 3987 1692 4039 que
1711 3967 1755 4037 nel

56 4055 131 4107 duta
144 4035 403 4117 tacceonnaenaa
416 4056 577 4109 necessaria
596 4056 689 4109 omniu
709 4066 893 4126 apparentur,
921 4059 1019 4128 quihus
1033 4055 1267 4124 auctoribusque
1282 4048 1405 4123 tempore
1419 4056 1755 4124 itern,cumidnusquem

54 4139 267 4208 insperantibus
294 4138 364 4208 ipsis
391 4139 536 4194 interuenit
562 4139 731 4195 Guiiielrnns
753 4142 894 4198 Poetelius
919 4143 1122 4214 inprimet-ibus
1139 4141 1218 4195 nobis
1236 4140 1328 4218 adhuc
1346 4141 1507 4210 ocmrrrcrit,
1526 4160 1582 4195 non
1602 4143 1690 4207 meeis
1707 4142 1753 4193 de·

53 4224 102 4279 eir
129 4242 219 4295 supra
247 4225 395 4278 multorum
423 4234 536 4293 coptum
565 4227 707 4294 errcdhus,
738 4227 787 4296 qui
809 4236 893 4297 perte
914 4230 998 4300 finiri
1009 4237 1102 4298 protest
1130 4227 1159 4279 in
1183 4227 1365 4294 praesentia,
1393 4244 1477 4295 quam
1507 4224 1620 4280 Graeca
1649 4226 1755 4280 Veteris

55 4311 146 4365 Asiae
162 4311 277 4365 meliore
294 4311 378 4365 semel
394 4319 477 4380 utque
489 4312 589 4365 iterum
601 4299 761 4382 'pereprete
778 4331 894 4382 maynes
923 4315 1235 4380 samosatensem
1254 4311 1373 4373 Latina,
1399 4313 1498 4380 quibus
1514 4312 1674 4366 unctoribus
1692 4328 1755 4366 vere

55 4404 83 4450 et
106 4393 241 4465 Syriam
269 4404 294 4449 et
313 4397 455 4451 Arabicae
484 4397 595 4466 linpuee
627 4414 693 4466 opes
722 4407 894 4452 consectatus
919 4404 956 4456 sit
981 4400 1177 4454 aeci-theodo.
1211 4396 1362 4469 Vergerius
1387 4397 1450 4451 dial.
1473 4402 1497 4453 3.
1522 4404 1619 4453 conus
1637 4396 1754 4471 Hosium

55 4480 170 4536 minime
192 4482 308 4554 cuipare
332 4483 523 4552 ertjumentum
548 4482 649 4537 attulit.
687 4482 778 4553 Atque
795 4485 836 4537 sic
848 4485 897 4554 pii
921 4492 1066 4550 memorat,
1101 4485 1177 4556 qreod
1203 4483 1369 4554 quiaesiecrit
1392 4485 1511 4552 Moysen
1534 4475 1754 4557 Meridineeum,

55 4569 238 4637 imperatoris
259 4569 441 4625 Ferdinendi
466 4569 594 4639 beneficio
621 4570 651 4624 in
675 4569 763 4624 lucens
778 4572 894 4640 prodie-
921 4590 1065 4644 warram
1096 4579 1212 4640 putaret
1246 4571 1394 4640 scripsisse
1425 4570 1500 4639 Syra
1529 4570 1626 4638 iinpua
1653 4571 1690 4624 N.
1723 4571 1753 4623 T.

54 4664 122 4708 ruat
135 4655 232 4724 primo
250 4656 481 4723 eeanpeiistarurn
506 4665 628 4725 quatuor
644 4656 821 4710 sanctissima
839 4676 893 4710 rno—
920 4661 1011 4733 ipsum
1029 4675 1092 4714 vero
1112 4655 1334 4727 respondissetis
1360 4664 1501 4710 auctorem
1526 4656 1659 4727 ipnerare
1677 4657 1754 4710 codi-

55 4750 191 4795 nunsente
209 4739 336 4810 Syriacis
354 4741 494 4795 elementis
513 4751 538 4795 et
557 4759 682 4795 sermone
706 4742 825 4797 Viennae
846 4744 894 4797 im·
921 4763 978 4800 cem
993 4745 1084 4810 fciam
1104 4742 1185 4795 ualde
1203 4750 1336 4796 uetustum
1353 4761 1402 4797 nec
1420 4743 1569 4797 dissentire
1592 4761 1611 4796 a
1636 4742 1754 4819 Graecis

53 4844 157 4897 pressa
174 4834 200 4879 et
213 4826 304 4896 penio
320 4828 541 4897 postepistolae
561 4828 751 4897 apostolorum
771 4828 894 4881 arbaces·
921 4841 946 4887 et
966 4831 1060 4886 Latiis.
1079 4829 1161 4883 codri.
1196 4827 1317 4882 *neom
1341 4846 1359 4883 s
1376 4828 1447 4903 Lep.
1472 4828 1502 4883 in
1521 4827 1637 4900 praefat.
1656 4847 1753 4887 comus

54 4921 103 4967 tae
120 4912 242 4977 fuorunt⁸
280 4913 318 4950 Ἠ
328 4912 472 4984 Syriacum
490 4912 523 4968 N.
544 4912 576 4966 Τ.
597 4912 699 4968 editum
719 4919 761 4967 est
777 4930 840 4969 cum
858 4914 894 4969 ab
921 4919 1001 4990 epist.
1020 4913 1120 4971 Heba:
1142 4913 1263 4983 Syriaca
1280 4915 1371 4969 versio
1387 4914 1493 4983 phrasi
1503 4923 1528 4968 et
1541 4916 1684 4969 idiotismo
1697 4916 1754 4968 dris-

54 4994 132 5065 uiis,
169 5003 228 5051 tum
256 4997 292 5051 ab
319 4996 490 5054 immanuele
518 4997 667 5054 Tremellio
692 4997 789 5054 addita
811 5000 893 5055 inter-
922 5012 1019 5074 erepet
1050 5021 1068 5055 a
1100 5000 1197 5068 linqua
1224 4999 1313 5068 Syre,
1345 5017 1400 5068 qna
1432 5000 1613 5069 loquebantur
1645 5001 1756 5055 ,ludaei

55 5081 212 5155 pretatione
230 5080 339 5151 Latine,
359 5101 376 5138 a
397 5081 526 5139 Guidone
542 5082 671 5149 Fabricio
690 5100 754 5139 cum
772 5086 895 5140 versione
921 5099 1044 5159 tempore
1063 5086 1175 5153 Christi,
1193 5085 1281 5140 Pauli
1302 5092 1327 5138 et
1346 5084 1450 5137 Marci.
1484 5087 1560 5139 Nam
1580 5086 1683 5141 Matth.
1710 5090 1753 5157 27,

54 5167 233 5223 interlineari.
271 5164 327 5224 Sed
351 5168 380 5224 hi
400 5169 572 5225 characteres
596 5168 680 5242 Syros
704 5178 845 5226 mutarunt
867 5171 896 5226 in
921 5194 944 5230 o.
964 5183 992 5227 s:
1015 5174 1074 5226 Pro
1092 5171 1284 5233 Haceldama,
1301 5168 1344 5222 ati
1360 5168 1488 5222 dicebam
1506 5171 1616 5224 Judaei
1632 5179 1753 5240 ternpore

54 5252 218 5321 Hebraeos,
244 5259 277 5308 ut
299 5260 327 5308 et
343 5252 558 5328 Rsphelengius.
594 5254 676 5309 Arias
693 5254 841 5311 Montanus
866 5256 896 5311 in
923 5259 1039 5327 Christi,
1066 5256 1141 5325 Syre
1158 5258 1224 5326 jem
1244 5254 1343 5308 versio·
1358 5253 1440 5307 hehet
1458 5272 1579 5322 spureae
1603 5257 1755 5326 deddcma,

54 5339 167 5413 magnis
184 5336 278 5394 bibliis
292 5338 543 5412 Antuerpiensihus
561 5339 650 5396 edidit
665 5346 782 5414 unoque
799 5342 895 5398 chara·
922 5344 971 5398 ubi
990 5343 1146 5413 praecitat,
1175 5359 1242 5394 nem
1271 5357 1303 5393 es
1324 5335 1416 5413 ἀγρός,
1442 5337 1530 5394 idest
1548 5336 1754 5411 aper,sermat

53 5431 164 5482 dmm
181 5427 334 5498 genere.itit
923 5447 1051 5497 operase.
1096 5427 1144 5482 Sic
1169 5424 1272 5481 Metth.
1294 5428 1343 5488 27,
1364 5443 1388 5480 v.
1411 5427 1446 5478 tc
1472 5443 1526 5495 pro
1546 5427 1609 5497 Eli,
1637 5427 1702 5496 Eli,
1725 5434 1755 5479 et

10 5520 40 5565 t·
92 5517 154 5583 stt.
181 5508 256 5568 Huic
285 5511 403 5568 versioni
429 5512 561 5584 Syriacae
585 5511 734 5569 Christiani
760 5512 790 5568 in
814 5512 896 5585 Syria
925 5515 997 5569 dicit
1019 5513 1158 5568 Christus.
1188 5512 1276 5583 Syrus
1295 5511 1357 5581 jem
1382 5510 1462 5565 habet
1489 5512 1524 5583 it,
1547 5513 1577 5567 ii.
1624 5511 1673 5567 Sic
1696 5528 1755 5581 pro

1364 5612 1427 5669 150
