3984 6022
757 284 811 342 DE
827 279 989 345 aarum
1005 280 1081 340 mu.
1265 236 1292 269 ἡ.
1311 368 1315 377 Ι
1709 298 1768 360 321

103 432 161 483 17³.
182 427 322 488 Probatur
340 432 390 488 ius
411 432 522 492 divinae
536 437 674 494 esseutiae
690 437 861 509 immensitas
879 448 908 496 et
934 437 1018 504 dicte,
1045 439 1251 497 immediatione
1274 441 1385 498 virtutis
1408 447 1438 497 et
1460 446 1603 514 suppositi.
1654 447 1771 518 Operari

10 509 40 591 ζ,
67 516 302 588 omnipraesentia
315 518 384 575 DEI
413 521 567 577 essentialis
594 527 620 579 1.
628 539 670 603 ,ea
687 525 852 594 δαίμονα,
879 533 908 580 et
933 524 1137 581 immediatione
1154 526 1263 581 virtutis
1282 526 1386 583 dicitur
1404 527 1474 583 illud
1493 546 1594 600 agene,
1614 533 1689 603 quod
1707 550 1770 604 pro-

10 603 25 641 t·
66 602 179 674 quidem
198 611 222 658 1.
242 606 423 672 climatiae,
443 608 554 678 quando
575 608 679 682 ubique
696 627 828 681 praesens
845 628 906 667 esee
931 611 993 680 pria
1010 628 1062 666 nec
1080 612 1193 667 aliunde
1211 612 1387 669 emendicata
1407 614 1511 670 virtute
1528 617 1603 687 agit3
1628 617 1770 675 immedia-

10 717 43 746 ιιι·
67 689 182 760 dicitur,
215 690 275 747 los.
303 697 327 762 2,
358 711 384 747 v.
412 699 452 749 11.
493 695 620 749 Jelocal
646 699 727 752 Dens
751 706 840 753 eccur
865 707 906 753 eet
931 695 1007 752 tione
1023 698 1173 768 supponiti‚
1192 699 1266 769 quod
1287 699 1346 755 sine
1364 699 1422 755 alia
1442 716 1527 755 causa
1546 701 1618 757 inter
1637 719 1724 774 agene
1741 712 1771 759 et

66 778 151 830 Deme
171 778 203 831 in
225 780 312 833 coelia
334 797 441 850 τοιομτττ,ι
465 790 490 835 et
513 783 544 835 in
562 791 641 839 terra
658 784 747 851 infra.
781 784 829 839 Pe.
848 789 905 851 m,
931 780 961 835 id
987 782 1016 835 in
1042 784 1116 854 quod
1140 783 1201 856 agit
1223 786 1371 856 interjecta
1395 791 1534 857 operatur.
1566 789 1608 842 At
1632 787 1709 843 Deus
1728 798 1771 845 eet

66 881 93 916 v.
114 871 145 919 7:
170 864 231 927 an
254 866 299 920 ibo
316 884 336 919 a
351 869 456 937 spirim
474 877 521 923 tao
538 877 565 924 et
583 887 639 940 qao
650 871 768 940 sapiam
788 890 808 925 a
826 870 905 936 facie
930 883 1016 922 causa
1041 868 1201 925 immediata
1221 870 1310 941 ipaius
1334 870 1424 925 intimi
1448 888 1508 928 eoae
1534 871 1655 927 omnium
1677 889 1769 928 rerum

65 951 138 1003 tna!
154 955 220 1006 οὓς
237 950 271 1005 &¹
288 953 462 1008 adscendero
478 955 578 1026 coeloe,
597 958 683 1028 rrqn
705 947 774 1033 §tl
797 958 839 1010 ibi
866 965 905 1027 tu,
929 960 1093 1023 creatarum,
1112 974 1167 1011 non
1183 962 1291 1012 tantum
1309 958 1375 1012 dum
1388 958 1607 1030 esseincipinnt,
1624 958 1769 1015 sedetiam

64 1034 94 1086 ei
116 1043 237 1090 atratum
251 1039 353 1103 secero
372 1040 402 1092 in
426 1040 553 1111 inferno,
584 1041 650 1115 32²¹!
675 1058 737 1097 ecce
759 1050 798 1099 ta.
826 1060 852 1096 v.
870 1049 902 1097 9:
930 1040 1065 1109 quamdiu
1088 1040 1117 1095 in
1141 1058 1201 1097 case
1226 1049 1433 1098 conservantur.
1474 1043 1550 1116 Ergo
1574 1050 1617 1099 eat
1640 1045 1768 1100 omnibus

66 1120 103 1174 Si
129 1140 286 1177 meanmero
309 1141 420 1194 pennae
438 1144 562 1182 aurorae
581 1135 608 1181 et
626 1129 789 1184 babitaoero
806 1132 837 1184 in
855 1147 903 1183 no-
929 1125 1013 1180 rebus
1041 1126 1138 1182 intime
1164 1144 1303 1198 praeiens.
1348 1127 1478 1183 Savanar.
1504 1128 1553 1186 lib.
1578 1135 1600 1184 1.
1628 1129 1664 1186 da
1689 1131 1768 1188 verit.

63 1208 178 1264 memo
201 1210 290 1264 orario
314 1209 497 1283 (occidentis),
522 1231 549 1271 v.
573 1220 612 1270 10.
637 1215 722 1271 etiam
744 1215 784 1270 ibi
803 1233 903 1271 manea
928 1208 995 1266 fidei
1017 1227 1041 1267 c.
1061 1216 1092 1269 8:
1122 1212 1191 1267 &am
1208 1215 1291 1268 Deae
1314 1215 1351 1267 eit
1364 1215 1463 1283 prima
1482 1223 1508 1268 et
1525 1217 1693 1275 uelamentis
1712 1233 1767 1270 om·

64 1301 115 1346 taa
137 1311 181 1348 me
206 1297 288 1350 demet
314 1305 340 1350 et
367 1299 467 1352 lambit
490 1315 532 1353 me
556 1301 674 1354 dentem
692 1308 748 1355 lna.
784 1299 904 1368 (psaltes
929 1297 1006 1350 aiam
1029 1314 1117 1352 cauea
1141 1305 1168 1352 et
1184 1299 1220 1352 ait
1243 1307 1323 1353 actae
1336 1317 1440 1369 panse,
1456 1310 1483 1354 et
1500 1319 1580 1355 cuam
1597 1302 1690 1371 s'peim
1708 1318 1767 1356 eeee

63 1380 160 1450 regius
195 1381 259 1436 loca
283 1381 338 1439 sibi
362 1383 480 1439 invicem
503 1385 623 1442 maximo
646 1387 775 1458 opponite
796 1387 904 1443 confert
930 1391 1052 1451 oportet,
1078 1387 1157 1453 qaod
1177 1402 1257 1438 mnne
1281 1386 1366 1439 alind
1389 1403 1448 1440 cese
1461 1390 1630 1456 practicatum
1647 1389 1685 1442 sit
1697 1405 1767 1458 pro·

63 1473 93 1519 et
118 1467 149 1520 in
176 1467 211 1521 iis
236 1475 411 1538 praesentem
427 1469 518 1525 Deum
545 1477 669 1527 statuens
685 1471 715 1527 in
733 1472 903 1529 intermediis
926 1469 1010 1535 prim
1036 1470 1097 1537 ejm
1120 1470 1245 1539 effectus,
1271 1470 1344 1525 cient
1366 1471 1456 1539 ionii-i
1479 1480 1519 1526 eat
1536 1475 1675 1544 propriae
1693 1475 1767 1543 ianm

64 1553 149 1606 etiam
175 1553 267 1623 ipsum
291 1561 463 1624 praesentem
487 1557 585 1612 adesce
616 1557 828 1630 intelligendum
860 1574 901 1614 re-
929 1556 1048 1623 effeataa.
1086 1557 1126 1610 Et
1150 1573 1213 1610 cam
1231 1558 1312 1610 Dece
1336 1557 1373 1611 rit
1398 1559 1521 1613 omnium
1540 1577 1628 1613 canoa
1649 1578 1705 1615 non
1722 1577 1765 1614 so

63 1637 186 1709 linquit.)
213 1638 272 1697 οἷον.
296 1646 344 1710 23,
367 1658 393 1696 v.
419 1647 466 1698 24:
493 1645 571 1698 Nam
594 1645 744 1699 occultabit
771 1662 802 1700 eo
827 1646 902 1714 quie-
928 1638 986 1693 bum
1002 1641 1033 1694 in
1047 1642 1126 1711 fim',
1149 1643 1202 1696 eod
1217 1643 1303 1698 eliam
1320 1644 1350 1697 in
1368 1661 1426 1698 eece
1444 1645 1538 1714 t'petlm
1554 1647 1648 1701 Deum
1666 1650 1767 1701 adacte

62 1742 149 1794 qaam
168 1725 198 1778 in
215 1726 385 1795 comitiaci
402 1745 452 1797 epo
471 1747 527 1784 non
547 1732 647 1786 videbo
664 1748 735 1800 earn,
756 1731 901 1786 ‹badilo-
927 1725 1021 1793 robur,
1051 1734 1160 1797 oportd
1183 1745 1241 1782 non
1266 1730 1358 1784 oolam
1378 1731 1476 1800 princ
1499 1731 1688 1798 inchoatione,
1715 1736 1767 1787 aed

61 1814 156 1865 minue
190 1810 271 1879 (hacc
303 1819 347 1868 est
373 1817 531 1885 praesentia
557 1817 671 1873 visionis
697 1834 731 1872 aa
760 1816 901 1885 emendae,
927 1814 1063 1880 quamdin
1085 1813 1116 1867 in
1138 1831 1197 1868 eece
1215 1823 1429 1886 coenomanico,
1454 1823 1480 1870 et
1501 1835 1563 1871 cam
1581 1835 1640 1872 ecee
1656 1820 1765 1874 ariaci·

59 1899 144 1968 juxta
167 1915 251 1970 qaam
269 1901 364 1954 omnia
381 1904 461 1955 nada
481 1911 507 1956 et
525 1911 628 1973 aperta
644 1911 708 1958 cant
724 1905 786 1957 Dei
803 1903 901 1969 oealin
927 1914 979 1965 que
1001 1898 1047 1952 rel
1066 1899 1104 1953 eit
1128 1901 1249 1954 maciaco
1270 1901 1410 1970 intimam,
1436 1909 1476 1956 eet
1490 1903 1564 1956 enim
1579 1905 1704 1967 famule
1721 1922 1765 1958 re-

62 1983 150 2038 Hebr.
169 1991 194 2052 t,
214 2001 240 2038 v.
260 1992 306 2055 ¹³3
332 2003 369 2041 na
386 1987 448 2058 quis
465 2004 532 2045 varo
547 1988 687 2045 exietimet
703 1989 795 2044 Deum
815 1988 900 2044 solius
926 1992 1020 2052 specta
1038 1986 1175 2055 omnium,
1199 2003 1273 2055 qaae
1290 1995 1356 2041 mm
1372 1988 1403 2041 in
1419 2005 1465 2052 re,
1490 1990 1640 2057 affimnare
1658 1999 1765 2062 oportet

61 2069 196 2126 wientitte
214 2077 244 2126 et
260 2070 373 2127 visionis
390 2078 520 2144 respecta
540 2073 789 2146 omnipraesentem
806 2072 900 2142 statui,
928 2071 1021 2124 Deam
1038 2070 1164 2124 omnibns
1181 2073 1212 2125 in
1230 2072 1313 2126 rabac
1333 2073 1418 2127 calda
1434 2074 1561 2129 intimam
1580 2093 1646 2130 ease.
1777 2089 1815 2129 111.
1833 2087 1875 2130 tet

61 2155 126 2210 ideo
149 2156 274 2225 additur)
299 2176 390 2213 nonne
407 2161 499 2215 coeloe
516 2168 544 2216 et
562 2168 669 2216 terram
690 2144 758 2233 &¹373
780 2176 830 2229 epo
849 2160 899 2212 im-
963 2157 1189 2214 trancredum
1212 2162 1241 2213 3.
1254 2167 1371 2228 patrum
1387 2162 1544 2230 coffraom:
1569 2162 1673 2219 lustin.
1692 2163 1765 2218 lter-

56 2243 151 2311 plenc,
171 2243 243 2296 dicit
258 2245 393 2299 Jmooao.
425 2246 512 2301 Amor
532 2253 558 2316 a,
575 2265 601 2303 v.
621 2253 651 2302 2:
676 2248 710 2301 Si
722 2247 901 2317 penetrarent
925 2246 978 2312 tyr.
995 2242 1045 2301 lib.
1064 2243 1101 2299 de
1118 2241 1261 2301 monarch.
1280 2262 1308 2315 p.
1327 2250 1370 2301 82.
1388 2245 1504 2302 adducit
1521 2246 1626 2318 Orphei
1644 2249 1764 2305 versicu-

60 2328 93 2380 in
119 2329 280 2397 infernam,
312 2331 379 2384 inde
406 2350 505 2385 manac
530 2349 592 2385 mea
618 2331 696 2386 tollet
723 2350 785 2401 eoa,
820 2340 846 2385 et
875 2332 902 2385 ri
926 2326 979 2381 los:
1007 2315 1087 2389 οὗτος
1104 2331 1158 2403 γὰρ
1175 2328 1308 2399 χάλκειον
1325 2329 1367 2386 ἐπ’
1390 2330 1514 2405 οὐρανὸν
1531 2332 1684 2403 ἐστήρικται
1696 2334 1764 2407 pai·

61 2416 243 2469 accenderint
265 2417 296 2469 in
314 2417 420 2481 coeloe,
443 2419 509 2471 inde
524 2418 640 2483 jaciam
659 2435 706 2472 coe
725 2420 900 2475 descendere.
926 2429 980 2483 σοῳ
997 2415 1168 2490 sidicino,
1185 2422 1266 2486 γαίης
1284 2418 1315 2470 δ’
1335 2417 1382 2470 ins
1400 2422 1487 2472 accat
1508 2423 1620 2489 βέβηκε,
1634 2418 1717 2493 χεῖρά
1735 2440 1765 2475 τε

61 2517 89 2552 v.
113 2505 145 2555 ³:
173 2500 208 2554 si
229 2500 426 2557 absconderint
444 2521 474 2557 ee
497 2506 528 2557 ia
554 2507 656 2558 vertice
683 2504 808 2569 Carmel,
833 2506 900 2559 inde
926 2500 1065 2575 δεξιτερὴν
1088 2503 1134 2557 lul
1158 2503 1293 2575 τέρματος
1317 2501 1464 2573 ὠκεανοῖο,
1494 2501 1637 2561 πάντοθεν
1659 2506 1765 2562 imira-

61 2589 213 2640 ecrutabor
236 2596 262 2641 et
286 2589 386 2643 tottam
409 2605 467 2652 eor,
491 2591 518 2643 ci
541 2591 693 2646 celaverint
716 2608 745 2645 ce
766 2610 785 2644 a
804 2609 900 2646 coram
927 2605 982 2642 τεν.
1017 2588 1156 2661 Athenag.
1176 2589 1206 2643 in
1228 2596 1298 2646 orat.
1315 2588 1497 2661 procurat:
1520 2592 1580 2647 laet
1597 2592 1630 2647 di
1649 2593 1765 2665 ἐφεστη-

63 2673 155 2726 oralia
172 2673 242 2727 maie
257 2673 288 2727 in
303 2674 464 2744 pavimento
481 2677 579 2744 omneis,
599 2677 666 2730 inde
684 2678 826 2732 mandabo
843 2693 900 2731 aar
926 2679 1004 2729 κέναι
1026 2676 1081 2745 μὲν
1105 2671 1147 2736 οἷς
1171 2677 1339 2751 ἐννοοῦμεν,
1364 2672 1406 2739 οἷς
1428 2681 1569 2749 λαλοῦμεν
1591 2683 1639 2734 eal
1657 2676 1765 2754 νύκτωρ

59 2760 157 2828 penti,
179 2767 209 2813 et
224 2762 362 2815 mordebit
380 2779 434 2816 eoc.
468 2762 563 2821 Actor.
586 2771 625 2828 17,
645 2776 670 2818 v.
689 2768 736 2820 28:
758 2765 795 2818 In
812 2765 900 2819 DEO
926 2765 972 2814 nat
993 2759 1060 2834 μεθ’
1087 2760 1193 2836 ἡμέραν
1216 2763 1266 2818 τὸν
1288 2763 1357 2819 θεὸν
1380 2764 1514 2835 videtete,
1539 2766 1630 2821 nitra
1653 2767 1685 2821 db
1704 2769 1767 2838 φῦε

61 2846 195 2913 vicinae,
223 2863 362 2901 mocemm
388 2856 415 2903 et
440 2868 543 2904 enneae.
581 2857 607 2904 2.
626 2850 761 2920 nepotioa
788 2849 900 2920 quando
926 2845 1012 2901 αὐτὸν
1036 2846 1102 2903 ὄντα
1127 2852 1173 2902 καὶ
1198 2849 1229 2904 τὰ
1254 2850 1287 2904 ἐν
1307 2853 1340 2923 τῇ
1363 2851 1465 2921 καρδίᾳ
1488 2851 1568 2925 ἡμῶν
1589 2849 1667 2927 ciprii.
1703 2854 1765 2906 Noe

62 2932 126 2985 loco
143 2938 220 2987 certo
237 2933 364 2989 concludi
382 2941 412 2989 et
429 2935 623 3005 comprehendi
640 2940 767 3007 negatur,
806 2941 828 2992 1.
845 2935 899 2991 Re·
925 2950 991 2988 cero
1015 2935 1140 2989 omnibae
1163 2939 1231 3002 (non
1255 2936 1338 2991 modo
1355 2935 1450 3002 factio,
1476 2937 1526 2992 sed
1544 2937 1637 3003 etiarm
1656 2928 1765 3007 'copita-

62 3034 132 3088 gum
154 3022 186 3085 8,
216 3035 242 3072 ν.
267 3024 312 3074 m:
342 3021 417 3074 Nam
437 3039 499 3076 cere
519 3022 634 3077 DEUS
656 3022 793 3077 habitabit
814 3039 901 3093 cuper
925 3021 1046 3074 tioniluc
1062 3023 1276 3076 daemonicae
1293 3024 1398 3076 ncatrsc
1415 3031 1473 3077 tam
1490 3031 1585 3090 nocta,
1603 3033 1661 3078 tam
1680 3025 1764 3078 inter·

61 3113 183 3167 mnam,
209 3105 253 3171 (ut
268 3105 375 3161 scilicet
391 3107 567 3164 contineatur
584 3109 703 3177 mundo,
729 3109 801 3164 sicut
817 3108 899 3164 honio
926 3107 977 3160 dia
995 3109 1089 3162 Deam
1115 3111 1215 3163 adesse
1238 3109 1342 3162 acinam
1367 3124 1483 3176 emmone
1499 3115 1526 3161 et
1541 3116 1626 3162 tomm
1644 3125 1702 3163 eece
1719 3111 1762 3164 la·

60 3190 220 3246 continetur
237 3190 335 3246 domus
352 3208 419 3247 suae
436 3193 607 3263 habitaculo)
626 3211 687 3249 ecce
705 3196 778 3250 coeli
790 3204 816 3249 et
827 3196 901 3250 coeli
925 3209 986 3246 men
1010 3201 1037 3247 et
1054 3210 1127 3262 qaae
1145 3193 1177 3247 in
1193 3195 1324 3248 corditio
1342 3194 1447 3247 noetrie
1464 3194 1552 3247 latent
1570 3194 1672 3248 vidae.
1707 3195 1761 3266 ⁰5·

60 3279 204 3331 coeloram
225 3296 282 3332 non
304 3280 444 3333 continent
467 3288 493 3335 te
518 3280 557 3346 (in
574 3279 704 3337 Hebraeo
723 3288 766 3337 est
783 3280 898 3337 verbnm
924 3278 1039 3349 prianus
1062 3279 1111 3336 lib.
1138 3280 1173 3335 de
1197 3280 1282 3337 venit
1300 3279 1380 3335 idol:
1406 3280 1466 3333 Dei
1483 3280 1614 3348 temptam
1631 3287 1703 3334 tonse
1722 3288 1763 3335 cn

62 3350 115 3413 563
133 3362 163 3416 in
182 3361 243 3418 Piel
264 3348 347 3438 52],ξὲ
372 3366 600 3436 comprehendit),
621 3374 724 3436 quanto
743 3368 836 3423 minae
849 3370 897 3422 do-
924 3367 1052 3420 manduc.
1099 3362 1182 3421 Item:
1217 3368 1297 3420 Deae
1332 3372 1406 3420 totae
1435 3374 1475 3418 est
1501 3366 1601 3434 abimse
1633 3366 1761 3436 deffinire.

59 3467 123 3503 mae
140 3450 220 3517 laec,
238 3466 321 3519 qaam
338 3453 495 3520 aedificavi.
521 3452 600 3508 Idem
617 3453 753 3524 repetitur
772 3460 795 3509 2.
814 3453 898 3508 Para·
924 3450 1012 3505 Hilar.
1032 3449 1080 3505 lib.
1101 3457 1123 3506 l.
1141 3449 1177 3507 de
1193 3450 1258 3505 trin.
1276 3450 1296 3505 i.
1316 3456 1346 3505 3:
1371 3449 1475 3505 Nullm
1492 3452 1560 3515 eine,
1580 3467 1668 3521 neque
1684 3451 1761 3506 allae

60 3536 109 3607 lip.
130 3541 154 3605 2,
171 3553 199 3592 v.
218 3541 243 3591 o.
260 3551 286 3592 c.
304 3542 329 3600 6,
347 3553 373 3591 v.
390 3542 430 3592 18.
449 3538 550 3593 leram.
569 3544 612 3607 23,
631 3556 658 3596 v.
679 3546 726 3595 23:
752 3542 900 3610 Numquid
925 3555 979 3591 non
999 3537 1030 3590 in
1047 3538 1111 3590 Deo
1132 3537 1210 3591 loma
1230 3543 1276 3591 eet.
1312 3537 1350 3590 In
1367 3536 1454 3591 coelic
1471 3544 1522 3602 eet,
1541 3537 1572 3591 in
1588 3537 1703 3603 inferno
1720 3543 1761 3589 eet

61 3624 142 3674 Deae
161 3623 198 3675 de
211 3623 390 3692 propo-inquo
409 3640 459 3691 epo
477 3614 592 3699 3226622,
609 3625 681 3681 dicit
699 3627 854 3694 Dominae;
872 3635 898 3680 et
924 3624 1001 3678 altra
1019 3624 1115 3677 maria
1132 3630 1180 3688 eet,
1198 3604 1269 3676 insit
1286 3622 1413 3692 imerioq
1432 3624 1540 3677 excedit
1556 3623 1685 3677 eaterior.
1714 3624 1762 3677 Ila

60 3726 119 3762 non
138 3709 218 3761 Deae
243 3709 279 3762 de
304 3709 457 3778 lonqinquo
479 3701 593 3782 Ρῆῐηῖ),
636 3710 731 3767 Actor.
755 3717 784 3777 l,
806 3729 833 3766 v.
857 3718 898 3768 48.
925 3727 986 3763 cam
1009 3709 1090 3763 labet
1107 3716 1191 3777 atque
1209 3708 1340 3776 labetur,
1365 3725 1453 3778 neque
1476 3709 1506 3762 in
1524 3709 1622 3777 aliquo
1639 3709 1701 3777 epae
1717 3725 1763 3762 ne-

61 3810 85 3849 c.
112 3799 158 3862 tl,
178 3809 204 3851 v.
229 3800 276 3851 24:
303 3796 503 3850 Emeterimae
524 3814 581 3851 non
601 3796 710 3851 nataae
726 3792 765 3851 'in
787 3799 899 3868 templis
925 3812 978 3864 qao
1001 3812 1057 3848 non
1080 3793 1112 3847 in
1129 3794 1254 3847 omnibue
1272 3800 1318 3847 eat
1337 3791 1386 3848 fot.
1404 3798 1434 3849 4:
1454 3796 1535 3847 Deae
1554 3802 1628 3848 totae
1644 3795 1706 3862 ipae
1722 3794 1764 3847 in·

55 3879 268 3955 χοτροττοιήτοτς.
307 3880 374 3952 Cep.
395 3888 439 3951 17,
461 3900 486 3938 v.
506 3888 553 3937 27:
577 3884 644 3937 Non
661 3882 744 3951 lonae
766 3884 844 3938 abeat
862 3887 899 3939 ab
925 3889 971 3935 tra
994 3890 1020 3935 et
1042 3888 1121 3936 cotra
1143 3896 1172 3933 ae
1195 3880 1289 3934 omnia
1315 3880 1449 3949 coretinet,
1472 3886 1504 3933 ut
1528 3896 1616 3948 neque
1638 3880 1763 3949 infinitae

59 3983 227 4037 unoquoque
250 3975 382 4023 noemam
416 3974 443 4023 3.
466 3969 616 4037 symbolice
656 3968 731 4024 Esai.
751 3976 799 4039 66,
825 3988 852 4025 ν.
876 3978 898 4027 1.
925 3968 997 4022 absit
1021 3985 1040 4020 a
1063 3966 1183 4032 canetis,
1207 3981 1294 4034 neqroe
1316 3973 1417 4020 cancta
1439 3965 1480 4032 ei,
1502 3965 1553 4034 qui
1569 3966 1694 4036 infinitae
1713 3973 1763 4034 cet,

59 4054 155 4108 Actor.
176 4058 204 4120 t,
221 4071 248 4106 v.
265 4058 313 4109 49:
343 4054 458 4109 Ocelum
474 4056 567 4122 ipram
583 4054 684 4108 celiam
702 4072 793 4109 meum
811 4064 852 4110 cet
873 4065 899 4111 et
925 4054 1089 4107 nominant.
1127 4052 1160 4108 In
1178 4049 1225 4105 Ps.
1247 4056 1309 4108 138:
1335 4051 1475 4128 Mirabile
1493 4059 1534 4105 cet
1550 4053 1644 4106 Deam
1662 4053 1764 4122 aliqum

59 4149 140 4194 terra
161 4140 312 4194 scabellum
325 4142 433 4210 pediam
449 4158 586 4209 meorum,
612 4141 662 4194 abi
677 4143 789 4209 damae,
814 4161 899 4212 msam
925 4157 984 4194 cecc
1010 4146 1037 4193 et
1061 4155 1197 4208 nmquam
1223 4138 1334 4206 οοοττο,
1359 4137 1391 4191 in
1413 4138 1540 4193 omnibus
1555 4152 1613 4191 erse
1631 4146 1657 4192 et
1675 4146 1762 4192 totum
1787 4182 1791 4189 .

59 4227 216 4295 aedificetia
234 4227 311 4295 mili,
331 4235 357 4281 et
373 4228 422 4281 abi
439 4228 517 4282 lacae
534 4227 635 4296 qnietis
654 4231 753 4281 meae!
925 4241 995 4293 eree,
1022 4233 1103 4279 cotra
1125 4224 1201 4278 locor
1219 4231 1245 4276 et
1263 4231 1389 4292 ternpore
1403 4240 1460 4294 pro
1476 4224 1615 4293 infinitate
1632 4232 1658 4277 et
1674 4231 1761 4277 aeter·

95 4317 156 4367 174.
174 4315 201 4364 2.
220 4312 267 4365 Ea
281 4313 446 4367 rationibua.
464 4318 488 4369 1.
504 4314 539 4366 ab
557 4315 692 4367 carentiae
710 4314 823 4368 dioneae
834 4316 898 4368 eim-
924 4311 1011 4365 ncne
1027 4328 1081 4364 aaa
1098 4326 1206 4379 eemper
1223 4326 1291 4364 ecee.
1311 4308 1474 4365 Hieremia
1487 4325 1516 4365 c.
1533 4314 1574 4364 66.
1591 4309 1668 4367 Eae:
1689 4310 1761 4371 Quo·

53 4398 196 4467 plicitate.
219 4397 358 4468 Quicquid
376 4397 558 4453 estabsolute
572 4398 811 4469 simplicissimum,
828 4400 898 4461 illud
926 4399 1009 4450 modo
1031 4413 1125 4465 parco
1152 4395 1333 4450 correladetur
1358 4396 1433 4463 loco,
1460 4396 1512 4464 qai
1536 4395 1631 4448 omnia
1656 4395 1761 4465 implet.

59 4500 117 4538 non
139 4481 226 4537 habet
248 4488 355 4554 partem
377 4489 455 4539 extra
476 4490 594 4553 partem.
633 4485 773 4556 Quicquid
791 4491 898 4556 partem
925 4481 1227 4554 damnationum
1251 4481 1281 4535 in
1305 4497 1330 4538 c.
1366 4487 1389 4536 2.
1407 4480 1511 4537 Colore.
1532 4489 1609 4535 certa
1623 4483 1686 4550 fide
1702 4498 1761 4535 cre·

60 4576 141 4624 extra
163 4577 271 4638 partam
292 4585 349 4623 non
372 4567 469 4637 habet,
495 4569 601 4641 ubique
624 4577 712 4626 totum
730 4578 780 4626 ast
815 4571 898 4636 Quia·
926 4572 1048 4624 ciendam
1071 4584 1128 4622 cere
1152 4567 1246 4635 docet,
1270 4568 1349 4637 qaod
1372 4568 1452 4621 Deae
1473 4567 1512 4621 eit
1533 4567 1640 4636 abique.
1682 4566 1761 4623 Idem

60 4653 131 4725 quid
147 4653 253 4725 ubique
270 4661 373 4720 totum
400 4654 470 4709 illud
487 4658 700 4727 omnipraesens.
735 4657 813 4713 Deus
831 4675 899 4731 ergo
924 4655 1017 4712 homil.
1044 4661 1065 4710 1.
1090 4654 1126 4709 de
1149 4653 1282 4726 incompr.
1300 4653 1354 4708 Dei
1376 4660 1432 4708 nat.
1468 4655 1562 4707 Deam
1585 4670 1644 4707 eece
1660 4655 1761 4723 ulique

59 4756 126 4795 cam
142 4739 181 4795 eit
197 4740 426 4811 simplicissimus,
445 4741 498 4797 erit
519 4742 625 4814 ubique
641 4749 724 4800 totus.
759 4743 838 4798 Deus
857 4751 899 4800 est
925 4751 1064 4811 miamqae
1081 4752 1142 4794 esce
1162 4756 1271 4810 qaaqae
1290 4740 1321 4793 in
1333 4747 1420 4808 parte
1437 4739 1514 4793 orba
1530 4747 1670 4794 mmmm
1687 4741 1760 4809 noni,

60 4842 150 4897 paras
171 4830 264 4892 actus,
289 4843 364 4898 ergo.
377 4827 488 4881 omnino
509 4827 700 4893 indivisibilis,
725 4844 793 4900 ergo
809 4828 898 4885 estin
924 4831 976 4884 ced
992 4827 1224 4897 quemadmodem
1240 4826 1285 4889 eit,
1306 4825 1407 4879 necem.
1425 4823 1497 4880 hom.
1513 4830 1538 4881 3.
1560 4824 1664 4893 Ubicree
1682 4825 1761 4878 Deru

58 4911 189 4984 quelibet
208 4929 240 4967 re
264 4920 293 4969 et
315 4913 346 4968 in
369 4914 494 4985 qualibet
517 4916 653 4985 cujusque
670 4915 711 4969 rei
728 4921 808 4985 parte
824 4922 898 4972 tatur
924 4932 982 4969 ease
999 4913 1112 4975 atram,
1131 4912 1199 4981 qaia
1216 4912 1292 4965 nolti
1305 4911 1388 4979 parti
1405 4927 1499 4964 rasum
1517 4912 1616 4964 abeam
1634 4918 1683 4964 eet.
1706 4911 1760 4964 Di·

57 5004 89 5054 et
119 4997 265 5055 indivisus.
300 5004 326 5052 2.
358 5000 393 5052 ab
423 5001 569 5065 infinitate.
608 5000 747 5071 Quicquid
778 5001 899 5057 essentia
923 5002 996 5054 elem
1019 4999 1122 5068 abique
1145 5005 1232 5065 totae,
1258 4997 1328 5066 qnia
1352 5013 1409 5050 non
1428 4996 1512 5065 parti
1532 5013 1626 5050 rerum
1647 5004 1761 5065 partem

57 5102 112 5140 sus
134 5090 178 5140 est
198 5083 337 5140 inlinitum
356 5091 385 5141 ct
401 5085 576 5153 immensam,
605 5086 675 5141 iilud
692 5087 776 5142 etiam
792 5045 1004 5159 nbiqneisuam
1020 5083 1339 5154 permanarent,
1359 5089 1386 5134 et
1402 5081 1489 5135 alteri
1505 5080 1624 5135 οᾱονονο
1637 5089 1760 5151 partem,

56 5187 190 5242 praesens
217 5178 274 5241 est,
303 5171 374 5226 alias
399 5173 461 5226 loco
485 5170 680 5228 terminaretur
704 5188 738 5228 ee
763 5154 974 5239 finimmr.lsed
1001 5169 1147 5240 οοοινιὶοον
1178 5167 1358 5236 aequalibus,
1390 5183 1447 5220 non
1469 5166 1560 5220 eclam
1584 5167 1762 5222 universitati

56 5257 138 5312 Dens
158 5255 281 5319 euntia
305 5275 358 5314 arra
379 5265 422 5313 est
444 5257 575 5313 infinitus.
611 5258 695 5329 Ergo.
726 5262 752 5313 3.
778 5276 811 5320 ea
833 5276 897 5330 cpe-
924 5266 1085 5319 creatorae,
1115 5269 1210 5308 cerum
1239 5253 1324 5307 ctiam
1352 5252 1466 5307 croilibet
1488 5253 1573 5321 parti
1596 5254 1658 5321 ορατ
1685 5262 1761 5307 totae

53 5342 150 5401 mii
169 5350 316 5413 pamla
355 5343 453 5401 Thcm.
478 5361 506 5415 p.
532 5350 553 5399 1.
577 5361 606 5414 q.
631 5348 656 5401 e.
679 5348 730 5398 na
752 5351 773 5400 t.
809 5344 898 5407 Omne
918 5345 1031 5415 pariter
1062 5343 1152 5395 adeat.
1187 5338 1313 5394 Amores.
1345 5336 1374 5392 in
1403 5353 1426 5392 a
1458 5341 1482 5392 3.
1510 5336 1595 5404 Epa:
1628 5338 1761 5408 dplaera

53 5444 149 5501 qens
166 5427 252 5486 debet
270 5445 330 5485 esse
348 5431 528 5500 conjunctum
545 5429 581 5498 ei,
599 5429 628 5483 in
645 5429 721 5501 qaod
738 5428 898 5487 immediate
924 5430 1039 5501 definito
1060 5429 1145 5482 modo
1164 5423 1354 5492 conclads'tar,
1380 5425 1462 5479 Deae
1485 5430 1579 5478 autem
1595 5441 1653 5478 non
1669 5425 1760 5480 eclam

52 5514 400 5588 epitimtelh'pedeteli
418 5522 535 5587 egente,
562 5516 1020 5588 qaodoperamriumeiimplet
1042 5514 1151 5579 omnic,
1175 5512 1227 5567 ud
1252 5509 1416 5580 amma,
1440 5524 1493 5564 aec
1512 5511 1585 5565 enim
1605 5510 1762 5579 clauditur,

1392 5616 1426 5672 tt
