3984 6022
645 289 698 347 nn
718 291 894 350 ransom
908 265 960 344 ’σι
978 287 1141 346 errrore·
1152 293 1331 362 onmem„
1773 299 1832 364 aaa

139 449 162 498 1.
184 445 325 501 conducio
342 446 425 518 hujus
444 447 601 518 argumenti
620 453 760 517 repugnat
777 446 888 502 dirutis
901 445 971 502 Scri-
1001 447 1076 502 diate
1104 448 1182 503 carui
1212 449 1414 505 communicata
1441 455 1519 518 sumt,
1551 450 1615 506 ideo
1641 468 1696 506 non
1723 467 1835 522 possum

136 538 238 599 pturas
261 532 358 600 dictis,
383 532 512 603 quaeda
530 531 603 586 datis
622 532 652 586 iu
670 538 796 604 tempore
812 531 970 604 loquuntur.
999 533 1158 590 immediate
1183 534 1219 589 de
1246 551 1329 590 carne
1354 534 1456 591 Christi
1482 535 1580 590 eadem
1602 537 1774 606 praedicare,
1804 542 1836 592 ut
1930 529 1932 532 ’

136 614 213 686 Ergo
239 617 268 671 in
292 617 408 673 eodesia
429 635 487 674 non
510 625 553 673 est
576 618 723 674 audienda
760 617 834 683 Quin
857 619 913 675 im0
930 624 973 674 est
999 620 1104 674 dicam:
1124 620 1195 676 Oaro
1213 620 1315 676 Christi
1334 626 1378 676 est
1394 628 1514 688 aeterne,
1532 622 1668 677 immensa
1679 629 1707 676 et
1719 623 1835 688 infinita,

136 702 277 757 conclusio
294 703 443 772 haeretica,
460 703 691 760 Samosatauiana
709 702 828 775 scilicet,
847 704 972 761 Samosa
999 706 1048 760 sed
1066 708 1203 761 duntaxat
1220 707 1348 772 mediate,
1366 712 1399 763 ut
1416 707 1520 762 dicam:
1538 707 1610 763 erro
1626 708 1729 764 Christi
1746 708 1833 780 hypo·

135 795 217 843 mnus
253 789 325 843 enim
365 790 461 847 docnt
493 790 542 852 τὰς
575 789 634 846 δύου
666 789 764 864 φύσεις
795 791 973 846 παντάπασιν
998 792 1086 848 russin
1109 792 1245 848 infinitam
1269 798 1312 848 est
1329 792 1449 863 scruta„
1469 792 1591 849 bumana
1609 793 1713 850 Christi
1732 802 1833 850 namra

135 872 337 942 όκοιυουήτους
354 876 435 930 risus.
461 875 538 948 Ergo
557 877 649 931 audiri
668 895 725 933 non
743 877 842 934 debet·
860 877 972 934 hstru·
999 881 1128 934 aeternae
1155 884 1184 935 et
1208 879 1359 935 immensae
1384 879 1601 951 omnipotentiae
1628 880 1769 951 particeps
1791 885 1834 936 est

136 965 217 1014 stura
247 959 331 1032 hujus
361 963 518 1034 argumenti
547 961 630 1019 unice
660 964 757 1018 nititm
788 963 842 1018 hoc
874 963 972 1018 funda
999 963 1082 1019 tacta.
1118 969 1142 1020 t.
1160 965 1385 1021 Fundamentum
1404 964 1487 1037 hujus
1507 965 1691 1021 distinctionis
1710 964 1835 1022 consistit

136 1053 237 1115 mento,
255 1050 332 1115 meod
350 1064 544 1118 eorumquae
564 1058 630 1103 aunt
648 1050 766 1104 οοοόὺσο
782 1068 883 1118 mm,
901 1068 972 1104 com·
998 1050 1027 1103 in
1046 1050 1223 1106 distimtmne
1240 1050 1397 1107 divinorum
1416 1052 1625 1122 attributorum,
1648 1069 1731 1124 qnam
1749 1050 1835 1107 uadit

136 1133 278 1188 manicata
302 1151 357 1189 ano
381 1136 539 1190 neomario
563 1136 648 1190 σοι’σσο
673 1136 888 1191 communicatas·
905 1138 973 1191 alta
999 1135 1170 1191 Athanasius
1196 1136 1225 1190 in
1253 1154 1331 1194 seno.
1358 1138 1393 1192 de
1419 1138 1547 1193 sanctiss.
1590 1137 1713 1209 Deipara
1733 1148 1759 1192 et
1776 1154 1833 1191 am·

136 1238 207 1274 nass.
244 1220 285 1274 st
308 1220 377 1275 haec
398 1221 550 1291 propositio
575 1220 606 1275 in
625 1220 727 1277 divinis
746 1222 885 1293 mysteriis
904 1223 972 1276 mul·
997 1221 1159 1291 plectuntur
1183 1223 1334 1289 Zenobiae,
1365 1224 1483 1280 Sohnius
1509 1230 1594 1296 atque
1618 1224 1667 1279 alii
1690 1241 1723 1280 ex
1742 1223 1833 1279 Calvi·
1854 1238 1856 1243 ·

137 1313 180 1360 tas
199 1306 305 1376 patitur
324 1306 471 1368 ἐνστάσεις.
505 1307 672 1380 Hypostasis
691 1314 720 1364 et
737 1309 857 1364 essentia
872 1309 972 1364 inDeo
998 1307 1104 1372 niuniu,
1129 1307 1202 1364 inter
1228 1310 1411 1380 proprietatos
1432 1311 1525 1379 primi
1548 1319 1574 1365 at
1590 1311 1708 1366 remandi
1723 1310 1834 1379 penoris
1939 1354 1950 1377 ,

137 1391 223 1447 Patre
242 1399 307 1447 sunt
324 1394 437 1449 realiter
454 1412 554 1464 unum,
582 1394 693 1450 interim
712 1394 798 1450 Pater
816 1412 866 1465 per
885 1401 972 1449 aeter·
998 1394 1056 1448 sive
1080 1392 1153 1449 inter
1178 1395 1312 1450 attributa
1333 1394 1388 1450 Dei
1413 1394 1582 1467 ἀνενέργηιο
1600 1401 1647 1451 καὶ
1663 1393 1834 1470 ’ἐνεργησικοὺ

72 1486 121 1528 aaa.
135 1495 201 1532 nam
224 1477 432 1549 generationem
453 1479 526 1535 Filio
551 1481 765 1537 communicavit
782 1498 861 1536 suam
882 1496 972 1535 essen·
999 1481 1093 1533 Primi
1112 1482 1224 1549 poneris
1246 1481 1382 1537 attributa
1405 1488 1485 1551 sunt,
1510 1500 1582 1555 qnae
1606 1485 1636 1537 in
1657 1484 1776 1539 essentia
1801 1496 1834 1538 ac

135 1563 217 1631 tium
242 1581 298 1618 non
321 1571 415 1619 autem
439 1565 610 1636 hypostasin.
646 1566 826 1637 Hypostasis,
854 1565 972 1621 msenfia
998 1570 1099 1620 natura
1116 1566 1211 1621 divina
1228 1566 1268 1621 ita
1285 1572 1430 1622 venantur
1447 1574 1476 1624 et
1494 1569 1714 1639 considerantur,
1733 1575 1766 1637 ut
1784 1584 1834 1640 per

136 1649 309 1705 atattributa
319 1650 427 1721 Λόγου,
446 1652 595 1708 aeternitas
606 1651 893 1721 scilicetetinfinitas,
908 1657 973 1707 sunt
998 1651 1171 1723 operationes
1202 1652 1324 1707 exterius
1357 1670 1417 1709 sese
1445 1671 1501 1709 non
1530 1662 1677 1724 exserant5
1719 1657 1835 1710 amandi

134 1735 247 1791 realiter
273 1753 358 1790 unum
385 1744 414 1792 st
435 1743 532 1793 tamen
546 1737 642 1808 Λόγος
662 1737 819 1794 ὑπόστασιν
835 1754 914 1792 suam
931 1736 971 1791 in·
997 1739 1108 1806 panaria
1135 1738 1272 1793 attributa
1299 1747 1378 1810 sunt,
1408 1740 1510 1812 quibus
1537 1747 1639 1796 natura
1663 1741 1758 1796 divina
1781 1754 1834 1796 ceu

134 1819 243 1878 finitam
267 1829 295 1877 et
316 1829 456 1878 aeternam
483 1825 713 1880 communicando
738 1829 879 1880 assumtae
895 1823 971 1880 carni
999 1823 1108 1878 actibus
1127 1824 1358 1881 substantialibus
1376 1831 1405 1881 et
1422 1827 1588 1900 energeticis
1606 1832 1729 1892 constat,
1750 1841 1833 1899 quae·

135 1908 253 1963 eandem
276 1926 331 1964 oon
350 1911 473 1967 reddidit
490 1910 626 1967 infinitam
645 1918 673 1967 et
688 1918 837 1967 ammaum.
874 1910 970 1981 Hypo
997 1926 1052 1980 que
1081 1927 1131 1981 per
1160 1910 1333 1982 operationes
1363 1929 1393 1967 se
1425 1918 1555 1969 exserunt
1586 1929 1654 1984 erga
1683 1918 1831 1968 creaturas.

134 1993 217 2048 atesis
235 2000 264 2050 et
280 1996 434 2065 personalis
453 1996 608 2069 proprietas
625 1997 655 2052 in
674 1996 761 2067 Λόγῳ
781 2003 847 2052 sunt
861 1995 972 2051 realiter
998 1995 1129 2061 Quamvis
1148 1997 1221 2051 euim
1239 1997 1375 2052 attributa
1398 1997 1458 2052 κατ’
1478 1998 1544 2054 aiud
1563 1998 1637 2054 intra
1654 1999 1745 2070 ipsum
1763 1998 1832 2052 diri·

135 2097 229 2149 unum,
247 2087 276 2136 et
293 2087 386 2138 tamen
403 2089 518 2154 propter
528 2082 627 2152 Λόγου
639 2081 794 2138 ὑπόστασιν
807 2081 884 2136 carni
898 2097 969 2136 com·
997 2081 1093 2136 nitatis
1110 2082 1283 2153 complexum
1299 2083 1475 2139 considerata
1491 2085 1561 2140 nihil
1579 2085 1657 2141 aliud
1676 2085 1732 2140 sint
1749 2100 1832 2156 quam

135 2167 304 2223 manicatam
329 2185 394 2224 caro
417 2185 473 2224 non
495 2174 590 2240 potest
612 2182 664 2225 uec
689 2169 774 2225 debet
797 2168 854 2223 dici
871 2166 908 2222 ab
926 2183 970 2222 ae
997 2167 1201 2239 simplicissimis
1220 2168 1275 2225 Dei
1296 2170 1428 2236 essenus,
1455 2187 1511 2242 qua
1536 2172 1643 2227 ratione
1666 2188 1719 2227 nec
1736 2171 1773 2226 ab
1791 2184 1832 2226 es·

135 2260 216 2307 terno
239 2271 257 2308 a
280 2255 365 2310 Patre
391 2256 499 2328 genita,
530 2272 603 2327 quae
626 2256 779 2328 personalis
807 2261 849 2311 est
872 2254 970 2325 Λόγου
997 2253 1087 2310 senna
1104 2255 1158 2311 Dei
1179 2273 1232 2312 nec
1254 2274 1272 2312 a
1295 2275 1325 2314 se
1349 2256 1468 2313 invicem
1487 2256 1711 2328 distinguuntur:
1739 2265 1832 2313 tamen

134 2338 297 2409 proprietas.
333 2341 435 2398 Confer
457 2347 525 2398 orat.
554 2342 716 2413 appendicis
741 2341 803 2397 loco
826 2346 907 2396 tract
935 2340 971 2396 de
997 2341 1022 2394 si
1047 2338 1116 2411 πρὸς
1138 2341 1190 2403 ἔξω
1212 2347 1241 2397 et
1263 2343 1370 2399 ratione
1390 2342 1530 2416 ἐνεργείας
1546 2342 1768 2410 considerentur,
1791 2343 1832 2396 in-

134 2441 207 2494 pars.
237 2425 340 2480 Christi
367 2431 432 2483 torn.
461 2433 482 2483 i.
508 2427 560 2482 loc.
585 2428 749 2498 subjectam.
793 2433 816 2482 3.
843 2427 878 2481 In
908 2425 971 2496 ipsa
997 2425 1085 2480 vicem
1104 2442 1168 2481 asc
1187 2427 1409 2501 distinguuntur,
1434 2428 1490 2483 alia
1513 2427 1587 2483 enim
1606 2443 1690 2498 opera
1707 2427 1831 2482 tribuun-

91 2511 93 2514 ’
135 2515 234 2579 natura
255 2520 403 2568 occmrunt
420 2513 554 2584 exempla,
575 2530 648 2585 quae
666 2512 901 2569 universalitatem
920 2511 970 2565 hu·
997 2519 1043 2567 tur
1061 2513 1173 2568 divinae
1190 2515 1415 2585 omnipotentiae,
1432 2515 1490 2582 alia
1502 2514 1637 2586 justitiae,
1656 2513 1711 2569 alia
1727 2513 1832 2569 miseri·

131 2599 179 2666 jus
198 2599 372 2668 pronuntiati
390 2599 542 2672 infringere
560 2605 685 2671 possunt
719 2600 824 2656 Anima
840 2605 883 2655 est
901 2598 971 2659 ὅλως
997 2599 1115 2655 cordiae.
1151 2606 1175 2655 7.
1203 2600 1393 2672 Quaecunque
1420 2617 1486 2672 ergo
1509 2600 1692 2672 proprietates
1722 2599 1832 2656 divinae

135 2681 203 2737 iter
221 2689 249 2738 et
267 2682 427 2754 dissiperis
446 2705 471 2739 a
497 2701 550 2741 nec
576 2703 595 2740 a
619 2686 677 2741 suis
701 2685 834 2756 potentiis
861 2684 971 2741 realiter
997 2691 1113 2740 naturae
1140 2685 1180 2740 ita
1208 2692 1273 2741 sunt
1295 2687 1372 2742 carni
1395 2686 1627 2755 communicatae,
1656 2693 1689 2741 nt
1709 2701 1757 2742 cas
1776 2702 1831 2741 non

135 2768 241 2836 differt,
266 2770 376 2826 interim
392 2776 487 2828 tamen
506 2772 614 2842 corpori
632 2771 818 2827 communicat
836 2771 892 2825 vim
910 2787 970 2826 sen·
996 2777 1104 2827 tantum
1121 2789 1171 2842 per
1188 2774 1318 2828 unionem
1335 2774 1508 2844 personalem
1526 2772 1555 2827 in
1574 2773 1637 2842 ipsa
1660 2774 1710 2825 τοὺ
1731 2772 1830 2842 Λόγου

134 2855 236 2925 tioudi,
255 2858 398 2927 morendi,
414 2875 472 2912 non
490 2865 584 2914 sutem
603 2857 841 2929 spiritualitatem,
860 2859 970 2912 immor
998 2857 1148 2912 ὑποστάσει
1171 2858 1325 2928 possideat,
1349 2859 1399 2914 sed
1421 2858 1505 2915 etiam
1522 2857 1537 2913 ό
1554 2859 1651 2930 Λόγος
1668 2873 1719 2928 per
1735 2873 1831 2928 opera·

133 2941 288 3013 talitatenr,
312 2950 363 3000 etc.
399 2943 477 3015 Ignis
499 2945 573 3001 ferro
591 2944 777 3000 communicat
798 2945 855 2999 vim
872 2944 971 3001 urendi
996 2943 1098 2999 tionem
1125 2961 1171 2999 eas
1196 2943 1225 2998 in
1251 2959 1334 2999 carne
1356 2951 1481 3014 emerat,
1508 2944 1573 2999 illae
1596 2943 1679 3000 stiam
1701 2941 1741 2997 ita
1766 2945 1831 2996 sunt

135 3035 164 3084 et
188 3029 313 3098 lucendi,
339 3048 395 3085 non
421 3037 514 3086 autem
536 3031 686 3087 levitatem.
722 3038 747 3087 4.
764 3030 970 3103 Distinguimus
995 3028 1230 3096 communicatae,
1266 3035 1299 3083 ut
1333 3029 1368 3085 de
1399 3045 1483 3085 carne
1515 3035 1639 3084 assumta
1672 3027 1831 3083 immediate

134 3133 202 3188 ergo
224 3115 297 3173 inter
315 3117 591 3174 communicationem
608 3117 797 3173 immediatam
815 3134 848 3172 ac
867 3117 970 3172 media·
994 3114 1198 3184 praedicentur.
1234 3113 1270 3169 V.
1296 3130 1324 3185 g.
1353 3115 1555 3186 omnipotentia
1583 3117 1634 3170 roi
1663 3114 1763 3185 Λόγου
1790 3113 1830 3168 ita

133 3207 200 3257 tam
241 3202 314 3259 Tota
343 3203 486 3282 plenitudo
517 3204 630 3260 deitatis
658 3203 768 3260 habitat
791 3204 821 3258 in
848 3209 971 3258 assumta
995 3206 1038 3255 ost
1063 3209 1203 3255 assumtae
1229 3199 1307 3254 carni
1333 3200 1550 3269 communicata,
1578 3206 1612 3256 ut
1639 3213 1701 3256 eam
1730 3205 1831 3254 natura

133 3305 225 3353 carna,
245 3288 304 3345 Col.
324 3295 349 3357 2,
367 3308 391 3344 v.
412 3295 436 3358 9,
456 3305 528 3360 quae
544 3289 709 3346 inhabitatio
726 3306 783 3346 non
800 3295 970 3360 potestesse
995 3292 1119 3342 msumta
1144 3300 1200 3340 non
1226 3290 1334 3341 tantum
1356 3285 1385 3340 in
1408 3302 1527 3357 persona
1548 3289 1599 3340 τοῦ
1620 3285 1720 3357 Λόγου
1742 3285 1830 3356 possi·

133 3374 241 3446 absque
266 3374 522 3431 communicatione
564 3376 628 3432 dam
654 3392 720 3431 vero
744 3383 804 3432 tota
824 3375 970 3447 plenitudo
996 3372 1070 3441 dest,
1089 3372 1138 3427 sed
1158 3371 1240 3427 etiam
1258 3379 1290 3426 ut
1309 3371 1324 3425 ὁ
1343 3373 1439 3443 Λόγος
1455 3372 1672 3443 omnipotentiae
1683 3387 1768 3442 opera
1780 3386 1831 3441 per

133 3461 246 3517 dmtatis
272 3462 379 3517 ambitu
396 3479 446 3517 suo
464 3462 658 3533 complectitur
674 3459 769 3518 emnia
786 3463 881 3518 divina
900 3461 967 3517 idio
994 3474 1106 3515 carnem
1130 3463 1239 3514 exserat
1261 3458 1290 3512 in
1312 3457 1532 3529 omnipraesente
1549 3459 1619 3514 coeli
1637 3475 1656 3514 a
1672 3463 1763 3514 terras
1782 3455 1830 3512 do·

132 3553 216 3603 mata
251 3547 372 3603 Proinde
393 3554 425 3602 ut
439 3553 500 3602 tota
515 3547 661 3618 plenitudo
680 3548 792 3604 deitatis
807 3552 858 3603 τοὺ
869 3547 968 3619 Λόγου
994 3544 1087 3614 minio,
1106 3545 1136 3598 in
1153 3543 1349 3599 miraculorum
1367 3544 1535 3615 operatione,
1553 3545 1583 3598 in
1602 3549 1772 3599 mortuorum
1787 3558 1829 3597 re

131 3640 175 3690 est
193 3634 270 3689 carni
287 3633 502 3701 communicata,
528 3633 568 3689 ita
591 3648 701 3706 quoque
724 3634 818 3690 omnia
833 3634 967 3689 idiomata
993 3631 1185 3699 amcitationa,
1210 3637 1261 3686 etc.
1302 3629 1378 3701 Ergo
1404 3630 1489 3686 etiam
1510 3630 1712 3702 omnipotentia
1733 3628 1828 3683 imme-
1843 3642 1882 3681 rrr.
1895 3641 1942 3684 aar.

130 3722 181 3775 τοὺ
200 3719 299 3792 Λόγου
317 3719 407 3776 eidem
425 3720 627 3775 communicata
646 3724 712 3774 sunt
730 3719 857 3789 dicenda,
876 3719 901 3773 si
911 3736 968 3774 non
994 3716 1069 3772 diste
1087 3716 1121 3771 de
1139 3720 1262 3771 assumta
1279 3720 1380 3770 natura
1396 3715 1588 3785 praedicatur,
1616 3722 1648 3770 ut
1663 3715 1767 3786 possim
1785 3714 1828 3768 di-

130 3807 297 3878 immediste,
316 3814 410 3862 umen
428 3805 556 3862 mediate.
594 3805 639 3863 Sic
657 3805 788 3874 infinitas,
808 3805 966 3875 aeternitas,
993 3819 1071 3859 cere:
1108 3802 1234 3865 Obrutus
1263 3800 1415 3856 secundum
1443 3799 1594 3857 humanam
1626 3808 1756 3857 naturam
1785 3805 1830 3856 est

130 3894 301 3950 immensitas
330 3898 379 3948 σοῦ
409 3892 509 3963 Λόγου
541 3909 598 3947 non
626 3897 669 3948 est
701 3892 861 3947 immediate
889 3891 968 3947 carni
993 3889 1172 3960 omnipotens.
1210 3887 1399 3959 Quaecunque
1418 3903 1483 3944 vero
1502 3889 1685 3960 proprietates
1705 3887 1746 3944 ita
1764 3891 1830 3942 sunt

130 3979 347 4048 communicata,
373 3979 440 4051 quia
456 3995 507 4050 per
525 3976 756 4033 inhabitationem
775 3979 860 4033 totius
879 3976 966 4049 pieni·
993 3975 1225 4045 communicatae,
1248 3980 1281 4029 ut
1307 3989 1373 4029 caro
1394 3990 1442 4030 eas
1467 3974 1497 4029 in
1517 3990 1638 4046 persona
1659 3977 1709 4029 rori
1728 3973 1828 4042 Λόγου

129 4065 235 4122 tudinis
254 4067 303 4120 τοῦ
320 4064 421 4136 Λόγου
438 4070 469 4121 et
480 4080 531 4135 per
542 4064 671 4119 umonem
683 4065 857 4135 personalem
865 4063 966 4134 Λόγου
993 4061 1141 4132 possideat,
1161 4077 1217 4117 non
1235 4065 1329 4116 autem
1345 4077 1397 4132 per
1412 4061 1601 4133 operationem
1618 4065 1739 4128 exserat,
1763 4057 1829 4112 illae

129 4150 229 4208 infiniti
254 4158 283 4207 et
304 4151 432 4207 immensi
456 4168 521 4207 caro
544 4167 601 4207 non
616 4157 659 4205 est
676 4149 753 4205 facta
773 4149 892 4219 infinita,
918 4149 966 4203 im·
992 4165 1048 4202 non
1078 4147 1275 4219 praedicantur
1310 4147 1469 4204 immediate
1500 4148 1537 4203 de
1567 4151 1691 4202 assumta
1720 4149 1828 4198 natura

129 4255 226 4296 mensa
243 4244 272 4293 et
289 4244 415 4304 aeterum
441 4238 511 4293 alias
529 4237 607 4293 Deus
631 4229 750 4309 ageret,
767 4253 838 4307 quae
855 4234 967 4292 veritati
993 4233 1028 4288 V.
1047 4248 1075 4304 g.
1093 4232 1215 4288 infinitas
1231 4234 1281 4286 τοὺ
1300 4232 1400 4304 Λόγου
1421 4251 1477 4289 non
1493 4234 1594 4289 emerit
1610 4250 1640 4288 se
1659 4248 1710 4303 per
1724 4246 1829 4284 assum·

128 4331 247 4380 natmae
265 4340 333 4379 suae
349 4330 515 4394 repugnant,
534 4323 752 4380 communicaret
770 4321 843 4378 enim
861 4320 966 4392 aliquid
993 4324 1050 4373 tam
1068 4333 1186 4384 munem,
1205 4335 1271 4390 ergo
1291 4319 1376 4374 etiam
1395 4319 1559 4375 infinitatem
1575 4337 1630 4374 non
1649 4332 1762 4389 possum
1779 4315 1829 4368 inr-

129 4411 171 4478 ei,
198 4408 273 4478 quod
298 4409 421 4463 nondum
445 4415 500 4477 est,
526 4425 589 4464 cum
608 4409 730 4466 humana
747 4408 850 4464 Christi
868 4413 968 4463 natura
994 4405 1113 4460 mediate
1130 4403 1165 4458 de
1183 4412 1306 4460 assumta
1325 4421 1409 4461 carne
1424 4407 1595 4477 praedicare.
1631 4403 1735 4472 Causa,
1752 4401 1829 4474 quod

128 4513 187 4555 aon
205 4492 289 4547 inerit
303 4494 341 4548 ab
358 4501 485 4563 aeterno,
511 4494 561 4551 sed
584 4497 707 4566 coeperit
730 4496 759 4550 in
777 4501 914 4566 tempore,
937 4493 967 4548 in
994 4494 1118 4546 assumta
1136 4505 1201 4545 caro
1224 4506 1318 4545 omnes
1336 4491 1448 4547 divinae
1466 4499 1582 4548 namrae
1598 4489 1783 4562 proprietates
1799 4487 1829 4542 is

129 4581 220 4653 primo
239 4577 346 4634 scilicet
363 4580 560 4637 incusationis
577 4587 731 4652 momento3
749 4599 783 4638 ac
800 4583 903 4637 veritas
916 4582 967 4636 hn-
992 4592 1113 4651 persona
1140 4580 1188 4630 ιοὺ
1214 4575 1313 4645 Λόγου
1337 4576 1390 4632 sibi
1414 4575 1628 4632 communicatas
1653 4574 1770 4639 habeat,
1797 4565 1830 4628 ‘et

130 4680 231 4722 manae
248 4670 365 4720 naturas
381 4671 566 4737 everteretur,
589 4667 656 4738 quia
673 4667 808 4735 infinitas,
830 4667 968 4722 immensi·
993 4671 1086 4720 tamen
1104 4680 1159 4717 uon
1176 4679 1271 4718 omnes
1289 4670 1318 4719 et
1334 4664 1461 4736 singulae
1483 4662 1519 4719 de
1536 4667 1659 4719 assumta
1677 4677 1761 4717 carne
1779 4661 1828 4714 im·

131 4757 191 4820 tu,
215 4749 378 4818 aeternitas,
402 4751 586 4822 spiritualitas
609 4752 712 4807 finitati
736 4759 765 4807 et
790 4753 968 4824 corporeitati
993 4749 1114 4806 mediate
1131 4748 1336 4820 praedicentur,
1354 4766 1410 4804 non
1429 4749 1563 4821 estquod
1582 4748 1644 4802 κου’
1667 4749 1722 4803 ἔσσο
1740 4746 1829 4802 consi·

130 4843 176 4909 (nt
197 4836 239 4893 sic
260 4837 368 4908 loquar)
394 4835 532 4894 humrnae
554 4844 672 4895 naturae
689 4839 902 4894 mnnamcmrie
918 4856 967 4911 op·
994 4838 1106 4893 deratrm
1127 4834 1240 4892 realiter
1263 4835 1382 4893 invicem
1405 4834 1613 4907 dutinguannrr
1633 4832 1678 4890 vel
1703 4849 1769 4889 ase
1787 4833 1829 4887 iu·

130 4928 286 4997 ponuntur:
316 4923 427 4978 interim
449 4929 545 4981 tamen
569 4925 689 4980 mediate
708 4925 792 4980 etiam
811 4925 880 4981 haec
898 4927 967 4982 idio
993 4923 1083 4978 vicem
1106 4928 1281 4992 separentur,
1309 4923 1359 4978 sed
1386 4921 1461 4993 qnod
1487 4921 1547 4975 κοτ’
1569 4921 1619 4984 ἔξω
1638 4920 1830 4978 consideratae

131 5015 209 5066 mata
224 5009 303 5066 carni
320 5015 459 5066 munitas
477 5013 543 5065 sunt
559 5011 776 5078 communicata,
795 5011 863 5082 quia
878 5010 966 5082 hypo
993 5009 1022 5062 in
1052 5008 1212 5078 operatione
1245 5024 1306 5064 sese
1331 5023 1386 5062 non
1413 5023 1507 5062 omnes
1537 5014 1671 5063 exserant.
1713 5004 1830 5077 Regerit
1899 5020 1906 5034 ‘

131 5096 216 5152 ansa
238 5099 287 5151 roo
311 5097 410 5167 Λόγου
434 5096 511 5151 carni
529 5097 734 5152 οουοοοίοοοο
750 5103 792 5151 est
813 5096 922 5153 mfimn
940 5104 969 5154 a
993 5095 1121 5150 Βοιιοοοι.
1142 5101 1167 5151 a.
1187 5087 1222 5149 oe
1239 5093 1350 5148 carim
1368 5109 1392 5149 e.
1413 5099 1459 5149 ro:
1483 5094 1609 5147 maana
1627 5093 1721 5148 onata
1738 5093 1830 5146 meme

131 5189 257 5248 aeternam
275 5182 476 5253 omnipotentia
494 5183 570 5237 carni
589 5183 792 5238 communicata
804 5188 846 5238 est
859 5183 969 5239 infinita
988 5197 1045 5250 per
1080 5181 1280 5235 immantatum
1317 5187 1413 5247 operat
1449 5187 1475 5232 ct
1508 5179 1643 5232 οασίόιιισ
1676 5179 1770 5232 omnia
1800 5179 1832 5230 in

131 5276 162 5325 et
178 5274 305 5337 aetam,
329 5275 383 5325 etc.
419 5273 444 5326 ό.
465 5268 638 5322 Immediatc
660 5270 872 5323 communicatio
886 5272 968 5339 parit
993 5267 1101 5321 actiorm
1118 5267 1317 5334 consiatmanty
1335 5266 1430 5320 adbuc
1447 5282 1504 5318 non
1518 5272 1616 5335 posset
1635 5264 1695 5317 dici
1705 5264 1829 5318 hnmani-

129 5355 322 5409 immsdiatam
336 5355 592 5426 praedicationem,
609 5353 736 5406 mediata
754 5355 967 5410 communicatio
992 5360 1037 5407 tas
1054 5352 1235 5422 omnipotens,
1254 5358 1315 5417 eta,
1334 5367 1385 5406 nec
1404 5351 1478 5405 anim
1496 5351 1617 5421 epitheto
1634 5366 1737 5405 consae
1746 5350 1830 5420 prin·

128 5441 291 5504 medimna,
310 5447 478 5498 amantem
493 5438 667 5508 immediata,
685 5438 705 5494 i.
725 5453 749 5495 s.
768 5439 835 5510 quia
850 5441 967 5496 aeterni·
991 5437 1096 5508 cipalis
1123 5439 1286 5492 conveniam
1313 5439 1511 5506 instrumento,
1543 5437 1655 5507 alioqui
1679 5454 1741 5491 cam
1767 5437 1832 5507 qao

126 5533 181 5599 tas,
199 5524 323 5583 infinitas
342 5533 371 5583 et
387 5526 557 5584 immanitas
574 5541 631 5581 non
646 5524 886 5591 inmoriemur
904 5542 974 5583 mo·
990 5527 1073 5579 docte
1091 5531 1117 5578 et
1134 5525 1277 5594 sapienter
1293 5525 1442 5590 scribam,
1465 5524 1593 5578 commas
1617 5526 1717 5580 doctas
1735 5533 1761 5580 et
1778 5537 1828 5577 sa·
1859 5544 1863 5551 ·
