3984 6022
730 180 1162 284 eramusmaerore
1708 262 1721 317 ·.
1751 240 1792 301 ,ι

104 374 176 431 aaut
192 372 262 430 alibi
281 374 390 446 plenius
407 376 463 432 fuit
480 377 705 433 demonstratum.
741 378 797 434 llic
815 378 935 435 sufficiat
964 398 1025 436 mur
1044 399 1104 438 esse
1122 383 1244 439 divinam
1261 388 1290 439 st
1306 400 1358 455 pro
1375 383 1470 438 divina
1488 383 1653 457 habeamus,
1674 393 1717 443 est
1734 388 1795 461 Spi-

104 460 246 517 adducsre
272 460 362 516 locum
386 481 420 518 ex
440 464 505 534 jure
524 463 657 520 canonico
680 481 705 521 c.
748 465 778 523 Si
799 464 935 522 &mano
961 467 1030 547 ritus
1047 477 1158 524 rancun
1175 469 1486 541 inScripturaloquem
1501 478 1531 527 st
1544 470 1703 541 testificans,
1719 474 1814 546 quad·

103 563 171 603 rum.
201 547 265 603 dist
297 550 336 604 te.
373 549 408 603 Si
439 550 518 603 Vena
544 550 706 620 Nasumque
736 557 935 606 Testamentum
964 553 1089 623 Spiritus
1112 556 1149 609 sit
1172 557 1275 610 veritas
1302 563 1325 612 l.
1343 556 1406 612 Job.
1424 563 1453 626 5,
1477 576 1502 612 v.
1523 563 1545 614 6.
1582 558 1710 616 Secundo
1733 561 1794 619 loco

10 629 26 669 ¹·
39 626 79 668 ὓ·
103 640 165 687 sau
192 633 374 703 nazirimda,
410 638 487 704 quad
516 637 550 689 dc
578 636 622 689 his
650 636 819 707 recipiendis
846 638 938 691 saucii
962 642 1090 711 ponenda
1123 650 1186 698 sunt
1217 643 1340 716 κριτήρια
1368 643 1494 712 interna,
1528 645 1609 701 tertio
1637 646 1795 704 testimonia

103 719 206 789 Papus
223 719 380 775 inocentii
391 721 510 790 palata
535 723 664 775 videatur
683 723 767 776 etiarn
792 725 935 791 sementia,
963 733 1093 791 externa,
1119 747 1191 801 quae
1213 731 1249 785 ab
1268 732 1342 786 omni
1367 731 1507 786 hominum
1530 750 1639 803 genere,
1653 739 1794 803 petuntur.

103 811 190 859 rotat
209 807 288 875 quod
310 806 464 861 aeasmla
481 808 623 877 ¹spinolas
645 809 837 863 Romaanus-am
864 827 935 880 poa·
963 813 1067 870 Ordine
1087 816 1198 887 quidem
1225 818 1381 874 testificatio
1402 819 1549 885 ecclesiae,
1574 836 1625 891 per
1649 837 1732 891 quam
1756 822 1793 877 ad

102 891 206 961 tifiersm
223 900 286 946 sust
302 894 490 963 remps'sadaa
509 896 641 963 proraiam
659 896 732 949 inter
752 896 828 966 ipsos
853 915 935 950 carso·
964 899 1119 971 Scripturas
1139 904 1271 974 legendas
1288 905 1447 972 invitamur,
1475 912 1567 976 potest
1590 922 1650 962 asse
1674 907 1794 977 primum

102 994 150 1031 ass
166 996 252 1032 naam
269 980 308 1035 Β.
327 981 428 1034 Leords
445 982 546 1051 Papae
569 981 722 1050 capitulam
745 991 852 1037 coratat
876 1001 935 1037 esse
962 987 1162 1056 testimonium,
1187 1007 1242 1044 non
1266 996 1359 1046 autem
1384 991 1521 1061 dignitate
1542 991 1588 1045 vel
1610 991 1795 1062 persuadendi

97 1067 276 1135 pemmtam,
295 1085 349 1138 qao
369 1070 410 1122 ita
428 1070 523 1122 ommia
535 1070 690 1123 demetalia
701 1072 849 1125 constituta
859 1071 936 1124 sedis
964 1071 1097 1128 efficacia
1137 1073 1238 1131 Refero
1262 1074 1315 1129 huc
1340 1074 1426 1130 verba
1448 1074 1610 1130 Bellarmini
1634 1074 1697 1131 libr.
1720 1081 1736 1131 3
1759 1076 1795 1133 de

102 1152 275 1221 apostolicae
292 1156 431 1208 custodiri
446 1158 635 1221 mandantur,
662 1165 692 1209 at
709 1158 736 1210 ιι
754 1158 816 1227 quse
833 1159 863 1210 s'rs
880 1156 934 1210 illa
965 1158 1100 1214 instita.
1119 1167 1141 1215 3.
1160 1156 1188 1233 ξ.
1218 1161 1377 1231 Atinquit:
1413 1162 1548 1215 Probatio
1566 1162 1697 1217 aceras
1706 1162 1795 1231 sacal,

100 1239 281 1305 maces,
299 1241 408 1295 neniam
426 1241 481 1295 sibi
497 1242 634 1310 &aspari
651 1244 764 1297 manmit.
962 1252 991 1297 at
1009 1245 1133 1298 casar'daa
1151 1246 1312 1305 innotescat.
1332 1247 1466 1314 objectam
1477 1246 1552 1300 iliad
1568 1264 1626 1301 ease
1642 1247 1794 1302 revelatam

134 1329 174 1380 39.
209 1324 297 1381 Hisce
314 1329 473 1397 praemissis
492 1337 588 1385 canna
607 1330 764 1399 pontificem
784 1329 860 1383 illam
884 1329 934 1400 hy·
962 1348 981 1383 a
999 1332 1063 1385 Dea
1083 1340 1109 1384 st
1126 1341 1242 1401 propter
1261 1333 1312 1385 boc
1336 1341 1439 1386 certam
1462 1340 1487 1386 st
1512 1332 1715 1402 indubitatam,
1738 1352 1795 1389 aaa

99 1410 226 1481 pothesin
240 1412 280 1467 sic
297 1414 496 1469 concludimus.
527 1423 548 1472 1.
569 1434 588 1468 a
606 1434 692 1469 saraa
711 1416 931 1486 efficicatepria·
962 1424 1052 1471 antem
1080 1417 1176 1470 trihrdt
1197 1418 1360 1487 firmitatem
1387 1420 1468 1471 srcrbo
1495 1419 1554 1471 Dei
1580 1418 1694 1488 aliquid
1719 1436 1793 1474 reae-

99 1497 198 1566 cipali
231 1498 392 1556 Auctoritas
413 1500 537 1570 pendens
555 1518 573 1555 a
592 1501 650 1556 solo
668 1500 737 1570 Deo,
758 1518 813 1556 non
831 1502 934 1572 pendet
961 1503 1055 1557 laniis.

99 1580 135 1637 ab
153 1585 318 1642 auctoritate
338 1587 479 1643 ecclesiae.
515 1587 674 1659 Scripturas
693 1595 836 1647 aestaset
853 1605 933 1643 cano-
996 1596 1036 1644 40.
1073 1593 1099 1645 2.
1127 1590 1153 1641 A
1172 1606 1258 1642 saraa
1275 1588 1409 1656 formali.
1454 1587 1652 1660 Quodcumque
1669 1594 1733 1645 aute
1751 1607 1793 1647 ec·

99 1668 179 1725 aicae
195 1671 347 1727 auctoritas
368 1673 506 1743 pendete
532 1674 590 1729 solo
608 1674 677 1729 Deo.
712 1673 795 1745 Ergo.
820 1675 933 1728 Assum·
961 1673 1061 1730 clasiae
1075 1675 1213 1744 judicium
1239 1680 1268 1730 et
1292 1673 1479 1729 testimonium
1504 1691 1584 1729 suam
1600 1674 1793 1732 auctoritatem

99 1755 315 1826 temptabatur.
353 1765 375 1814 t.
393 1759 460 1830 quis
478 1759 608 1816 effectum
625 1776 704 1814 suam
725 1760 889 1831 digmtatem
907 1767 934 1815 et
962 1760 1084 1827 obtinet,
1107 1763 1167 1830 ejus
1193 1759 1344 1815 auctoritas
1375 1777 1430 1814 non
1458 1759 1561 1829 pendet
1592 1759 1629 1814 ab
1660 1759 1794 1817 ecclesiae

100 1843 299 1912 praestantium
326 1844 433 1899 obtinet
456 1862 473 1899 a
498 1863 549 1900 sua
573 1862 665 1900 causa
699 1845 765 1901 Jam
788 1863 852 1901 vero
877 1862 931 1901 non
957 1846 1065 1915 judicio
1081 1862 1114 1900 ac
1133 1845 1296 1901 testimonio.
1341 1844 1396 1900 Sed
1416 1844 1559 1914 Scriptura
1577 1852 1642 1901 ants
1660 1845 1793 1903 ecclesiae

100 1927 225 1998 ccclesia,
244 1929 295 1984 sed
303 1929 381 1984 Dens
396 1937 438 1985 est
450 1930 610 1999 Scripturas
622 1938 725 1986 auctor.
744 1938 767 1987 ι.
782 1931 933 1986 auctoritas
959 1931 1098 2001 judicium
1126 1948 1204 1987 suam
1225 1931 1331 1986 obtinet
1355 1931 1555 1986 auctoritatem.
1589 1931 1674 2003 Ergo.
1714 1931 1793 1988 Exci-

100 2029 133 2069 ac
149 2016 282 2086 majssm
300 2015 459 2087 Scripturas
481 2024 523 2071 est
539 2017 596 2087 ipsi
616 2016 750 2072 divinitus
770 2017 867 2085 insita,
893 2024 934 2071 est
961 2017 1052 2088 piunt,
1069 2019 1231 2088 Scripturas
1244 2020 1340 2086 quoad
1359 2035 1410 2070 aas
1428 2035 1484 2070 noa
1502 2017 1624 2071 obtinere
1642 2019 1793 2072 auctorita·

100 2099 153 2171 ipsi
169 2100 291 2169 interna,
308 2102 467 2158 immediate
484 2109 512 2158 et
531 2120 581 2175 per
598 2119 628 2157 se
648 2102 800 2165 inhaerens,
819 2103 933 2175 proinde
960 2111 1027 2167 tem,
1057 2112 1204 2173 aateqscam
1222 2105 1339 2156 accedat
1357 2103 1488 2157 acclamas
1507 2104 1690 2158 testimoniam
1708 2104 1793 2173 etja-

103 2203 156 2241 nou
173 2187 315 2258 dependet
332 2189 444 2244 aliunde
470 2190 631 2262 aquodam
657 2190 793 2260 principio
814 2194 934 2258 artemo,
961 2189 1073 2242 eliciam.
1109 2189 1192 2261 Rssp.
1228 2189 1385 2261 Scripturas
1412 2191 1441 2244 in
1471 2207 1501 2245 ss
1532 2207 1566 2245 ac
1593 2207 1643 2263 per
1670 2206 1699 2245 se
1727 2198 1793 2246 sunt

102 2287 151 2326 nec
179 2280 303 2328 mutatur
332 2276 428 2330 eodem
455 2282 567 2331 artemo
596 2283 718 2344 mutato,
749 2276 798 2330 sed
827 2292 935 2346 semper
961 2275 1144 2344 authenticae,
1163 2275 1322 2329 αὐτόπιστοι
1340 2280 1386 2328 καὶ
1405 2276 1560 2338 ἀξιόπιστοι
1573 2284 1637 2332 ante
1649 2283 1792 2331 externum

102 2357 198 2415 codem
215 2360 300 2415 modo
317 2378 377 2417 sese
397 2361 488 2418 babet.
517 2362 681 2432 Excipiunt:
701 2363 934 2430 Distiaqueadam
961 2361 1093 2419 ecclesias
1109 2361 1309 2429 testimonium,
1337 2363 1403 2433 quia
1419 2367 1484 2417 sunt
1502 2360 1691 2417 θιόιινιυσιοι.
1726 2361 1791 2418 an

105 2460 160 2498 esse
173 2446 247 2499 iater-
258 2449 451 2502 auctoritatem
463 2449 628 2518 Scripturas
646 2449 676 2502 ia
694 2466 722 2502 se
740 2451 872 2518 etqaoad
883 2466 934 2502 aas
961 2464 1025 2503 vero
1042 2448 1111 2501 illud
1128 2455 1169 2502 est
1194 2447 1397 2511 authenticum,
1425 2446 1592 2502 airdmaror
1618 2451 1665 2500 sol
1688 2447 1791 2510 ἀξιόπι-

103 2532 316 2600 ccruidcratam,
331 2535 458 2603 priorem
476 2538 629 2590 comedant
648 2538 804 2604 dependere
821 2555 840 2589 a
860 2538 932 2618 aaa,
961 2550 1035 2597 aros,
1055 2533 1100 2588 cui
1115 2550 1213 2604 per-ss
1226 2533 1342 2588 debetur
1353 2532 1432 2603 fides,
1450 2531 1678 2604 quodnulloalio
1691 2533 1790 2588 extrin-
1804 2543 1832 2583 11.
1846 2541 1879 2584 so.

102 2619 284 2686 posteriorem
308 2637 373 2674 aero
392 2622 429 2674 ab
452 2621 577 2675 ecclesia.
624 2620 807 2677 Bellarminus
831 2620 893 2675 libr.
918 2625 932 2677 3
962 2635 1024 2674 seco
1036 2620 1187 2675 accedente
1197 2636 1230 2675 er
1248 2637 1279 2674 se
1296 2618 1379 2675 fidem
1398 2626 1426 2675 st
1445 2619 1636 2675 anctoritatem
1646 2619 1739 2688 babet,
1757 2636 1791 2674 ac

103 2703 136 2760 ds
154 2705 240 2761 verbo
259 2704 314 2761 Dei
333 2725 357 2762 c.
378 2713 419 2762 10.
456 2708 582 2762 Cirrhaca
600 2726 656 2761 aaa
682 2708 756 2775 spuit
780 2709 933 2761 testimonio
961 2704 1276 2774 proindeauthenticum
1289 2722 1357 2775 esse,
1375 2712 1403 2761 et
1416 2704 1793 2777 fidsmatqusauctaritatem

102 2790 543 2861 animumanimum
559 2783 652 2846 ta'raas
667 2794 830 2847 testimoniis
847 2795 931 2847 tomi-
962 2790 1087 2846 obtinere
1104 2796 1169 2846 sunt
1189 2791 1288 2861 relata,
1311 2809 1383 2864 quae
1402 2810 1432 2847 ss
1451 2799 1546 2847 mutuo
1564 2796 1680 2863 ponunt
1720 2793 1792 2850 Scri·

101 2894 164 2930 ssss
183 2879 310 2932 ιιιιαιιιι
324 2887 444 2949 propter
463 2880 537 2933 alios
554 2880 620 2934 Jolt.
645 2884 660 2932 1
687 2887 712 2932 ct
741 2885 772 2933 15
796 2881 837 2932 sic
859 2880 934 2935 Scri-
961 2881 1060 2946 pturae
1078 2883 1142 2931 sunt
1162 2876 1338 2933 authenticae
1353 2884 1419 2934 ante
1439 2877 1572 2934 ecclesias
1598 2877 1792 2935 testimonium

99 2970 186 3033 ptis-a
198 2981 257 3034 pro
272 2982 302 3019 se
315 2983 371 3018 aaa
391 2966 497 3034 iadipet
514 2965 827 3032 testimonioiomiaam,
844 2975 935 3020 tamea
961 2961 1036 3032 Ergo
1055 2961 1137 3017 etiam
1155 2961 1224 3017 fides
1247 2962 1302 3017 illis
1326 2964 1443 3019 debetur
1466 2969 1531 3017 ants
1557 2964 1691 3020 ecclesias
1714 2963 1793 3018 tosti-

100 3058 219 3121 prapter
240 3069 292 3105 aas
321 3052 430 3120 indicet
446 3051 578 3105 ecclesias
597 3052 766 3120 testimonio,
792 3052 860 3122 qaia
882 3070 936 3106 aaa
962 3047 1091 3103 monium.
1154 3047 1224 3103 Cum
1253 3048 1371 3119 epistola
1400 3048 1482 3104 Pauli
1510 3050 1547 3103 ad
1574 3049 1712 3104 Romame
1743 3066 1794 3120 per

101 3153 194 3189 sumas
221 3137 302 3204 serti,
329 3137 379 3206 qui
403 3136 472 3191 libri
496 3137 551 3189 siat
569 3138 706 3191 canonici.
743 3137 826 3208 Rssp.
872 3138 934 3195 Non
963 3132 1094 3189 Phoeben
1112 3133 1264 3189 minanam
1282 3135 1337 3188 illis
1362 3136 1536 3204 traderetur,
1563 3152 1596 3190 sa
1622 3135 1696 3205 apud
1719 3135 1793 3205 ipsos

101 3228 143 3277 est
162 3222 275 3294 duplex,
294 3223 344 3277 aed
365 3239 422 3277 uua
437 3223 594 3293 Scripturas
611 3223 768 3290 auctoritas,
786 3224 936 3296 eademque
963 3219 1055 3274 statim
1071 3219 1124 3275 fuit
1140 3237 1173 3275 ac
1185 3237 1244 3275 esse
1259 3221 1342 3275 odam
1353 3221 1450 3276 debuit
1461 3221 1627 3288 authentica,
1644 3227 1792 3292 antequam

101 3307 202 3378 divina,
219 3324 276 3364 uon
295 3308 453 3379 dependens
474 3308 511 3363 ab
531 3307 664 3364 ecclesiae
685 3308 858 3380 auctoritate,
886 3312 935 3367 sed
963 3306 1093 3361 ecclesiae
1106 3306 1293 3361 testimonium
1307 3307 1456 3361 accederet.
1484 3306 1588 3377 Utique
1600 3323 1666 3379 ergo
1678 3306 1792 3363 authen-

102 3396 199 3451 arola
218 3396 286 3451 Deo.
321 3395 482 3450 Auctoritas
503 3395 662 3466 Scripturas
681 3396 773 3466 quoad
800 3413 849 3450 nos
867 3397 936 3452 nihil
962 3392 1018 3447 tica
1033 3392 1107 3446 illius
1125 3392 1258 3463 epistolae
1275 3393 1423 3448 auctoritas
1442 3394 1526 3449 ctiam
1550 3395 1641 3464 quoad
1668 3392 1792 3449 homines

100 3482 178 3538 aliud
196 3488 248 3552 est,
265 3498 349 3553 quam
365 3480 552 3536 mmifestatio
572 3484 600 3536 st
617 3480 739 3553 cognitio
753 3482 935 3538 unicasillins
962 3479 1134 3534 considerata
1176 3496 1231 3533 non
1260 3480 1364 3550 pendet
1395 3480 1431 3534 ab
1462 3480 1595 3537 ecclesias
1629 3480 1792 3536 testimonio.

101 3567 211 3622 divinas
229 3574 257 3623 et
275 3583 398 3622 summae
415 3565 603 3634 auctoritatis,
622 3583 694 3637 quae
714 3566 874 3638 Scripturas
894 3575 934 3623 est
961 3565 1067 3620 Eadem
1084 3573 1127 3620 est
1144 3565 1215 3620 ratio
1227 3566 1394 3637 reliquarum
1406 3567 1564 3638 Scripturas
1581 3567 1709 3639 partium,
1729 3583 1792 3623 cum

102 3653 210 3711 intans
233 3660 317 3725 atque
342 3652 434 3707 insita
480 3651 607 3707 Ecclesia
633 3651 719 3723 igitur
746 3670 802 3708 uon
830 3647 936 3710 confert
962 3667 1055 3706 omnes
1073 3651 1128 3705 sint
1147 3650 1343 3723 homogenaea,
1365 3651 1485 3707 divinam
1503 3653 1609 3709 scilicet
1624 3660 1708 3725 atque
1725 3652 1792 3709 insi·

102 3738 260 3812 Scripturas
277 3754 376 3792 novam
395 3736 517 3808 aliquam
544 3736 736 3791 auctoritatem
762 3739 854 3810 quoad
877 3757 935 3808 nos,
960 3744 1017 3791 tam
1035 3735 1225 3801 auctoritatem
1243 3737 1406 3793 obtinentes.
1458 3737 1621 3802 Quaerimus
1640 3744 1733 3794 autem
1759 3756 1791 3796 er

104 3826 150 3883 sed
173 3823 368 3881 testificatione
391 3840 443 3878 sua
463 3823 499 3877 ad
523 3822 693 3894 agnitionem
713 3824 788 3879 illius
813 3826 934 3882 veritatis
960 3822 1123 3890 Pontificius,
1141 3825 1208 3896 quid
1226 3824 1339 3879 andem
1352 3823 1485 3879 ecclesiae
1500 3823 1613 3879 nomine
1628 3824 1792 3897 intelligant,

103 3929 150 3969 aas
168 3910 290 3968 deducit
317 3909 518 3978 Concedimns,
537 3908 681 3964 ecclesiam
697 3927 758 3965 esse
776 3911 935 3983 Scripturas
961 3909 1072 3981 quando
1092 3909 1128 3964 ab
1147 3908 1281 3964 ecclesiae
1292 3909 1456 3964 auctoritate
1471 3908 1629 3981 Scripturas
1644 3911 1791 3967 auctorita·

100 4014 193 4054 ramas
211 4002 236 4052 1.
251 4004 352 4052 testem.
378 4001 405 4053 2.
424 3998 571 4050 maden.
595 3999 621 4050 3.
639 3997 785 4051 vindicem.
810 4002 834 4052 l.
848 4016 933 4068 prae
960 4001 1016 4050 tem
1027 3996 1149 4066 pendere
1166 3995 1313 4050 asserum?
1337 3994 1367 4051 Si
1378 4000 1558 4066 praesentem,
1574 3996 1708 4067 pendebit
1720 3996 1792 4055 Scri·

102 4102 208 4152 coacm,
229 4087 258 4139 st
276 4088 301 4138 ὁ.
320 4083 509 4153 interpretem,
532 4081 581 4137 sed
600 4099 734 4153 negamus
752 4098 786 4137 ex
802 4100 833 4139 eo
854 4083 933 4153 effici,
960 4086 1058 4150 pturae
1078 4081 1229 4136 auctoritas
1246 4098 1264 4135 a
1277 4080 1383 4152 judicio
1402 4080 1518 4136 Romani
1537 4081 1689 4154 pontificis,
1712 4083 1790 4138 illum

102 4171 173 4243 quod
186 4169 336 4225 auctoritas
349 4169 509 4240 Scripturas
517 4167 576 4224 sive
592 4168 760 4240 simpliciter,
770 4170 827 4226 sive
840 4171 931 4242 quoad
960 4167 1031 4222 enim
1060 4167 1193 4224 ecclesiae
1216 4173 1301 4238 caput
1323 4168 1494 4223 constituunt
1520 4174 1549 4224 et
1572 4168 1721 4225 honorifico
1747 4187 1790 4226 ec·

100 4275 148 4314 nos
165 4255 203 4312 ab
223 4255 343 4311 ecclesia
367 4254 502 4326 pendeat,
527 4253 686 4326 etquidem
707 4255 789 4311 unice
805 4255 933 4327 pendeat,
960 4253 1059 4309 alerias
1079 4255 1187 4309 nomine
1205 4254 1370 4325 intelligrmt
1407 4254 1536 4311 Bellarm
1553 4255 1615 4312 libr.
1633 4264 1648 4312 4
1667 4256 1702 4310 ds
1722 4272 1789 4327 pou·

102 4341 339 4409 Quemadmodum
369 4341 441 4397 euim
470 4341 610 4397 literamm
633 4340 771 4413 regiarum
799 4342 843 4396 vsl
859 4342 932 4413 prin·
958 4339 1000 4394 tit
1028 4357 1051 4395 c.
1077 4346 1087 4394 l
1117 4341 1243 4394 aitiraam
1265 4340 1409 4408 judiciam
1440 4348 1479 4393 cst
1509 4342 1611 4394 memmi
1635 4341 1787 4411 pontificib.

103 4429 233 4502 cipalium
251 4427 402 4483 auctoritas
420 4445 476 4482 non
496 4428 600 4499 pendet
616 4445 650 4482 ex
666 4427 797 4483 tabularii
807 4445 855 4484 eas
867 4429 933 4485 affe·
959 4443 982 4481 c.
998 4432 1022 4483 2.
1041 4427 1104 4496 ipsa
1122 4426 1318 4495 infallibiliter
1336 4444 1391 4479 aaa
1409 4434 1449 4480 est
1466 4427 1496 4480 irs
1515 4435 1592 4480 cocta
1611 4427 1788 4483 camiliaria-

102 4515 186 4572 rantis
212 4520 241 4571 et
257 4513 293 4570 de
315 4513 370 4569 illis
396 4513 569 4569 testificantis
597 4514 769 4584 testimonio,
800 4531 851 4570 uec
873 4515 933 4570 auri
959 4531 1034 4581 ram,
1056 4513 1099 4566 ael
1118 4513 1148 4565 ia
1168 4511 1286 4565 concilio
1299 4511 1504 4582 cpiscoporum,
1527 4513 1579 4565 ssd
1595 4513 1625 4566 ia
1641 4513 1702 4567 solo
1716 4532 1788 4585 poa·

103 4617 307 4676 gemmarumvo
320 4599 490 4671 praestantia
510 4600 649 4671 dependet
666 4618 699 4655 er
717 4600 872 4656 testimonio
891 4617 932 4656 ar-
958 4598 1039 4666 tifice.
1075 4597 1190 4669 Gregor.
1220 4598 1254 4652 de
1281 4597 1391 4653 Valent.
1418 4603 1481 4653 tam
1507 4604 1521 4654 3
1551 4605 1729 4654 commentar.
1758 4599 1788 4655 in

101 4685 196 4755 tidelm
214 4684 263 4741 sed
281 4692 324 4741 est
340 4684 447 4740 iuterna
465 4684 614 4753 literarum,
634 4685 695 4740 auri
712 4702 746 4741 ac
763 4703 932 4758 gemmarum
958 4682 1055 4740 Thom.
1073 4700 1137 4756 pag.
1155 4683 1240 4756 vigea
1259 4688 1347 4754 quart
1394 4684 1514 4738 Nomine
1534 4685 1667 4739 ecclesiae
1686 4684 1789 4739 intedi-

103 4771 263 4842 auctoritas,
287 4788 370 4845 quam
393 4771 546 4827 tabularius
564 4776 592 4827 st
609 4771 709 4828 artifex
730 4789 780 4826 sao
801 4772 934 4828 duntaxat
958 4772 1048 4841 qimau
1068 4772 1128 4840 ejas
1154 4778 1237 4839 capra
1254 4772 1411 4824 Romanam
1428 4770 1595 4841 pontificem.
1634 4769 1700 4825 Jam
1723 4788 1788 4829 vero

102 4857 256 4916 testimonio
274 4857 353 4913 uobis
373 4857 565 4914 manifestant:
592 4859 632 4914 ita
648 4874 758 4931 quoque
775 4856 933 4928 Scripturas
958 4873 1092 4929 perquam
1104 4855 1255 4911 absurdum
1267 4862 1310 4911 est
1323 4863 1451 4925 statuere,
1470 4857 1544 4928 quod
1556 4856 1705 4912 auctoritas
1717 4854 1788 4913 Scri·

101 4945 249 5001 auctoritas
264 4960 320 4998 non
337 4945 441 5016 pendet
460 4944 637 5000 erecclesias
655 4946 689 5000 ds
709 4961 744 4999 ea
760 4944 933 5000 testificantis
958 4952 1056 5016 pturae
1079 4944 1172 5015 quoad
1195 4961 1244 4998 nos
1269 4942 1349 4997 unice
1369 4942 1490 5014 pendeat
1512 4959 1531 4997 a
1552 4942 1710 4999 testimonio
1734 4940 1788 5001 Ra

102 5030 273 5098 auctoritate,
292 5029 340 5087 ssd
360 5035 402 5086 est
421 5029 581 5101 Scripturas
599 5048 695 5087 sacrae
718 5031 827 5086 interna
849 5036 933 5102 atque
959 5029 1033 5084 mani
1053 5028 1203 5100 pontificis,
1226 5046 1289 5084 cum
1308 5028 1382 5098 apud
1407 5027 1545 5098 myriades
1571 5026 1788 5084 Christianorum

102 5116 182 5173 insita
199 5115 294 5170 divina
312 5115 469 5185 auctoritas,
489 5115 524 5170 ds
540 5132 597 5186 qua
615 5114 732 5171 ecclesia
749 5121 879 5185 testatur,
899 5133 932 5173 ac
959 5116 1101 5186 Scriptura
1113 5115 1234 5170 divinam
1245 5113 1438 5168 auctoritatam
1450 5112 1583 5183 obtineat,
1600 5113 1648 5185 qni
1658 5114 1694 5170 de
1704 5113 1783 5171 Ram

102 5201 215 5272 proinde
240 5200 357 5256 ecclesia
381 5220 437 5258 non
454 5200 561 5256 confert
578 5201 698 5274 aliquam
717 5202 866 5274 Scripturis
884 5220 932 5258 au·
958 5199 1088 5273 pontifice
1113 5200 1156 5255 rel
1181 5199 1249 5254 nihil
1278 5197 1458 5268 audiverunt,
1484 5200 1529 5254 vel
1550 5198 1688 5271 judicium
1714 5201 1788 5258 illius

104 5287 268 5355 ctoritatem,
283 5302 334 5341 uec
354 5293 396 5342 est
414 5303 499 5342 causa
515 5286 575 5341 sola
584 5287 629 5341 vel
647 5286 737 5356 unica,
756 5305 808 5344 nec
826 5306 933 5344 summa
958 5304 1014 5342 non
1032 5286 1113 5340 unius
1130 5285 1199 5339 assis
1216 5283 1370 5339 aestimant.
1416 5283 1445 5341 Si
1462 5285 1630 5356 primitivam
1645 5287 1788 5344 ecclesiam

102 5373 142 5428 rel
169 5371 337 5443 praecipua,
360 5378 473 5444 propter
496 5389 580 5445 quam
603 5371 751 5443 Scriptmis
779 5375 932 5445 credamus,
959 5372 1137 5443 intelligunt,
1155 5370 1191 5425 ad
1202 5375 1312 5440 patrum
1331 5370 1549 5426 etoonciliorum
1564 5373 1722 5430 testimonia
1737 5391 1787 5431 nos

103 5456 148 5514 red
163 5456 256 5529 prima
271 5464 300 5514 et
319 5475 426 5525 summa
443 5474 541 5529 causa,
561 5463 594 5515 ut
612 5457 783 5530 Scripturam
800 5477 932 5535 agnosca
959 5458 1107 5517 remittent.
1151 5455 1238 5531 Atqui
1261 5455 1316 5510 illis
1340 5456 1467 5513 omnibus
1495 5456 1634 5535 antiquior
1656 5466 1699 5516 est
1715 5458 1786 5518 Scri·
