3984 6022
192 252 254 333 ιε.)
297 203 301 210 ’
790 286 806 301 ,,
844 238 847 251 ·
895 241 1017 300 Locus
1035 241 1199 300 rasurus

193 402 331 473 medam
351 401 434 456 omis
452 399 589 454 crearunt
605 398 735 468 propria.
771 396 934 452 Communia
956 395 1024 451 haec
1052 395 1195 454 Hebraeos
1206 413 1266 453 esse
1278 395 1439 466 triliteram;
1454 414 1555 452 nomeu
1565 396 1692 453 ishovah
1708 396 1814 454 habere
1829 404 1886 455 tres

193 495 265 545 sunt.
293 489 370 544 Deus
386 486 478 543 omnia
493 485 560 542 fecit
577 485 607 537 in
624 502 746 550 numero,
762 486 889 553 pondere
908 491 933 537 et
952 500 1024 536 men-
1050 481 1152 546 literas,
1168 482 1252 538 scribi
1269 501 1319 554 per
1335 483 1389 537 tria
1406 488 1419 519 ³
1438 483 1577 540 substrato
1587 490 1616 547 ⁸,
1638 485 1791 539 ternarium
1811 485 1887 556 apud

192 593 268 630 rara.
304 574 593 640 Quaelibet-creatura
609 571 749 643 quandam
765 572 795 624 in
812 588 842 625 se
859 569 980 624 ostendit
999 577 1025 623 et
1051 585 1145 624 omnes
1162 576 1259 640 gentes
1280 587 1340 625 esse
1358 587 1473 625 sacrum.
1511 569 1585 636 Quid
1601 585 1667 625 vero
1687 570 1722 625 de
1742 571 1786 625 his
1804 573 1885 627 vesu-

192 663 322 715 unitatem
346 669 372 714 et
396 661 515 729 speciem
541 667 566 712 et
590 659 726 711 ordinem.
762 656 831 712 'I'res
859 656 934 711 solae
960 663 1026 711 sunt
1052 654 1404 727 gimetcomparationibus
1417 657 1613 713 statuendum?
1631 656 1887 729 Respidcmquod

192 746 353 817 affectiones
378 743 447 801 entis
474 743 600 799 omnibus
624 743 708 798 rebus
734 759 904 807 communes,
932 760 1023 808 annm,
1051 743 1086 798 de
1105 743 1257 799 rationibus
1270 761 1303 799 ex
1322 744 1425 800 lumine
1441 749 1557 798 naturae
1574 744 1681 815 petitis:
1704 752 1727 801 l.
1744 745 1888 800 illustrant

193 850 292 897 aarum,
314 834 419 886 bonam.
450 831 483 886 ln
502 830 629 887 omnibus
642 829 828 884 creaturisest
842 830 1024 899 pmncipiam,
1049 832 1174 898 tantum,
1205 847 1260 884 non
1282 830 1417 900 probant3
1459 836 1483 886 l.
1516 831 1579 901 plus
1609 830 1638 884 in
1665 830 1721 886 illis
1749 830 1887 886 dissimili·

191 918 444 985 medimnetfinis;
463 916 734 983 substantiarum
754 925 779 968 et
799 916 939 985 operatio,·
958 932 1024 975 eree,
1050 915 1153 969 tudinis
1183 933 1267 987 quam
1299 915 1501 984 similitudinis;
1533 922 1555 972 3.
1587 933 1605 970 a
1636 917 1782 987 posteriori
1815 917 1887 990 psti-

186 1012 280 1076 potse‚
298 1020 389 1072 apere.
419 1003 520 1057 Totum
533 1003 693 1058 uuiversum
704 1008 813 1056 constat
828 1001 931 1072 triplici
949 1017 1023 1056 crea·
1049 1008 1094 1056 tae
1121 1010 1200 1071 sunt,
1223 1019 1278 1057 non
1306 1020 1323 1057 a
1347 1003 1446 1073 priori,
1470 1020 1525 1058 noa
1549 1008 1615 1057 sunt
1644 1003 1812 1075 cognitionis
1836 1021 1887 1074 pa·
1900 1008 1968 1051 litt!

189 1099 311 1148 turarum
331 1106 440 1162 genere.
476 1090 571 1146 Unum
591 1095 633 1144 est
653 1089 871 1142 substantiarum
890 1089 1022 1157 spiritua·
1049 1093 1141 1142 rentes
1163 1088 1212 1143 sed
1231 1089 1347 1157 soboles,
1367 1107 1423 1144 uon
1437 1090 1581 1144 adducunt
1598 1089 1635 1143 ad
1654 1091 1887 1161 cognoscendum,

189 1177 274 1246 liam,
301 1177 318 1232 i.
339 1193 362 1234 e.
385 1176 560 1248 angelorum,
588 1175 704 1230 alterum
733 1180 775 1230 est
803 1175 1023 1228 snbstantiarnm
1051 1175 1098 1230 sed
1117 1174 1293 1230 adducuntur
1311 1176 1346 1230 ad
1364 1176 1507 1248 cognitum
1523 1176 1798 1247 repraesentandum.
1821 1177 1886 1233 via
1921 1242 1924 1247 ¹

187 1264 294 1333 partim
311 1264 518 1332 spiritualium,
534 1263 642 1332 partim
661 1262 870 1332 corporalium,
890 1267 921 1315 ut
937 1260 1022 1316 homi-
1050 1261 1147 1317 Meisn
1168 1278 1195 1331 p.
1215 1269 1236 1318 i.
1256 1262 1328 1319 sobr.
1346 1262 1414 1332 phil.
1435 1268 1502 1318 sect.
1520 1269 1545 1319 4.
1563 1279 1588 1318 c.
1607 1267 1631 1317 t.
1653 1281 1681 1334 q.
1699 1268 1731 1330 23
1751 1269 1776 1318 4.
1796 1263 1888 1319 sobrie

189 1367 255 1406 num
273 1350 384 1406 tertium
404 1355 446 1404 est
463 1349 683 1402 reclamationum
696 1348 806 1402 oninino
825 1347 1024 1416 corporalium,
1051 1365 1084 1402 ac
1101 1355 1183 1403 caute
1208 1347 1265 1403 illis
1293 1349 1442 1418 utendum3
1473 1355 1496 1404 5.
1526 1348 1684 1404 advenam
1710 1349 1815 1420 opponi
1841 1367 1887 1406 ne-

190 1443 222 1494 ut
239 1438 397 1505 brutorum,
421 1436 565 1503 arborum,
589 1439 640 1490 etc.
678 1439 701 1490 2.
729 1433 879 1488 creaturae
897 1439 961 1488 sunt
980 1433 1024 1486 vel
1051 1440 1172 1506 queunt,
1190 1435 1346 1491 credentem
1365 1435 1505 1491 oblectare
1524 1442 1648 1506 possunt.
1684 1436 1835 1492 Annotabo
1853 1438 1889 1493 de

190 1525 344 1580 rationales
363 1521 408 1578 val
426 1522 617 1576 irrationales.
652 1519 812 1575 &donnes
829 1524 895 1574 sumt
912 1518 957 1573 vel
975 1538 1023 1571 un·
1050 1519 1094 1575 bis
1120 1520 1345 1576 similitudinibus
1368 1523 1512 1594 egregium
1535 1522 1626 1578 locum
1650 1541 1683 1579 ex
1700 1521 1888 1580 Hilariis

188 1610 246 1678 pali
262 1610 307 1665 vel
326 1609 455 1664 homines.
493 1605 726 1663 [irrationalibus
745 1606 800 1660 iliis
819 1605 951 1687 creaturis
969 1622 1024 1660 non
1050 1607 1113 1661 trin.
1131 1624 1158 1677 p.
1178 1614 1208 1662 l:
1235 1608 1271 1663 si
1293 1627 1349 1679 qua
1367 1628 1418 1663 nos
1435 1611 1471 1663 tle
1492 1619 1598 1664 nutura
1616 1611 1677 1664 Dei
1694 1618 1721 1664 at
1740 1611 1887 1664 minitata

190 1702 299 1752 tautum
316 1695 464 1767 vestigium
481 1695 531 1749 sed
549 1692 632 1748 etiam
650 1692 744 1763 imago
764 1693 901 1762 quaedam
919 1691 1024 1746 uinita-
1050 1702 1204 1747 tractantes
1222 1696 1463 1764 comparationum
1481 1697 1608 1765 exempla
1627 1698 1790 1766 asserimus,
1808 1715 1887 1751 mmo

190 1782 225 1838 tis
244 1780 371 1838 occurrit
396 1778 610 1835 Innumerabilia
630 1779 680 1833 illa
697 1777 846 1833 multitudo
862 1777 1024 1848 angelorum
1051 1799 1085 1833 ea
1109 1781 1243 1835 molinet
1271 1782 1396 1835 absalme
1423 1783 1453 1835 in
1481 1801 1511 1835 se
1536 1783 1657 1837 rationis
1680 1785 1887 1853 perflationem

189 1868 218 1923 in
235 1877 292 1922 tres
315 1867 491 1922 hierarchias
515 1864 694 1935 dispescitur,
722 1863 840 1935 singulis
866 1862 1025 1918 hierarchiis
1051 1869 1199 1922 continere.
1238 1868 1420 1937 commoratio
1444 1871 1517 1922 enim
1540 1878 1715 1923 temones-um
1733 1871 1777 1924 ad
1796 1871 1886 1925 Deam

188 1964 247 2010 tres
258 1955 373 2010 ordines
387 1953 571 2024 assignantur,
586 1951 685 2022 inqua
696 1949 836 2021 tripartita
849 1949 1025 2004 distinctione
1050 1953 1130 2008 nulla
1144 1963 1193 2021 est,
1212 1957 1265 2008 aad
1281 1955 1431 2022 infirmitas
1448 1956 1652 2024 intellipentiae
1669 1964 1783 2010 noemae
1800 1957 1886 2024 coluit

188 2041 300 2098 &mnae
310 2039 442 2095 trinitatis
453 2037 601 2109 vestigium
619 2037 731 2109 aliquod
750 2035 872 2107 conspici
890 2034 1024 2089 arbitran-
1049 2040 1212 2109 spirituales
1240 2044 1380 2110 puasdam
1407 2059 1440 2094 aa
1469 2042 1654 2110 inferioribus
1681 2050 1817 2112 tanlquam
1843 2061 1886 2096 aa·

187 2134 239 2184 tur.
289 2127 324 2181 ln
343 2124 459 2197 singulis
483 2142 548 2180 vero
573 2123 680 2194 augelis
707 2121 941 2177 intellectualibus
968 2120 1022 2174 illis
1046 2128 1191 2196 parionem
1217 2129 1324 2182 indices
1350 2145 1500 2198 munerare,
1526 2136 1555 2181 ut
1578 2145 1672 2182 renam
1689 2129 1886 2196 familiarium

187 2210 512 2272 mussitatoribus
528 2210 669 2265 hominum
686 2208 871 2263 ratiocinandi
890 2208 1024 2262 facultate
1050 2215 1248 2267 consuetudine
1271 2216 1436 2267 &monente
1462 2231 1495 2266 en
1519 2230 1617 2267 sensas
1639 2215 1730 2268 nostri
1746 2216 1884 2268 omnemn-

187 2299 319 2372 praeditis
331 2299 481 2370 imaginem
495 2299 635 2370 quandam
646 2295 779 2352 trinitatis
798 2301 951 2349 monstrare
969 2301 1022 2348 sat·
1050 2299 1091 2351 tia
1125 2301 1166 2351 ad
1197 2300 1305 2354 insoliti
1342 2316 1439 2353 aeneus
1477 2299 1636 2368 opinionem
1673 2301 1883 2354 adduceremur.

185 2393 280 2460 egunt
329 2388 414 2440 Mosae
433 2384 556 2438 memmii
576 2385 629 2451 sui,
652 2383 785 2450 inteilipit
804 2400 847 2448 se,
872 2381 968 2449 cliiips't
986 2397 1022 2432 st.
1051 2386 1147 2439 Omnis
1173 2386 1259 2453 ipitnr
1277 2386 1453 2457 comparatio
1473 2385 1579 2440 bomini
1592 2386 1689 2454 potius
1707 2385 1787 2439 utilis
1806 2387 1884 2440 hade·

186 2471 533 2544 umatqwipnrens,
550 2470 721 2540 notitiaejus
736 2467 927 2539 quasiproles,
947 2483 1023 2521 amor
1050 2480 1114 2525 alar
1143 2490 1228 2542 mam
1254 2474 1318 2526 Deo
1345 2479 1432 2541 apta,
1462 2471 1530 2542 quia
1554 2472 1770 2540 intellipentiam
1798 2473 1884 2545 magis

186 2560 222 2616 de
244 2560 306 2632 ipsa
330 2563 421 2614 mente
441 2562 470 2612 et
495 2556 594 2611 notitia
616 2554 751 2626 procedit.
787 2553 857 2607 Tres
882 2559 948 2607 sunt
973 2552 1022 2606 hu·
1049 2557 1189 2628 significat
1216 2575 1301 2626 quam
1330 2557 1451 2628 eupliam
1481 2575 1567 2627 nepae
1595 2558 1706 2611 amaras
1736 2560 1834 2613 carnr's
1860 2568 1884 2613 et

185 2733 317 2801 palatina.
366 2729 435 2784 Tres
465 2733 531 2782 sunt
554 2726 697 2782 rationalis
724 2725 833 2780 animae
863 2724 1021 2790 facultates,
1049 2731 1095 2784 dis
1116 2739 1282 2799 praestanda
1310 2739 1453 2799 reputetur
1476 2739 1638 2800 protestans
1666 2731 1828 2800 infirmitati
1854 2750 1882 2786 ss

184 2816 390 2885 intelligentia,
417 2815 547 2869 nolanus
573 2823 598 2867 ai
621 2813 763 2866 literatorie.
808 2811 845 2864 Et
872 2828 966 2865 sumus
995 2816 1022 2866 et
1048 2818 1185 2870 humanae
1213 2817 1415 2885 intellipentt‘ae
1446 2818 1634 2871 mateteriam
1651 2826 1677 2870 et
1709 2819 1746 2870 ab
1776 2819 1883 2873 invidia

185 2920 235 2960 nos
254 2919 314 2959 asso
331 2900 457 2956 novimus
476 2906 504 2956 et
522 2905 646 2956 nochum
658 2915 719 2954 esse
731 2915 764 2953 ac
776 2914 856 2954 nosse
870 2897 1020 2968 diligimus.
1049 2920 1108 2956 esse
1127 2903 1245 2956 liberam
1261 2920 1318 2955 non
1334 2903 1539 2970 salafatisntis
1557 2904 1682 2974 exempli.

185 2996 208 3047 3.
227 2989 378 3046 creaturae
403 2987 574 3042 irrationales
598 2986 642 3040 vel
664 2993 729 3039 sant
748 2986 890 3038 animatae
913 2985 957 3038 vel
979 2985 1020 3036 in·
1082 2995 1124 3045 29.
1142 2989 1194 3055 Qu.
1215 2997 1238 3045 2.
1268 2989 1343 3052 Quid
1363 2991 1399 3042 cle
1424 2990 1585 3058 altoponte,
1612 3008 1682 3060 quae
1700 2993 1741 3044 aa
1761 2992 1813 3046 loe
1830 3011 1884 3061 mp-

185 3077 337 3131 animatae.
367 3073 543 3129 inanimatis
556 3072 690 3128 creaturis
711 3078 768 3126 tam
787 3070 918 3127 sensitiva
936 3088 1019 3141 quam
1048 3077 1161 3129 storiam
1178 3077 1361 3143 adhibentur,
1374 3076 1585 3143 judicandam!
1610 3076 1703 3131 Etiam
1720 3077 1749 3131 in
1769 3078 1824 3133 illis
1840 3095 1883 3134 se·

183 3161 343 3236 vegetativa
373 3166 483 3216 tantum
522 3161 614 3214 anima
650 3158 783 3230 praeditis
821 3157 889 3212 haec
926 3173 1019 3211 occur·
1047 3162 1112 3217 teris
1135 3161 1268 3216 ecclesiae
1292 3161 1431 3228 doctores,
1458 3161 1620 3232 praesertim
1639 3160 1776 3233 Origenes
1798 3171 1827 3220 et
1851 3182 1882 3220 ex

184 3257 249 3306 runt
274 3247 399 3319 vestigia
435 3247 505 3302 Tres
530 3252 595 3300 sunt
619 3263 715 3301 sensus
739 3245 897 3312 interiores,
923 3262 1020 3298 seam
1048 3247 1246 3303 recentioribus
1277 3246 1437 3301 Berthorius
1471 3247 1539 3302 safis
1571 3248 1736 3319 quandoque
1765 3250 1882 3321 copiose.

184 3337 353 3398 moronis,
367 3333 526 3405 phantasia
541 3341 566 3386 et
585 3332 728 3385 memoria.
763 3329 876 3385 Herbas
892 3336 921 3384 et
939 3329 1020 3385 flores
1051 3335 1144 3389 Animi
1172 3335 1263 3406 gratia
1286 3334 1421 3405 quasdam
1449 3333 1686 3389 enumerabimus:
1716 3334 1818 3391 Genea
1845 3344 1883 3393 15.

181 3421 287 3478 habent
296 3423 446 3489 formasa,
466 3421 581 3473 odorem
600 3436 651 3471 sent
667 3435 797 3487 saporem
816 3435 850 3469 ao
868 3417 936 3484 trin,
953 3417 1019 3485 stra,
1048 3421 1126 3475 Deus
1152 3421 1246 3475 volens
1273 3437 1336 3474 cum
1358 3419 1519 3474 Abrahamo
1544 3419 1643 3476 foedus
1664 3420 1734 3476 inire
1763 3440 1797 3478 ac
1824 3441 1882 3495 pro·

183 3517 209 3562 et
235 3510 356 3578 effectas.
406 3513 430 3562 4.
460 3505 631 3560 Inanimatae
656 3504 699 3557 vel
727 3510 792 3557 sunt
819 3502 951 3556 coelestes
976 3502 1020 3557 vel
1046 3507 1203 3562 missionem
1231 3507 1266 3560 de
1280 3507 1436 3575 ,benedicto
1466 3506 1570 3562 semine
1599 3506 1761 3564 confirmare
1790 3511 1882 3580 jussit,

182 3595 353 3648 medianense.
391 3593 424 3648 In
443 3609 537 3646 earum
555 3590 681 3661 pluribus
707 3588 838 3643 trinitatis
863 3595 1020 3643 monstrant
1046 3600 1078 3650 ut
1103 3593 1156 3648 sibi
1180 3596 1299 3647 sumeret
1325 3592 1354 3646 in
1377 3591 1541 3647 morificium
1562 3611 1675 3648 canaam
1699 3596 1836 3650 emonam
1858 3605 1882 3650 et

182 3680 337 3751 vestigium.
386 3678 453 3731 Tria
479 3678 508 3730 in
534 3676 592 3731 sole
618 3676 841 3742 considerantur,
869 3677 945 3744 qaod
971 3685 1020 3729 esti
1046 3699 1161 3750 capram
1185 3688 1209 3734 at
1234 3681 1349 3732 arietem
1367 3681 1451 3732 triam
1470 3697 1620 3749 annorum,
1644 3697 1695 3751 per
1712 3682 1788 3753 quod
1805 3684 1881 3738 uini.

181 3769 259 3838 quod
273 3767 355 3829 tacet,
373 3767 451 3834 praed
467 3764 549 3830 calet,
566 3763 582 3816 i.
603 3782 625 3819 e.
645 3761 802 3817 substantia
821 3762 900 3830 solis,
918 3760 1012 3815 radius
1046 3768 1110 3822 taus
1139 3765 1299 3836 mysterium
1329 3766 1436 3819 ducunt
1458 3765 1683 3838 praefiguratum.
1712 3768 1825 3824 Weidn.
1854 3771 1881 3824 in

184 3859 212 3909 et
239 3852 322 3907 calor.
359 3850 402 3905 ln·
415 3849 485 3905 iride
512 3856 577 3905 sunt
603 3858 660 3903 tres
688 3848 817 3902 distincti
843 3848 950 3902 colores
978 3849 1019 3902 ita
1045 3854 1095 3908 loc.
1115 3852 1162 3907 fid.
1181 3851 1280 3907 Christ
1298 3851 1415 3922 praecis.
1436 3856 1514 3906 mast
1543 3859 1565 3908 1.
1587 3870 1614 3923 p.
1636 3859 1691 3910 147.
1718 3852 1820 3910 Genea.
1842 3861 1878 3913 18.

88 3996 97 4013 .
183 3937 333 4011 conjuncti,
352 3944 384 3993 ut
400 3954 455 4008 quo
473 3937 555 3991 modo
567 3935 774 3990 committantur
790 3935 836 3988 vel
848 3940 1018 4004 separentur,
1045 3940 1132 3994 tribus
1149 3938 1269 3994 occurrit
1283 3938 1425 3993 Abraham
1438 3943 1466 3992 st
1476 3954 1562 3993 unum
1574 3939 1679 3993 adorat
1705 3939 1741 3994 In
1759 3943 1878 4014 eoquod

184 4026 339 4081 discemus
350 4039 478 4094 nequeas.
516 4021 550 4076 In
568 4021 633 4093 igne
648 4020 807 4088 estapeeiss
828 4021 909 4090 ipnn,
926 4022 1019 4090 splen·
1045 4031 1100 4080 tres
1118 4025 1194 4092 vidit,
1217 4024 1348 4079 trinitatis
1361 4024 1525 4094 mysterium
1538 4023 1679 4092 intellexit,
1698 4027 1775 4097 quod
1787 4035 1880 4084 autam

183 4116 238 4169 dor
257 4120 284 4166 et
303 4112 389 4166 calor.
427 4110 563 4181 Splendor
581 4109 618 4165 ab
638 4109 703 4181 igne
720 4107 859 4175 nascitur,
884 4107 959 4162 calor
982 4107 1018 4163 ob
1046 4112 1125 4183 quasi
1144 4129 1230 4166 unum
1243 4110 1375 4173 adoravit,
1395 4109 1424 4164 in
1442 4109 1531 4165 tribus
1548 4111 1673 4180 personis
1691 4129 1779 4167 unum
1789 4113 1880 4170 Deum

181 4200 248 4274 igns
265 4204 293 4256 et
310 4198 457 4269 splendore
480 4201 636 4268 generatur.
682 4195 773 4258 Fons,
797 4195 888 4258 mous,
913 4197 1019 4263 stamen
1045 4197 1183 4270 cognovit.
1211 4198 1323 4268 August
1343 4213 1421 4252 serm.
1443 4200 1484 4251 to.
1502 4196 1537 4251 de
1556 4202 1638 4268 temp.
1663 4198 1732 4252 &tm
1752 4208 1810 4255 tres
1827 4204 1881 4256 oiri

181 4288 236 4347 teia
255 4293 321 4343 sunt
338 4286 462 4356 ejusdem
481 4290 612 4352 naturae,
639 4287 691 4338 etc.
728 4281 770 4335 Ex
790 4283 887 4335 radice
914 4282 1018 4338 arboris
1043 4287 1189 4348 visisunt,
1217 4285 1429 4353 necquicquam
1448 4284 1478 4336 in
1497 4283 1712 4351 emansor-ma
1730 4287 1775 4341 nel
1790 4297 1880 4342 adata

181 4372 304 4447 exsurgit
320 4381 453 4436 amiran,
476 4387 510 4426 ex
527 4376 645 4440 unoquo
662 4387 765 4423 ramus.
803 4375 827 4422 5.
854 4368 913 4424 Nec
928 4369 1016 4424 solum
1043 4373 1087 4426 vel
1105 4379 1244 4441 potestate
1261 4372 1356 4439 rnaJ’or
1379 4371 1497 4423 cancris
1518 4370 1609 4424 dictus
1627 4379 1673 4439 est,
1691 4389 1742 4424 car
1759 4393 1816 4428 non
1836 4376 1879 4428 bio

180 4462 211 4519 in
225 4458 416 4526 naturalibus,
443 4459 491 4513 sed
509 4456 592 4511 etiam
610 4455 640 4509 in
658 4454 849 4509 artificialibus
867 4471 900 4509 ac
925 4456 953 4509 in
977 4456 1016 4511 di·
1043 4459 1216 4528 complanas
1237 4458 1386 4511 visibiliter
1404 4457 1575 4510 insinuatam
1589 4474 1644 4525 per
1661 4467 1824 4515 cremaram
1841 4462 1876 4514 oi·

179 4546 301 4622 sciplinis
318 4545 388 4603 talia
405 4544 525 4616 ratigia
543 4549 687 4614 quaenunt.
719 4542 788 4596 Tria
807 4547 879 4610 sunt,
899 4559 970 4614 quae
987 4543 1017 4596 in
1042 4545 1151 4597 ailitem
1174 4544 1310 4596 trinitatis
1335 4543 1532 4611 capitalitatem
1554 4551 1638 4611 atque
1663 4544 1692 4597 in
1711 4546 1799 4600 tribuae
1813 4565 1876 4617 per·

101 4618 111 4633 ⁰
179 4649 347 4708 unoquoque
373 4630 479 4697 artifice
503 4634 691 4700 quaeruntur,
718 4633 749 4682 ut
771 4626 876 4699 aliquid
900 4627 1016 4683 efficiat:
1042 4632 1118 4685 sonis
1138 4649 1223 4683 unam
1241 4631 1410 4698 eandemque
1427 4629 1631 4682 substantiam!
1648 4634 1700 4685 stc.
1730 4630 1772 4686 Id.
1789 4633 1837 4688 lib.
1854 4639 1876 4689 2.

178 4729 298 4788 mara,
316 4719 464 4780 doctriua,
488 4735 562 4770 aena.
608 4714 716 4770 Natura
733 4714 861 4785 ingenio,
889 4714 1016 4768 doctrine
1043 4718 1078 4773 de
1101 4717 1186 4771 trinit.
1212 4734 1235 4772 c.
1262 4721 1299 4772 ll.
1327 4715 1391 4771 Vid.
1411 4716 1461 4770 loc.
1489 4712 1515 4789 ξ.
1536 4722 1574 4770 15.
1594 4715 1667 4770 lust
1685 4716 1714 4770 in
1730 4717 1796 4774 dial.
1815 4737 1875 4777 oum

179 4806 302 4872 samm,
318 4823 385 4861 usus
397 4800 707 4872 fructudijudicandus.
733 4800 806 4872 Aug.
827 4805 865 4856 11.
887 4799 921 4856 ds
940 4799 1013 4854 civit.
1041 4804 1146 4874 ‘lh-yph.
1171 4821 1197 4873 p.
1222 4808 1286 4858 213:
1317 4803 1431 4870 Moyses
1457 4803 1551 4855 beatus
1575 4809 1601 4855 et
1625 4803 1719 4864 fidelis
1741 4806 1804 4859 Dei
1829 4807 1877 4860 mi·

178 4892 234 4951 nsi
250 4911 273 4950 c.
289 4899 332 4952 25.
351 4890 435 4951 affert
451 4890 506 4944 huc
523 4887 691 4960 tripartitam
703 4887 1015 4959 philosophiaedivisio-
1042 4892 1130 4944 nister
1165 4891 1274 4942 indicat
1309 4890 1397 4942 omnm
1426 4906 1484 4943 esse
1513 4887 1672 4943 Abrahamo
1710 4890 1746 4944 ad
1778 4893 1876 4949 saltum

178 4996 242 5041 uem
257 4981 289 5036 in
301 4980 466 5051 physicam,
486 4977 624 5045 topicam,
641 4976 779 5041 ethnam
804 4992 854 5045 per
871 4975 1015 5046 physicam
1043 4977 1148 5031 Mamre
1172 4977 1266 5031 Deum
1296 4993 1358 5031 cum
1384 4976 1436 5039 eis,
1469 4974 1516 5046 qui
1542 4991 1635 5029 secum
1662 4974 1740 5031 fuere
1769 4977 1876 5035 duobus

179 5066 303 5123 denotari
320 5064 389 5121 dicit
407 5063 536 5130 Patrem,
567 5063 614 5133 qui
639 5068 682 5117 est
707 5067 868 5115 naturarum
893 5062 1014 5116 omnium
1042 5063 1148 5135 angehs
1175 5064 1212 5117 ad
1237 5062 1374 5133 judicium
1403 5061 1607 5118 Sodomitamm
1634 5061 1724 5116 missis
1751 5063 1788 5119 ab
1815 5064 1876 5136 alio,

179 5158 292 5222 mator,
317 5169 368 5223 per
392 5150 512 5222 logicam
530 5149 633 5204 Filium
655 5147 859 5218 intelligentiae
883 5148 1015 5213 datorem,
1042 5151 1090 5222 qui
1114 5167 1221 5220 semper
1244 5149 1273 5202 in
1292 5147 1542 5221 supercoelestibus
1557 5154 1653 5203 manet
1671 5153 1700 5203 et
1725 5165 1743 5204 a
1769 5152 1877 5208 nemine

178 5258 229 5314 per
248 5238 367 5295 edricum
385 5237 518 5309 Spiritum
536 5256 557 5292 s.
578 5236 693 5303 amoris,
717 5251 772 5306 quo
790 5233 860 5289 bene
878 5234 1015 5306 beateque
1040 5238 1117 5292 visus
1140 5253 1230 5307 neque
1253 5253 1316 5291 cum
1339 5235 1470 5307 quopiam
1489 5251 1586 5306 perse
1609 5233 1700 5306 ipsum
1723 5236 1877 5293 collocutus

178 5326 287 5392 vivitur,
304 5325 503 5396 inspiratorem.
541 5321 655 5379 lutheri
673 5320 761 5376 nostri
778 5320 830 5375 hoe
847 5325 902 5376 est:
930 5320 1015 5378 Pater
1027 5354 1030 5423 l
1042 5329 1096 5391 est,
1120 5339 1201 5393 quem
1221 5321 1416 5378 fabricatorem
1432 5327 1462 5376 et
1479 5327 1586 5392 patrem
1603 5325 1766 5377 cumarum
1786 5338 1878 5379 rarum

179 5417 209 5472 in
226 5411 326 5469 dirime
346 5418 388 5467 est
403 5411 603 5482 psammatiao,
626 5407 714 5463 ritus
732 5408 901 5477 dialectica,
928 5408 1014 5479 Spiri-
1027 5428 1030 5465 ι
1041 5409 1175 5466 norimus.
1211 5408 1279 5464 Tria
1300 5413 1431 5464 contenta
1452 5407 1482 5462 iu
1500 5422 1577 5476 arca,
1603 5408 1717 5463 tabulae
1736 5409 1878 5481 deealopi,

178 5510 223 5562 tue
249 5519 271 5556 s.
306 5499 456 5557 ememtes.
517 5496 576 5553 Alii
605 5495 754 5554 observant
782 5494 903 5551 radicem
940 5496 1124 5567 apudioirpa
1138 5497 1238 5551 Aaron
1250 5497 1389 5562 frondens
1407 5504 1519 5551 numa
1535 5510 1625 5550 aaran
1641 5494 1745 5551 labaro
1763 5514 1877 5569 mam,
