3984 6022
604 263 657 320 DE
675 264 852 323 PERSONA
868 262 919 319 ET
936 262 1089 322 omem
1107 264 1268 323 CHRISTI.
1734 273 1794 332 stt

95 440 121 492 p.
142 426 207 478 339:
233 422 332 492 Ipncm
353 421 471 478 Verbum
488 422 547 476 Dei
570 422 747 474 incarnatum
768 435 933 489 aripennum
961 421 1106 490 ιοιίείοιιι,
1134 420 1224 477 inorbo
1241 414 1373 490 empore,
1396 420 1462 491 ipsa
1485 435 1542 473 nvn
1560 418 1653 474 incisa
1669 420 1799 475 condolet

95 516 136 563 est
148 509 358 578 superbiarum.
377 509 481 563 Patres
496 507 610 562 conatii
621 505 754 578 Ephesini
766 505 933 562 emissust.
961 515 987 562 et
1004 509 1173 578 compatitur
1184 507 1309 576 patienti
1327 507 1448 576 corpori.
1475 506 1522 560 An
1541 505 1677 560 diuinitas
1693 507 1797 576 impar·

98 600 143 648 12:
181 594 215 648 Si
243 595 306 665 puio
331 614 386 650 non
415 596 560 663 confitetur
587 594 646 648 Dei
680 592 796 646 Verbum
816 609 934 663 passum
960 594 1052 648 είόίίίε
1071 595 1204 649 mutem
1228 610 1285 648 nan
1310 593 1530 663 compatiebatur
1547 593 1670 661 sapori.
1706 595 1746 648 Et
1765 593 1799 648 id

95 696 189 750 carne,
203 682 364 746 mucifimnn
381 698 479 748 carne,
496 686 612 735 manem
628 685 753 747 pustasm
765 696 864 748 came,
885 681 934 747 fa·
960 681 1117 749 suendum,
1137 682 1215 751 prod
1230 680 1351 734 ἀῦσίαιιιε
1369 681 1462 733 Deum
1480 669 1709 749 carnepaeeum,
1726 679 1798 734 divi·

94 774 166 820 otram
190 768 407 838 primopenitum
431 784 463 821 ca
482 754 600 820 moituie
615 766 765 819 secundum
782 767 860 834 proed
875 766 935 820 vita
961 767 1077 821 nitatem
1098 775 1191 822 artem
1207 782 1293 820 carne
1306 783 1426 836 parram
1442 772 1493 820 aut
1505 765 1598 819 Deum
1612 781 1668 834 per
1685 781 1799 820 carnem

68 867 71 874 ·
94 859 136 906 est
160 861 186 907 et
203 853 347 921 vivificans
365 854 437 908 siout
457 853 549 921 Deus,
575 850 723 905 manens
744 851 790 904 sit.
812 850 856 905 in
878 851 935 922 epi·
959 871 1075 923 paoerms
1096 871 1152 907 non
1180 854 1305 908 dicimus.
1343 852 1411 906 θεόν
1435 856 1518 925 σαρκὶ
1542 849 1670 906 παθόντα
1693 854 1799 924 φαμεν,

95 939 167 994 stola
183 938 219 994 ad
237 939 395 997 Nestorium
412 946 479 995 tom.
492 944 514 994 t.
530 937 615 992 Cone.
632 954 659 1006 p.
673 941 739 993 537:
756 935 934 1006 Confitemur,
961 941 1077 1009 θεότητιι
1097 941 1129 994 et
1152 944 1235 1015 σαρκὶ
1260 944 1412 995 παθοῦσαν
1433 938 1450 1010 ἢ
1469 937 1539 994 θεόν
1558 935 1604 992 διό
1626 937 1727 1010 σαρκὸς
1746 957 1798 992 πα·

70 1101 73 1104 ὴ
95 1025 262 1094 quotidem
284 1026 353 1095 epse,
371 1026 420 1095 qui
438 1041 472 1079 ee
485 1027 549 1078 Deo
561 1024 652 1077 Patre
669 1030 755 1076 natus
772 1031 820 1093 eet,
840 1023 934 1077 Filius
962 1024 1048 1085 θόντα
1066 1026 1205 1101 οὐδαμῶς.
1241 1028 1317 1081 Nam
1343 1028 1576 1096 quemadmodum
1592 1025 1652 1079 soie
1669 1024 1799 1079 arborem

94 1113 253 1178 unicanitns
271 1113 365 1180 Deus,
390 1112 455 1166 ticet
473 1112 558 1181 juata
575 1117 708 1164 naturam
729 1126 809 1163 ειιαοι
836 1126 934 1180 erpere
960 1114 1183 1183 ruperitlucmtn
1202 1115 1229 1167 ei
1245 1115 1352 1168 securis
1367 1114 1479 1168 incidat
1497 1115 1635 1176 arborem,
1653 1112 1759 1164 incisus
1773 1119 1799 1165 et

89 1196 237 1266 passionis
256 1197 400 1266 metuit,
417 1214 473 1267 pro
491 1197 571 1251 nobis
587 1203 680 1250 tamen
692 1198 843 1249 τσοιιιιιίεινι
858 1195 933 1248 Scri·
961 1199 1147 1269 impassibilis
1159 1207 1320 1269 perseomt
1335 1199 1387 1269 sol,
1404 1199 1493 1254 multo
1510 1199 1602 1267 macie
1614 1197 1800 1267 impassibilis

80 1292 195 1351 pturar
209 1299 360 1352 perpessus
375 1283 453 1336 citet
470 1291 531 1336 erat
547 1283 577 1335 in
595 1282 726 1351 ονιιοηόαο
740 1297 857 1350 corpore
865 1298 933 1350 pro·
968 1285 1050 1338 Verbi
1054 1280 1201 1340 ’ἀισίαιλαι
1218 1289 1370 1340 secondum
1386 1287 1550 1356 hypostasin
1560 1286 1643 1339 carni
1656 1284 1799 1354 eopubsta,
1818 1311 1823 1320 ·

89 1368 175 1437 price
191 1369 288 1422 carnis
305 1368 520 1437 impassibiliter
534 1370 576 1421 ad
588 1384 619 1420 re
636 1369 765 1434 reserare
774 1366 933 1437 passiones.
961 1388 1047 1424 carna
1062 1374 1196 1441 patiente,
1216 1373 1401 1443 impossibiie
1414 1372 1614 1442 perseverabit.
1651 1373 1690 1424 Et
1707 1387 1799 1440 ουσια-

93 1452 232 1525 Epiphun.
256 1453 362 1510 haeres.
381 1459 422 1510 37.
440 1472 467 1525 p.
485 1459 548 1509 4³3:
575 1453 612 1514 uic
629 1453 659 1506 is
678 1454 833 1526 ῥαντισμοῦ
851 1456 933 1526 atpa-
962 1460 1131 1525 mnodum,
1150 1459 1177 1511 ετ·
1195 1460 1258 1527 quie
1274 1459 1363 1526 ipnito
1379 1461 1462 1524 ferro
1480 1459 1672 1526 superfundat
1686 1443 1798 1527 aquam,

94 1561 140 1601 τος
157 1539 287 1610 τυγχάνει
305 1538 383 1613 βαφὴ
403 1540 433 1595 ἓν
445 1542 546 1614 ίματίῳ
559 1537 589 1593 τὸ
603 1540 657 1613 μὲν
675 1543 757 1613 σῶμα
776 1536 827 1593 οὐκ
846 1540 931 1608 ἔβαψε
961 1545 1040 1612 arcad
1059 1545 1169 1612 quidem
1193 1552 1290 1597 natum
1315 1551 1355 1597 eet
1372 1544 1440 1615 pati
1456 1544 1491 1597 ab
1509 1561 1584 1611 aqua
1604 1543 1697 1613 (tonte
1715 1543 1798 1612 diso)

94 1628 144 1681 τοῦ
164 1629 333 1701 φοροῦντος,
362 1626 378 1694 ἡ
403 1627 435 1681 δὲ
461 1626 539 1696 βαφὴ
563 1628 613 1680 τοῦ
635 1626 747 1694 ίματίου
773 1623 824 1679 οῦκ
848 1628 887 1685 είς
907 1623 936 1679 τὸ
962 1629 1154 1698 emtinpuitur,
1163 1629 1302 1684 incolume
1312 1646 1378 1683 vero
1391 1637 1485 1683 manet
1496 1630 1620 1698 serrum,
1634 1647 1691 1682 non
1701 1637 1799 1683 natum
1812 1635 1853 1678 111.
1867 1633 1913 1677 ⁴8⁰·

95 1712 209 1784 ίμιίτιον
227 1713 391 1780 λελόγισται,
416 1711 479 1768 ttt’
511 1717 550 1773 είς
574 1711 623 1766 τόν
642 1709 796 1784 όνθροιπσν
816 1709 863 1766 τόν
882 1730 934 1783 φο·
962 1714 1034 1768 onim
1049 1723 1089 1768 est
1104 1717 1140 1768 ab
1151 1732 1227 1785 aqua
1238 1715 1389 1784 corrumpi,
1401 1715 1488 1768 multo
1502 1716 1594 1783 macie
1605 1731 1691 1768 carne
1701 1732 1798 1784 passa,

94 1799 207 1870 ροῦντα,
228 1798 298 1853 οὕτω
314 1799 403 1853 καὶτὸ
421 1798 577 1859 πόθοςείο.
604 1797 684 1851 Simst
700 1797 774 1849 siin
790 1797 936 1865 sanquinis
962 1800 1025 1853 sola
1051 1801 1235 1869 impacsibiiie
1260 1801 1395 1855 divinitas
1409 1802 1572 1869 passionem
1594 1819 1650 1854 nou
1675 1799 1800 1853 admittit

94 1885 269 1954 respersione
289 1885 411 1939 tinctrma
430 1893 469 1938 est
488 1884 696 1952 investimento,
714 1891 935 1952 corprscpeetan-
963 1886 1166 1954 inseparabitir
1187 1887 1222 1938 ab
1248 1886 1313 1955 ι’μεα
1336 1903 1510 1956 pernranenr.
1555 1885 1682 1941 Tandem
1706 1891 1802 1941 mouet

95 1971 132 2023 tis
149 1987 205 2023 non
217 1971 348 2040 inficitur,
370 1973 421 2025 red
435 1971 559 2025 tinnura
570 1970 733 2037 vestimenti,
745 1971 786 2023 ad
798 1970 935 2022 bominem
962 1971 1032 2026 haee
1040 1972 1166 2040 exemplu
1179 1988 1234 2026 non
1248 1988 1310 2026 esse
1319 1975 1459 2033 παντελῶς
1472 1975 1517 2026 καλ
1530 1964 1681 2032 όνελλιπῶς
1693 1971 1801 2038 similia,

95 2065 187 2112 ίαυιαιι
204 2065 368 2126 putantem,
387 2075 442 2111 non
461 2059 619 2110 adversm
635 2056 773 2124 refertur,
792 2056 833 2108 ric
851 2056 935 2109 ctiam
963 2064 991 2112 et
1016 2056 1096 2112 addit
1118 2055 1334 2115 memoriabilem
1358 2057 1538 2112 sententiam:
1567 2058 1613 2112 tul
1636 2061 1692 2111 τῶν
1715 2062 1801 2111 θείαν

91 2145 202 2212 paceio.
223 2142 303 2198 Idem
316 2150 413 2198 eontra
425 2142 609 2198 Dimaeritas:
629 2139 659 2195 rb
678 2141 710 2195 ii
724 2139 935 2207 nidorosorum
962 2139 1102 2197 ἀδύνατον
1120 2142 1151 2196 ἰν
1168 2146 1256 2197 πᾶσιν
1274 2142 1376 2211 ὅμοιον
1394 2142 1484 2217 εὑρεῖν
1501 2143 1688 2217 παράδειγμα,
1709 2142 1755 2196 tut
1770 2141 1800 2196 di

97 2229 147 2285 οὐκ
170 2230 336 2301 ἐνέσκηψεν,
356 2232 386 2283 in
404 2231 536 2284 deitatem
549 2228 652 2298 passio
668 2246 724 2282 non
735 2228 846 2289 incidit,
866 2226 937 2282 ἀλλὰ
963 2230 1007 2293 τῆς
1024 2232 1172 2299 θεολογίας
1190 2228 1239 2284 ἐπί
1254 2247 1282 2283 τε
1301 2231 1348 2302 τῆς
1368 2233 1537 2301 οίκονομίας.

79 2303 363 2390 ’ἐντῇάνθριυτιὴσει
378 2314 496 2385 ἐγένετο,
516 2312 566 2368 οὐκ
586 2315 720 2384 ίλογίσθη
737 2312 936 2388 όετῇᾶνθριυ·
999 2321 1055 2372 194.
1092 2316 1262 2370 Antithesis:
1300 2322 1322 2372 i.
1349 2316 1384 2370 de
1414 2313 1616 2370 Valentinianis
1639 2314 1725 2370 refert
1743 2315 1800 2370 Ire·

97 2402 178 2472 πὴσει
194 2402 268 2476 μόνη
287 2400 348 2456 ἀλλ’
370 2401 502 2471 ἐλογίσθη
524 2403 570 2452 καὶ
589 2402 626 2461 είς
642 2399 760 2466 θεότητα
779 2400 824 2466 τῆς
842 2398 937 2467 θεότη·
963 2418 1049 2457 naeus
1069 2401 1131 2456 libr.
1151 2408 1173 2457 t.
1191 2418 1215 2457 c.
1231 2407 1253 2458 l.
1271 2421 1296 2472 p.
1310 2408 1352 2470 24,
1371 2400 1445 2473 quod
1462 2400 1606 2455 docuerint
1622 2401 1799 2468 calcatorem,

97 2509 142 2550 τος
158 2490 197 2558 μη
216 2487 385 2558 πασχούσης.
429 2478 601 2541 Athmisius
619 2485 649 2539 in
667 2486 747 2555 epist.
772 2485 808 2540 ad
825 2484 936 2556 Epicte·
963 2489 1012 2557 qui
1036 2489 1067 2540 in
1086 2488 1228 2543 Cirr-istum
1253 2489 1429 2542 descenderit
1451 2489 1483 2540 s'n
1500 2487 1637 2556 baptisma
1655 2488 1800 2555 informa

98 2583 155 2630 tum
173 2575 236 2629 cire.
256 2574 342 2629 med:
366 2574 470 2628 mano
487 2572 584 2642 atiquo
602 2574 685 2626 modo
711 2572 826 2625 Verbum
845 2573 937 2640 ipsum
963 2575 1114 2641 columbae,
1133 2573 1231 2641 ἀπαθῆ
1251 2577 1484 2649 διαμεμενηκέναι
1502 2591 1534 2629 ec
1550 2580 1698 2645 propterea
1708 2574 1800 2642 Spiri-

97 2662 243 2731 sustsnuit,
268 2677 299 2714 eo
318 2661 395 2728 ηαυσί
411 2660 509 2712 videns
528 2657 596 2711 illos
615 2659 645 2710 in
664 2675 781 2727 corpore
798 2674 850 2711 ruo
870 2659 937 2726 affi-
962 2668 1020 2714 tum
1039 2662 1156 2724 Christi,
1181 2662 1278 2730 quiin
1295 2662 1359 2730 ι’γιεο
1379 2661 1525 2731 imperitus
1543 2668 1619 2728 erat,
1637 2677 1699 2714 eum
1717 2661 1799 2713 duee-

96 2765 155 2817 σοι,
171 2746 362 2817 incorporalis
381 2745 431 2800 ille
445 2763 507 2798 cum
514 2744 667 2814 probibere
680 2751 785 2814 posset,
805 2761 937 2814 nonpro·
962 2755 1040 2800 retur
1066 2749 1108 2800 ud
1121 2747 1263 2816 Pilatum,
1286 2748 1426 2801 sublatum
1446 2747 1552 2815 sur'rre,
1573 2764 1692 2816 pasrrsm
1709 2753 1800 2800 autem

97 2835 194 2903 sisois,
212 2834 264 2887 sed
280 2832 334 2885 ribi
350 2832 508 2886 vendicavit
527 2839 661 2900 tanquam
678 2848 732 2884 rua
750 2830 847 2900 epsiue,
865 2847 937 2900 quae
963 2850 1021 2887 esec
1042 2832 1182 2888 Christum
1202 2833 1330 2904 ψυχικόν.
1361 2833 1464 2889 Confer
1481 2824 1582 2888 Euseb.
1601 2832 1664 2887 libr.
1683 2839 1707 2888 θ.
1726 2831 1799 2888 Hist.

92 2920 218 2991 propria
235 2926 316 2973 nant
335 2917 471 2988 corporis.
502 2916 538 2970 Et
555 2923 666 2987 postes:
688 2916 770 2980 Quod
786 2917 936 2971 irancuum
962 2936 986 2973 c.
1006 2925 1047 2975 tt.
1069 2926 1097 2975 et
1115 2926 1157 2976 28.
1174 2919 1220 2976 lib
1239 2927 1263 2974 t.
1282 2937 1306 2975 c.
1321 2925 1369 2989 ²33
1391 2923 1417 2972 2.
1436 2920 1472 2972 de
1489 2919 1624 2973 Basilide
1641 2917 1715 2974 idem
1726 2934 1800 2972 com·

91 3006 257 3076 patiebatur
273 3021 390 3074 οοιηιυι,
416 3004 485 3057 baec
504 3004 602 3056 eadem
625 3003 759 3066 Verbum,
780 3005 858 3072 quod
876 3021 935 3057 cor·
962 3012 1097 3060 memorat
1116 3006 1165 3061 lib.
1187 3013 1209 3062 l.
1227 3023 1250 3060 c.
1270 3011 1312 3062 2³.
1331 3024 1358 3076 p.
1377 3011 1423 3073 78,
1444 3005 1519 3076 quod
1537 3003 1677 3073 docuerit,
1701 3005 1801 3058 Jerrnn

94 3093 163 3165 pori
191 3092 367 3160 conjunctum
399 3098 474 3160 crat,
510 3092 552 3143 ad
578 3105 608 3143 ee
636 3090 793 3154 referebat,
823 3098 855 3143 ut
885 3108 936 3143 noe
962 3109 1017 3145 non
1034 3106 1094 3145 esse
1106 3109 1233 3161 passum,
1252 3094 1304 3146 sed
1315 3092 1456 3147 Simonem
1474 3091 1614 3159 quendam
1629 3090 1801 3158 cyrenaeum

97 3180 193 3234 liceret
217 3179 332 3232 deitatb
355 3177 440 3230 Verbi
458 3175 617 3246 participes
636 3176 712 3245 fieri.
747 3177 838 3246 Atqui
860 3177 937 3231 illud
962 3178 1143 3246 enpuriatum
1164 3186 1297 3249 portasse
1322 3194 1431 3232 mosem
1460 3178 1522 3246 ejus
1535 3193 1593 3246 pro
1613 3192 1658 3245 eo,
1686 3183 1712 3229 et
1729 3175 1800 3229 bunc

96 3266 188 3335 iprum
220 3280 359 3334 perquam
394 3262 497 3316 mirum
524 3261 604 3330 sus't,
643 3263 761 3314 eundem
789 3262 880 3325 tuieee
910 3270 936 3318 et
962 3266 1112 3318 secundum
1131 3265 1319 3333 ipnorantiam
1337 3272 1362 3318 et
1382 3278 1506 3317 errarem
1530 3262 1691 3327 crucifiwm
1708 3269 1800 3316 bans·

92 3351 246 3421 patientem
277 3357 303 3403 et
338 3367 395 3404 non
419 3348 584 3418 patientem
638 3348 798 3402 Patientem
821 3350 934 3419 atridem
961 3352 1113 3419 fipuratum
1134 3352 1170 3405 ab
1187 3367 1226 3414 eo,
1244 3351 1288 3404 uti
1299 3357 1453 3418 putaretur
1469 3349 1629 3417 ereeJerue,
1647 3348 1800 3418 iprumau·

97 3444 232 3506 ηυσεοτιτιι
248 3436 338 3505 ipsius
351 3435 503 3504 proprium
522 3451 636 3504 corpeus,
657 3435 688 3487 in
705 3451 759 3504 φιο
779 3444 851 3505 erat,
876 3454 935 3506 pa·
962 3444 1015 3490 tem
1038 3437 1136 3490 Jeenm
1161 3437 1285 3491 Simonis
1311 3436 1451 3505 accepisse
1475 3436 1600 3500 somnam
1631 3442 1656 3488 et
1681 3441 1800 3488 stonum

97 3524 235 3587 tiebatur;
260 3540 317 3575 uon
336 3522 490 3593 patientem
517 3537 600 3590 vero,
627 3528 763 3591 quotenne
781 3538 814 3574 ee
830 3530 936 3576 natura
962 3523 1086 3576 irrioicse
1105 3538 1168 3591 εοε,·
1196 3525 1223 3576 3.
1241 3522 1390 3576 Nectarius
1416 3521 1479 3577 Deo
1504 3520 1661 3592 passionem
1688 3520 1800 3591 penitus

97 3613 176 3664 Dera
193 3608 379 3678 impassibilis
397 3615 470 3673 erat,
495 3609 608 3677 spesque
629 3608 811 3677 incorporem
829 3610 859 3662 in
875 3626 935 3663 cor-
963 3607 1135 3676 detrahebat,
1155 3608 1207 3662 soli
1224 3624 1290 3662 vero
1301 3607 1468 3663 humanitati
1485 3606 1632 3674 tribuebat,
1649 3606 1724 3661 unde
1737 3623 1799 3678 pra·

93 3713 165 3766 pore
184 3695 303 3765 patibili
326 3693 487 3761 mutabat,
512 3710 667 3763 carpetam
686 3694 808 3747 οτόίιείαι
827 3694 935 3748 Filium
961 3693 1126 3764 positionem
1143 3693 1233 3748 illam:
1257 3693 1390 3756 ,Cbrsbtue
1414 3701 1455 3747 est
1474 3710 1595 3762 pareus,
1621 3690 1800 3762 concedebat,

97 3783 157 3835 Dei
172 3781 357 3852 impatibsiem
374 3780 510 3834 retinebat
528 3780 713 3832 &sumentem
730 3797 882 3849 corporeas
894 3781 935 3835 in·
962 3779 1010 3834 sed
1029 3779 1157 3835 alteram:
1178 3781 1260 3834 Deus
1280 3787 1322 3834 est
1336 3793 1455 3849 μοεειιε,
1482 3778 1604 3850 negabat
1620 3793 1654 3833 ac
1672 3777 1800 3849 frequen·

89 3868 251 3935 firmitates.
285 3866 343 3922 Leo
360 3864 448 3936 Epist
470 3871 508 3920 10.
527 3864 563 3918 ad
581 3863 720 3919 Flavium:
748 3866 857 3920 Filimn
876 3867 937 3920 Dei
962 3872 1004 3921 ter
1021 3865 1050 3920 in
1068 3883 1116 3922 ore
1135 3865 1257 3923 babebat
1274 3866 1345 3921 iliud
1369 3864 1612 3941 πολυθρόλλητονε
1650 3866 1722 3919 Noli
1739 3865 1798 3933 pic·

97 3955 216 4008 dicimus
229 3971 347 4022 passum
365 3959 391 4005 et
409 3959 546 4006 mortuum
566 3951 669 4004 nonin
687 3959 807 4004 naturae
822 3953 935 4006 divinae
962 3952 1043 4022 riari,
1063 3953 1184 4025 Judaee,
1202 3971 1258 4008 nan
1277 3955 1349 4007 enim
1369 3954 1472 4020 Deum,
1490 3954 1542 4006 sed
1554 3952 1690 4006 bominem
1708 3950 1798 4004 muci·

93 4041 282 4110 proprietate,
304 4041 357 4093 red
374 4038 404 4091 in
422 4045 547 4092 arcuada
564 4037 702 4090 humanae
721 4045 839 4091 naturae
857 4039 935 4108 infir·
957 4041 1078 4109 ficietis
1093 4045 1158 4095 tom.
1189 4045 1211 4095 l.
1237 4039 1341 4094 Concil.
1366 4032 1462 4096 Calan.
1490 4043 1548 4094 5³4.
1576 4037 1649 4092 Hist.
1676 4035 1797 4106 Tripuri.
1820 4036 1823 4043 ’

97 4128 200 4181 mitate.
228 4127 393 4182 Damascen.
409 4124 459 4180 lib.
474 4130 499 4182 θ.
519 4141 544 4179 c.
558 4129 599 4179 25.
613 4123 753 4195 duplicem
767 4140 826 4178 esse
842 4129 936 4179 mouet
962 4126 1010 4181 lib.
1033 4132 1071 4183 12.
1091 4144 1114 4181 c.
1135 4135 1159 4182 s.
1178 4125 1321 4196 Angustia
1340 4124 1375 4180 de
1392 4124 1498 4179 haeres.
1522 4141 1547 4178 c.
1565 4130 1605 4179 91.
1627 4121 1798 4192 Principium

96 4218 243 4279 οἰκείοισιν,
261 4231 318 4269 nna
331 4220 373 4268 est
385 4209 489 4285 φυσικὴ
502 4214 547 4265 καὶ
566 4208 709 4278 oboedire,
727 4209 814 4266 altera
826 4226 935 4282 προσο-
963 4213 1062 4268 erroris
1082 4213 1111 4266 in
1131 4228 1164 4268 eo
1182 4211 1294 4278 residet,
1315 4211 1390 4282 quod
1406 4225 1541 4281 personae
1558 4209 1692 4263 unitatem
1710 4207 1798 4261 direl-
1871 4240 1873 4245 -

97 4300 162 4365 πικὴ
176 4304 222 4352 καλ
235 4298 352 4369 σχετική.
367 4296 495 4369 'wasseb
512 4297 609 4369 iuquit,
627 4300 673 4350 sat
694 4294 829 4365 οὐσιοόόηε
841 4313 874 4352 ee
887 4303 937 4366 est,
963 4299 1046 4354 leudo
1063 4298 1146 4353 aliam
1165 4314 1311 4369 personam
1329 4295 1448 4367 putabat
1465 4313 1525 4351 esse
1541 4293 1696 4362 Christum,
1713 4293 1798 4348 eliam

97 4383 158 4439 καθ’
183 4382 217 4451 ἣν
235 4385 281 4438 διὰ
303 4387 523 4458 φιλανθρωπίαν
541 4383 556 4437 ό
576 4385 670 4452 κύριος
688 4382 738 4451 τήν
756 4401 785 4437 τε
805 4381 937 4455 φόσινὴ-
963 4402 1028 4441 vero
1046 4384 1138 4440 Deum
1160 4400 1210 4438 seu
1233 4382 1287 4437 Dei
1304 4381 1421 4446 Filium,
1450 4397 1515 4435 curn
1535 4379 1573 4434 sit
1597 4395 1655 4433 uua
1671 4394 1798 4450 persana,

95 4475 159 4546 μῶν
174 4471 221 4523 καὶ
238 4471 272 4524 τὰ
290 4467 396 4542 φυσικὰ
414 4470 505 4527 πάντα
523 4468 640 4539 ἆνέλαβε
658 4469 740 4542 φύσει
755 4473 801 4524 καὶ
820 4468 937 4539 ἀληθείᾳ
964 4487 1036 4544 quae
1062 4468 1220 4541 appelletur
1241 4467 1367 4523 Christus
1390 4466 1427 4521 sb
1453 4468 1570 4536 utraque
1590 4464 1673 4519 simul
1690 4468 1799 4533 nature,
1884 4519 1886 4522 ⁴

96 4555 247 4630 peripteroe
266 4553 416 4629 ἅνθρωπος
433 4559 479 4610 κοιλ
496 4557 551 4610 τεόν
564 4557 693 4628 φυσικῶν
710 4556 741 4611 ἐν
758 4561 842 4627 πείρᾳ
858 4555 937 4627 γεκό-
963 4558 1041 4614 Deus
1061 4562 1155 4611 autem
1173 4553 1232 4609 sive
1249 4553 1339 4608 Filius
1355 4552 1423 4607 DEI
1441 4567 1459 4606 a
1476 4557 1578 4606 nutura
1595 4550 1697 4620 divina
1714 4550 1798 4605 homo

95 4661 192 4718 μενος·
226 4643 390 4716 προσωπινὴ
407 4643 438 4697 di
459 4645 505 4696 rai
524 4642 640 4713 exerceri,
670 4643 717 4697 ότε
737 4663 775 4703 τις
795 4642 824 4697 τό
842 4643 936 4714 ἑτέρου
963 4649 1099 4700 enatura
1114 4641 1242 4696 humana
1267 4639 1407 4694 Lottroeus
1424 4643 1521 4693 eoum
1538 4637 1697 4695 Nestorium
1716 4641 1800 4708 urget

98 4729 246 4786 ὖποόύεται
257 4728 409 4803 πρόσωπον
423 4729 471 4784 tut
485 4733 586 4799 σχέσιν,
596 4731 692 4784 οίκτον
704 4733 777 4804 φημὶ
789 4728 804 4796 ἢ
816 4729 937 4800 ἀγάπην,
963 4733 1036 4787 hune
1054 4727 1247 4799 syllogismum
1260 4723 1468 4796 expositorium:
1490 4724 1569 4778 Haec
1580 4739 1707 4794 peremta
1720 4723 1798 4792 patt-

97 4822 142 4871 καὶ
173 4814 235 4872 ἀντ’
270 4814 356 4870 αὐτοῦ
391 4816 454 4876 τοὺς
479 4813 549 4889 ὑπὲρ
577 4815 663 4871 αὐτοῦ
690 4821 809 4870 ποιεῖται
837 4815 938 4887 λόγους
963 4828 1015 4872 tur.
1052 4818 1133 4870 Haeo
1153 4831 1279 4885 persona
1297 4821 1337 4866 est
1354 4812 1443 4866 Deue.
1480 4812 1560 4879 Erpa
1579 4811 1660 4864 Deus
1676 4809 1797 4880 patitur.

95 4905 186 4978 μηδὲν
212 4903 286 4973 αὐτῷ
314 4901 512 4977 προσήκοντας.
546 4902 578 4958 C.
605 4908 652 4958 26:
681 4900 763 4962 αὐτὸς
789 4903 840 4957 τοῦ
868 4910 936 4958 θεοῦ
962 4903 1127 4959 'I'heodoret
1153 4899 1235 4955 ceam
1257 4899 1286 4953 in
1308 4896 1426 4968 dialogis
1447 4894 1567 4968 iniquior
1591 4901 1634 4949 est
1650 4894 1716 4949 buis
1735 4910 1798 4966 pra·
1822 4898 1824 4903 ’

96 4989 192 5061 Λόγος
210 4989 300 5044 πάντα
315 4987 445 5062 όπίμεινε
460 4992 541 5058 σαρκὶ
559 4990 604 5055 τῆς
615 4993 692 5048 θείας
703 4992 750 5042 καὶ
760 4988 849 5059 μόνης
865 4989 936 5044 ἀπα·
962 4989 1108 5062 positioni:
1133 4985 1229 5056 Λόγος
1250 5001 1300 5038 reu
1317 4985 1398 5037 Deue
1421 4999 1507 5036 carne
1520 5000 1578 5051 pro
1593 4980 1673 5035 nobb
1685 4997 1798 5050 parm,

97 5080 166 5139 θοῦς
182 5076 270 5132 αὐτοῦ
280 5075 398 5149 φόσεοις,
419 5073 548 5136 ἀπαθοῦς
559 5076 613 5148 μὲν
631 5071 722 5142 οὔσης
740 5077 790 5129 τοῦ
808 5076 864 5150 γὰρ
876 5076 938 5138 ἑνός
962 5083 990 5132 et
1019 5075 1072 5130 hoe
1102 5073 1183 5129 mado
1212 5070 1309 5126 statuit
1337 5068 1525 5140 loquendum:
1559 5065 1686 5122 Christus
1716 5081 1799 5122 esras
1864 5059 1871 5069 ’

99 5169 222 5236 Χριστοῦ
241 5166 294 5220 νῦν
313 5165 343 5218 lu
360 5161 490 5230 θεότητός
505 5180 534 5217 τι
554 5165 600 5215 καὶ
613 5160 827 5235 όνθροπότητσς
840 5178 936 5219 curre-
961 5179 1060 5235 passus
1084 5165 1134 5216 est.
1164 5166 1186 5215 t.
1207 5156 1414 5212 Mabomedani
1437 5154 1466 5209 in
1483 5153 1698 5209 Alcamenen
1718 5153 1798 5208 Obri-

98 5256 230 5325 θειμίνου
250 5253 280 5305 ἐν
299 5242 424 5316 θεότητιΙ
427 5252 473 5302 καλ
486 5246 680 5321 όνθραιπότητι
692 5247 773 5308 ὄντος
782 5248 937 5320 πάσχοντος
961 5256 1035 5302 stum
1051 5247 1170 5300 Mariae
1190 5242 1306 5315 lt'iiium,
1324 5243 1410 5296 muita
1427 5244 1519 5296 minus
1536 5242 1596 5296 Dei
1614 5239 1729 5306 Filium,
1747 5243 1800 5296 sed

95 5339 126 5393 τό
137 5339 192 5413 μὲν
203 5335 339 5406 παθητόν,
356 5335 392 5397 ὡς
403 5330 530 5408 πεφυκὸς
540 5333 658 5404 πάσχειν
670 5335 800 5405 ἔπασχεν,
812 5334 844 5392 οὐ
858 5353 936 5391 συνε-
962 5334 1051 5387 alium
1082 5333 1221 5403 ηειοιιιίατιι
1253 5329 1366 5384 Obristo
1394 5328 1514 5382 similem
1546 5328 1708 5394 οινιοίιίαιιοι
1739 5343 1799 5381 eree

95 5440 184 5494 πασχε
212 5424 244 5477 di
266 5423 296 5477 τὸ
320 5421 436 5483 ἀπαθές.
480 5419 559 5477 idem
584 5420 708 5475 declarat
725 5421 857 5494 exemplis
876 5429 937 5477 tum
963 5420 1162 5490 blaephemant.
1210 5415 1399 5486 Schweigerus
1436 5413 1484 5468 lib.
1515 5418 1538 5468 2.
1574 5412 1658 5467 sleor.
1697 5428 1721 5470 e.
1757 5417 1798 5469 to.

96 5507 276 5566 dissimilibus
295 5515 354 5564 tum
374 5507 518 5563 similibus.
546 5507 660 5574 Anima,
672 5506 771 5578 inquit,
787 5508 935 5578 paecrbs'lis
965 5512 990 5561 θ.
1009 5506 1117 5561 Ariani
1131 5510 1240 5560 veteres
1258 5507 1287 5556 et
1304 5499 1470 5556 recentiores
1489 5497 1585 5554 itidem
1602 5503 1710 5572 negant
1726 5496 1800 5554 bans
