3984 6022
912 275 1035 334 Locus
1053 274 1233 340 QUARTUS
1256 229 1262 245 Ι

1075 430 1196 501 subjecti
1210 431 1272 486 loco
1288 429 1401 501 ponitur
1420 438 1576 485 coaeretam
1590 447 1746 501 personae,
1764 435 1800 485 ut
1812 428 1916 485 Chr'uto

473 533 494 593 (γ
511 533 538 592 3
555 533 624 592 pu
642 534 666 592 p
704 533 787 594 ¹11·
1075 516 1143 570 data
1154 521 1197 571 est
1209 515 1298 570 omnis
1310 522 1433 586 potestas
1446 515 1475 571 in
1487 517 1562 571 coelo
1574 524 1603 571 et
1617 516 1647 571 in
1666 523 1743 571 terra
1760 515 1864 571 Matth.
1879 519 1917 586 tl,

1075 619 1099 654 v.
1115 608 1156 666 18,
1174 602 1203 655 in
1222 600 1390 671 quibusdam
1410 601 1528 672 subJecti
1546 602 1608 656 laco
1626 602 1742 671 ponitur
1760 612 1915 656 concreari

213 676 280 740 DE
313 671 555 739 SECUNDO
593 671 804 737 GENERE
843 669 1047 738 COMMU·
1074 695 1194 740 maturae
1221 687 1375 755 lsamaaae,
1401 694 1433 741 ut
1456 686 1544 740 Filius
1571 686 1690 742 hominis
1717 695 1763 743 ost
1794 687 1916 742 dominos

297 772 613 840 ursmarus
646 771 962 841 lDIOMATUM.
1075 770 1342 840 obianum-2,
1359 776 1438 826 vas·
1456 773 1502 825 An
1519 772 1955 829 mammarum

150 896 153 900 .
541 852 551 862 “
1076 855 1213 911 humanae
1231 857 1400 927 quandoque
1421 856 1541 927 subjecti
1561 858 1652 913 locum
1670 866 1810 929 occupet,
1836 859 1871 914 de
1888 876 1917 914 eo

89 970 174 1009 mn.
248 949 307 999 201.
341 943 441 997 Thesis
459 943 612 1013 generalis:
648 943 806 996 Soormdam
827 959 913 1009 peras
931 958 1049 994 comma
1076 941 1233 996 videbimus
1253 942 1281 995 in
1300 941 1526 1012 quaestionibus3
1545 948 1570 995 5.
1587 944 1788 1012 reciprocatio.
1818 943 1852 997 In
1869 942 1917 998 hoc

88 1021 141 1061 Μ
161 1026 200 1066 ¹⁸·
213 1030 363 1083 nicationis
381 1029 547 1082 idiomatum
572 1037 626 1091 est,
652 1046 707 1098 qao
732 1027 830 1080 divina
853 1035 958 1080 aalma
978 1026 1052 1080 sitis·
1076 1026 1333 1082 communicationis
1344 1044 1447 1098 genere
1465 1027 1648 1098 reciprocatio
1659 1045 1716 1083 non
1727 1028 1820 1084 habet
1832 1028 1917 1083 locum

87 1078 199 1163 binim·
209 1116 361 1184 propriam
387 1132 468 1167 eseam
493 1114 617 1181 aloriam
642 1123 668 1167 et
693 1114 884 1168 excellentiam
912 1114 1051 1166 lamarsae
1078 1120 1109 1167 ut
1128 1113 1156 1166 in
1173 1113 1278 1184 prim03
1304 1113 1374 1168 ratio
1392 1113 1462 1169 haec
1479 1120 1537 1182 est,
1556 1114 1624 1184 qais
1642 1114 1738 1169 divina
1757 1121 1863 1169 natura
1879 1120 1917 1169 est

85 1173 183 1265 iiiiiis·
213 1209 333 1255 paterae
351 1200 542 1267 communicat,
563 1216 678 1251 meacm
697 1199 762 1268 ipsa
775 1200 939 1268 passionem
957 1197 1052 1251 carreis
1078 1197 1240 1269 simpliciter
1267 1199 1451 1260 ἀναλλοίωτος
1476 1203 1524 1252 καλ
1549 1198 1753 1272 όμετόβλητος,
1782 1200 1848 1255 ideo
1873 1217 1918 1270 per

85 1279 141 1316 ‘²¹¹¹-
214 1303 319 1356 sopers.
350 1284 432 1340 Circa
449 1284 501 1340 hoc
519 1301 608 1355 genus
625 1284 762 1339 roanos:
787 1289 809 1337 1.
822 1286 1050 1352 fondamentum
1079 1286 1209 1339 unionem
1236 1303 1287 1349 nec
1315 1284 1410 1356 perfici
1434 1301 1486 1340 nec
1511 1284 1598 1339 minui
1620 1302 1672 1340 nac
1695 1285 1779 1340 evehi
1802 1303 1854 1341 nec
1875 1287 1918 1341 de

216 1371 290 1436 Quia
306 1377 406 1427 natura
423 1377 546 1426 assumta
562 1371 590 1424 in
610 1371 711 1424 unione
724 1387 758 1424 ac
775 1387 826 1440 per
844 1370 972 1426 unionem
989 1387 1051 1440 par-
1079 1369 1161 1439 primi
1179 1371 1271 1440 potuit
1288 1370 1408 1426 Malach.
1428 1377 1453 1440 ³,
1471 1389 1497 1424 v.
1516 1377 1540 1439 6,
1559 1370 1682 1425 humana
1699 1379 1799 1426 autem
1815 1378 1918 1435 ustum,

214 1458 302 1527 ticeps
319 1456 397 1510 facta
414 1463 456 1510 est
474 1455 656 1526 hypostaseos
674 1461 724 1511 τοῦ
743 1457 857 1526 Λόγον,
882 1457 944 1510 ideo
968 1456 1052 1510 etiam
1079 1457 1145 1526 quis
1163 1456 1274 1510 humilis
1294 1465 1337 1512 est
1357 1463 1386 1512 et
1408 1456 1510 1524 ίνόεής,
1532 1456 1595 1510 ideo
1610 1473 1660 1527 per
1677 1456 1815 1511 unionem
1832 1457 1918 1528 potnit

215 1541 369 1596 divinorum
391 1541 551 1597 idiomatum
570 1547 689 1608 verset
712 1541 825 1596 realiter
847 1540 987 1612 particeps
1010 1548 1053 1595 est
1079 1542 1209 1610 exaltari,
1238 1542 1317 1598 evehi
1341 1559 1374 1596 ac
1396 1541 1499 1612 perfici.
1544 1542 1603 1598 Nec
1627 1548 1670 1596 est
1694 1543 1776 1613 quod
1802 1560 1916 1613 regeres,

215 1626 297 1682 iacta
328 1626 400 1691 Quia
413 1626 500 1680 Filius
511 1626 566 1681 Dei
578 1626 631 1682 hoc
648 1626 703 1682 fine
722 1627 751 1680 in
768 1642 902 1697 personae
918 1626 1051 1680 unitatem
1078 1630 1208 1682 arionem
1232 1646 1291 1682 esse
1308 1631 1495 1698 reciprocam,
1517 1629 1642 1696 proinde
1665 1629 1754 1682 etiam
1773 1631 1916 1683 rammam-

216 1712 347 1767 assumsit
372 1713 522 1766 humanam
548 1717 690 1774 naturam,
716 1712 847 1766 utinen
863 1727 896 1766 sc
920 1729 970 1782 per
991 1727 1053 1766 eam
1080 1715 1225 1767 catiorsem.
1261 1714 1395 1779 Quamvis
1412 1718 1505 1768 autem
1528 1713 1594 1768 unio
1613 1722 1745 1785 respectu
1770 1715 1917 1786 suiipsius

217 1815 287 1869 opus
305 1798 484 1853 redemtionis
505 1815 537 1851 ac
557 1797 654 1851 salutis
671 1802 781 1852 nostrae
797 1796 942 1867 perficeret
962 1803 990 1851 et
1012 1797 1052 1850 ol·
1079 1798 1253 1854 condderata
1271 1800 1308 1853 sit
1324 1799 1449 1870 aequalis
1467 1805 1496 1855 et
1511 1799 1669 1871 reciproca,
1697 1807 1798 1856 tamen
1817 1802 1916 1856 ratione

216 1884 309 1941 licium
337 1903 418 1940 suum
446 1883 658 1955 propheticum,
687 1884 861 1939 sacerdotale
888 1890 917 1938 et
945 1884 1053 1954 regium
1080 1884 1220 1938 unitarum
1238 1893 1399 1939 naturarum
1418 1885 1592 1940 considerata
1615 1885 1729 1940 exhibet
1748 1886 1832 1942 nobis
1851 1887 1916 1941 hene

215 1971 433 2038 administraret,
461 1970 524 2025 ideo
544 1977 604 2031 ταῖς
626 1976 713 2029 θείαις
733 1971 882 2044 ἐνεργείαις
903 1969 1052 2037 ἐπλούτησε
1080 1969 1279 2036 differentiam,
1298 1971 1373 2040 quod
1394 1971 1423 2024 in
1442 1970 1543 2024 unione
1562 1970 1577 2024 ὁ
1596 1970 1696 2040 Λόγος
1714 1971 1754 2026 sit
1771 1988 1916 2039 muniens,
1955 1960 1965 1999 ί

214 2057 264 2126 τὴν
290 2057 396 2128 σόραα,
424 2061 456 2109 ut
473 2060 546 2110 esset
564 2055 685 2110 salutare
703 2064 732 2111 et
750 2056 880 2110 idoneum
897 2055 1053 2111 divinorum
1079 2071 1144 2110 caro
1162 2063 1255 2110 autem
1274 2055 1311 2110 sit
1327 2062 1466 2125 assumo,
1492 2054 1622 2126 όΛόγος
1642 2057 1780 2112 assumsit
1803 2074 1915 2126 umens,
1951 2118 1961 2135 υ

216 2140 451 2216 ἀποτελεσμάτων
464 2157 607 2216 organum,
626 2138 677 2195 οὐκ
690 2140 794 2216 όεργον
805 2146 850 2196 καὶ
865 2137 985 2212 ἔψυχον,
1005 2141 1055 2197 scd
1078 2157 1143 2196 saro
1162 2148 1255 2196 autem
1273 2159 1329 2196 non
1346 2142 1476 2196 assumsit
1495 2142 1607 2212 Λόγον,
1631 2142 1682 2197 sed
1701 2151 1746 2198 est
1763 2150 1884 2198 οοοοπιιι
1900 2160 1917 2198 s
1938 2157 1965 2207 ῃ·

217 2227 400 2302 λνεργητικόν,
418 2243 474 2282 non
491 2233 658 2298 separatum,
676 2227 725 2282 sed
735 2227 859 2297 animm
876 2232 904 2284 2.
923 2227 1053 2296 appella-
1079 2227 1175 2299 Λόγῳ,
1190 2229 1250 2298 jam
1266 2245 1332 2282 sero
1350 2229 1470 2281 assumti
1482 2229 1626 2297 provectio
1640 2238 1691 2293 est,
1709 2248 1770 2284 son
1780 2247 1916 2284 οωασιοιι·

215 2318 314 2370 tr’orses.
349 2314 472 2370 Vocatur
489 2313 542 2368 hoc
568 2329 658 2385 εοιιιιο
680 2313 709 2367 in
730 2313 879 2385 Scripturis
904 2313 1050 2387 όαερόψω-
1078 2315 1123 2382 tie,
1140 2322 1173 2369 ut
1188 2314 1286 2368 dicunt
1301 2314 1342 2385 pii
1354 2321 1474 2383 vetares,
1493 2319 1518 2368 (ι’.
1532 2317 1699 2384 particulae
1714 2319 1913 2392 προσδιορισα-

215 2419 264 2468 σις,
284 2401 401 2470 όψωσις,
418 2400 496 2468 δόξα,
513 2399 631 2464 όόξασις,
652 2401 760 2460 εἴσοδος
780 2405 817 2461 εἰς
835 2400 935 2467 δόξαν,
953 2399 1054 2471 ossari-
1080 2407 1135 2454 rei.
1158 2401 1332 2471 Quandoque
1343 2401 1372 2455 in
1390 2401 1442 2455 hoc
1459 2417 1561 2473 genere
1580 2401 1752 2456 adhibentur
1769 2403 1916 2474 particulae

215 2504 313 2553 νωσις,
330 2485 510 2561 μεγαλοσότη
529 2485 559 2540 ίν
579 2485 697 2554 ὑψηλοῖς
711 2491 779 2555 eta,
798 2504 816 2541 a
828 2487 955 2557 patribus
968 2485 1053 2541 Grae·
1080 2485 1163 2554 κατό,
1183 2485 1237 2553 ὅτι,
1257 2486 1292 2541 da
1311 2485 1413 2557 quibus
1431 2486 1637 2543 accuratissime
1656 2489 1831 2560 notnndnm,
1848 2490 1915 2562 quod

216 2575 269 2629 cis:
288 2577 403 2638 θίωσις,
422 2570 595 2636 όποθέωσις,
611 2571 765 2646 μετάληψις
781 2579 860 2633 θείας
872 2571 950 2635 όξίας
968 2572 1054 2627 lusti·
1080 2588 1175 2627 aarum
1192 2589 1258 2626 usus
1276 2572 1347 2626 alius
1365 2573 1402 2627 sit
1419 2574 1449 2625 io
1462 2575 1574 2642 primo,
1595 2573 1667 2627 alins
1685 2576 1715 2628 iss
1732 2578 1859 2630 seeaado
1875 2592 1916 2644 ae

214 2641 282 2727 hus,
307 2660 458 2733 μετάδοσις
476 2662 528 2738 ,καλ
551 2656 654 2733 μετοχὴ
677 2665 755 2719 θείας
773 2659 898 2721 ἐξουσίας
918 2659 1054 2728 Basilius3
1080 2675 1145 2711 aere
1165 2659 1429 2712 eomrnarsicats'om's.
1467 2658 1500 2713 In
1522 2659 1612 2730 primo
1638 2676 1744 2732 genere
1769 2662 1917 2732 particulae

215 2745 324 2818 μεγάλη
343 2745 497 2819 προσθήκη,
515 2748 664 2813 βελτίστοις,
682 2750 857 2813 θεοποίησις,
874 2744 1055 2815 θεολόγωσις,
1080 2743 1145 2799 illae
1171 2750 1236 2798 sunt
1262 2750 1345 2799 notae
1370 2745 1564 2816 proprietatis,
1593 2746 1640 2802 oui
1666 2747 1780 2803 soilioet
1805 2753 1918 2804 ossium

215 2829 356 2904 πλήρωσις
390 2829 581 2900 Athanasius,
619 2830 795 2899 όυνόμωοις,
834 2830 1055 2902 σανδανόμωσις,
1081 2834 1240 2900 competant
1261 2829 1326 2885 illae
1343 2831 1539 2901 proprietates,
1558 2848 1630 2903 quae
1645 2832 1675 2886 in
1693 2834 1860 2904 praedicato
1877 2851 1916 2888 er·

214 2916 404 2988 Epiphaniam
428 2920 607 2985 μεταποίησις
626 2917 787 2988 Nysseuus;
813 2920 851 2978 είς
870 2919 898 2971 τό
918 2918 991 2972 {laos
1010 2919 1057 2986 τῆς
1080 2915 1243 2985 primuntur,
1260 2915 1339 2970 verbi
1356 2916 1448 2988 grstia
1471 2918 1583 2987 quando
1604 2917 1683 2984 dico,
1711 2919 1844 2976 Chrisoss
1859 2936 1916 2992 pas·

216 3004 346 3072 θεότητος
364 3001 436 3074 όψος
454 3001 500 3058 διὰ
518 3006 564 3071 τῆς
582 3002 705 3064 larissae
720 3003 860 3075 όναγωγή,
895 3004 989 3073 Idem,
1008 3003 1054 3057 όό-
1081 3020 1128 3057 sus
1149 3008 1192 3057 est
1208 3001 1277 3056 κατὰ
1296 3003 1402 3077 adpro,
1421 3009 1487 3057 tunc
1503 3021 1601 3058 sensus
1619 3011 1674 3072 est,
1693 3007 1813 3076 quando
1830 3006 1915 3078 passio

216 3080 299 3162 rapte
325 3095 369 3144 sal
400 3090 470 3153 δόξα
490 3089 631 3159 ἐπίκτητος
647 3090 829 3161 Eustochius3
857 3093 954 3151 ἔνθεος
971 3090 1054 3146 δύνει·
1081 3089 1118 3143 sit
1135 3088 1290 3159 proprietas
1307 3088 1583 3159 humanaenaturse,
1600 3107 1671 3160 quas
1690 3093 1915 3162 praedicaturis

215 3199 263 3252 μις
281 3177 433 3247 Eusebius,
457 3177 560 3251 μετοχὴ
579 3179 625 3245 τῆς
645 3183 722 3237 θείας
740 3175 920 3251 λλλόμψιως,
939 3179 1056 3238 πλοῦτος
1081 3192 1200 3246 persona
1225 3176 1255 3229 in
1284 3182 1412 3230 concreto
1440 3183 1554 3247 propter
1578 3178 1708 3232 unionem
1736 3180 1915 3249 personalem.

216 3268 272 3318 τῶν
290 3269 377 3317 θείων
394 3263 542 3337 ἐνεργειῶν
561 3265 590 3317 lx
611 3265 657 3329 τῆς
674 3261 744 3334 πρός
762 3262 811 3317 τόν
832 3260 952 3332 ὕψιστον
971 3262 1055 3334 λόγον
1082 3261 1137 3318 Sed
1154 3263 1184 3316 in
1202 3263 1325 3316 secundo
1336 3278 1438 3333 genero
1453 3263 1594 3333 explicant
1610 3271 1668 3316 tam
1688 3265 1841 3335 abjestam,
1857 3264 1917 3336 quis

218 3350 341 3412 ἑνώσεως
358 3354 404 3404 καλ
422 3357 567 3424 συμφυίας
584 3353 616 3425 τῇ
638 3355 719 3424 σαρκὶ
738 3350 988 3424 προσγινόμενυος,
1006 3370 1055 3421 με·
1082 3347 1239 3417 ostendunt,
1258 3348 1410 3403 seeundum
1428 3365 1512 3420 quam
1531 3355 1661 3404 naturam
1679 3350 1750 3404 tais
1762 3351 1915 3407 christon

217 3435 395 3497 τόόσσεςιών
406 3441 494 3491 θείων
509 3434 676 3510 αὐχημάτων
693 3436 891 3491 Damascenus.
924 3435 952 3488 Δ
969 3436 1055 3506 patri-
1082 3439 1205 3504 temporo
1223 3434 1291 3488 data
1309 3435 1377 3499 riht,
1403 3442 1432 3491 et
1454 3437 1645 3506 praedicatum
1666 3438 1868 3508 propositionis
1884 3437 1916 3492 all

218 3521 270 3576 bus
291 3520 401 3577 Latinis
419 3523 631 3576 communicatio
653 3523 818 3591 majestatie,
841 3524 1054 3588 transformatio
1081 3519 1230 3575 humanam
1251 3520 1354 3576 Christi
1377 3527 1506 3578 naturam
1529 3523 1559 3577 in
1582 3523 1644 3593 ipsa
1671 3523 1778 3579 unione
1797 3521 1917 3579 conside

218 3616 359 3661 esromae
383 3615 501 3662 amarae
521 3609 551 3661 in
570 3608 696 3660 divinam
721 3598 844 3675 ploriam
867 3616 893 3661 et
915 3608 1054 3677 operatio-
1081 3611 1169 3660 ratam
1197 3607 1372 3662 referendum
1397 3625 1456 3664 esse
1479 3609 1646 3678 admanent;
1672 3617 1732 3664 tem
1757 3629 1875 3665 cauom
1895 3619 1917 3664 st

216 3709 287 3756 ποτα,
301 3694 445 3760 provectio
465 3701 584 3747 amarae
602 3694 740 3747 humanae
759 3699 823 3763 etc.;
847 3698 874 3747 θ.
893 3695 1054 3762 salicetum.
1082 3693 1234 3761 aripinem,
1261 3692 1328 3762 quia
1355 3693 1521 3760 ostendunt,
1548 3695 1623 3749 unde
1645 3711 1711 3750 caro
1735 3697 1820 3753 istam
1844 3714 1918 3752 susm

217 3775 251 3831 In
269 3777 396 3847 subjecto
413 3777 633 3848 propositionum
658 3779 695 3832 sd
720 3777 772 3833 hoc
793 3795 881 3850 genus
904 3779 1054 3851 communi-
1081 3776 1258 3833 eminentiam
1267 3785 1296 3833 et
1305 3778 1470 3849 dignitatem
1480 3779 1613 3844 obtineat,
1622 3780 1756 3838 videlicet
1768 3785 1917 3839 munione.

216 3861 332 3916 cationis
363 3862 560 3933 pertinentium
591 3863 704 3934 ponitur
732 3879 788 3917 non
820 3871 928 3919 tantum
955 3883 1054 3920 aomea
1081 3862 1116 3918 V.
1134 3880 1160 3933 g.
1180 3863 1291 3934 quando
1309 3863 1387 3933 dico,
1410 3863 1522 3919 Christo
1539 3867 1609 3919 data
1627 3874 1669 3920 est
1686 3871 1780 3922 omme
1796 3879 1919 3940 potestas

212 3965 369 4018 personae,
395 3949 445 4003 sed
468 3948 607 4003 interdum
631 3947 715 4003 etiam
736 3967 834 4003 momen
859 3958 978 4005 naturae
1004 3953 1052 4004 lta-
1081 3949 1111 4001 s‘rs
1131 3950 1208 4002 coelo
1227 3957 1252 4002 et
1271 3950 1301 4002 ia
1317 3957 1397 4002 terra
1421 3949 1490 4003 κατὰ
1515 3949 1619 4024 σάρκα,
1644 3951 1759 4007 Genese
1785 3957 1859 4010 data
1883 3964 1932 4010 ert.

216 4051 318 4089 massae
336 4034 396 4090 sive
409 4034 508 4098 omnis,
528 4034 603 4106 quod
620 4041 712 4090 tamen
733 4052 790 4089 non
807 4040 886 4091 notat
903 4036 1053 4092 humanam
1077 4043 1203 4103 potestas
1215 4036 1327 4103 judieii
1342 4034 1398 4101 ότι,
1423 4038 1491 4105 qaia
1515 4045 1555 4090 est
1574 4037 1668 4091 istius
1691 4038 1832 4111 lomina,
1856 4050 1919 4097 tune

216 4127 345 4176 naturam
363 4126 520 4191 separatam
545 4121 589 4176 vel
611 4121 725 4177 seorsim
749 4121 966 4191 subsistentem,
988 4124 1054 4194 quis
1081 4136 1114 4174 ex
1130 4120 1220 4190 primo
1237 4119 1376 4192 abjectum
1394 4121 1523 4191 dationis,
1542 4122 1616 4194 qnod
1630 4123 1738 4179 scilicet
1751 4126 1790 4182 de
1803 4127 1920 4191 Christo,
1937 4155 1938 4159 ,

215 4215 280 4278 post
306 4207 412 4262 factam
437 4207 653 4262 incarnationem
678 4224 729 4262 nee
753 4207 768 4261 ό
793 4206 887 4278 Λόγος
912 4215 955 4264 est
977 4215 1055 4265 extra
1080 4212 1216 4277 quatenus
1238 4205 1320 4262 homo
1339 4216 1394 4276 est,
1417 4207 1469 4263 hoc
1489 4215 1531 4264 est
1554 4210 1591 4263 de
1609 4225 1693 4264 earne
1710 4209 1834 4282 Christi,
1852 4216 1919 4270 seci-

215 4309 337 4362 earnem,
355 4310 407 4348 nec
425 4310 490 4348 caro
509 4300 587 4349 extra
602 4292 714 4365 Λόγον,
736 4295 785 4349 sed
802 4301 938 4366 quatenus
956 4300 998 4351 est
1017 4297 1054 4364 τῷ
1079 4292 1213 4363 piendum
1233 4293 1282 4359 sit,
1306 4295 1381 4364 quod
1399 4295 1487 4350 omnis
1504 4302 1627 4365 potestas
1644 4312 1679 4350 ac
1696 4298 1821 4367 proinde
1840 4303 1918 4357 etism

217 4379 305 4450 Λόγῳ
316 4380 396 4435 unita
412 4387 441 4436 et
458 4380 487 4434 in
500 4380 563 4450 ipsa
575 4381 623 4434 τοῦ
635 4379 734 4451 Λόγου
752 4379 900 4434 ὑποστάσει
920 4381 1054 4447 subsistit,
1078 4384 1201 4449 potestas
1217 4381 1317 4449 judicii
1336 4381 1366 4435 in
1383 4388 1507 4452 tempore
1518 4383 1593 4438 data,
1623 4382 1744 4448 Quando
1760 4386 1842 4443 diso:
1860 4405 1918 4443 earo

217 4463 271 4519 hoc
288 4472 342 4520 est:
358 4472 437 4522 notat
454 4474 583 4522 naturam
600 4465 749 4522 humanam
768 4485 823 4522 non
842 4467 910 4521 nudi
927 4467 1054 4537 hominis,
1080 4463 1181 4518 Christi
1198 4471 1241 4519 est
1258 4466 1369 4522 vivifica
1388 4475 1416 4522 et
1433 4469 1605 4539 omnipotens
1629 4469 1684 4523 κατ’
1707 4470 1799 4543 ἄλλο,
1828 4492 1919 4530 senem

217 4551 267 4607 sed
289 4550 372 4622 hujus
397 4552 529 4620 hominis,
555 4551 603 4622 qui
630 4558 672 4607 est
694 4552 877 4623 personaliter
901 4553 974 4609 Filio
1002 4554 1054 4609 Dei
1080 4557 1137 4619 est,
1161 4552 1236 4624 quod
1257 4554 1293 4606 sit
1312 4553 1424 4608 vivifica
1441 4572 1496 4609 uon
1514 4573 1547 4610 er
1567 4562 1683 4610 naturae
1703 4574 1775 4614 suae
1799 4561 1918 4632 proprie

215 4638 329 4707 unitus,
348 4638 505 4709 etquidem
526 4644 664 4710 quatenus
685 4639 846 4703 estunitus,
865 4640 1054 4710 proindenon
1079 4642 1151 4706 tate,
1177 4638 1228 4692 sed
1251 4639 1403 4693 secundum
1422 4640 1551 4694 unionem
1568 4642 1627 4696 sire
1645 4650 1764 4713 propter
1781 4648 1919 4712 unionem,

215 4724 428 4779 considerantur
447 4723 492 4778 hic
505 4725 533 4779 in
551 4730 651 4780 natura
667 4730 789 4780 assumta
808 4726 943 4780 camme
964 4744 1054 4780 essea-
1080 4739 1114 4778 ex
1141 4741 1197 4795 qua
1221 4729 1249 4780 et
1268 4742 1318 4795 per
1342 4742 1425 4796 quam
1451 4726 1524 4781 hanc
1548 4726 1712 4798 digmtatem
1738 4734 1851 4804 accepit
1875 4733 1919 4786 vel

215 4811 314 4878 ltalia,
342 4827 415 4880 quae
437 4828 471 4866 ex
490 4810 682 4866 essentialibus
701 4810 844 4881 principiis
868 4810 921 4882 ipsi
945 4828 1054 4880 compe·
1081 4810 1156 4880 quod
1180 4811 1253 4865 idem
1277 4816 1332 4880 est,
1355 4811 1528 4883 significatur
1551 4814 1682 4868 unionem
1707 4832 1772 4872 esse
1797 4836 1918 4886 causam,

156 4887 159 4895 ’
215 4902 295 4964 tunt,
318 4897 367 4951 sed
385 4897 521 4952 attributa
539 4896 649 4964 divina,
674 4912 746 4967 quse
772 4913 804 4950 ex
826 4897 927 4952 unione
953 4904 981 4952 st
1006 4915 1055 4969 per
1080 4913 1130 4950 cur
1147 4895 1250 4950 Christi
1268 4913 1333 4952 caro
1351 4897 1509 4953 vivificandi
1531 4899 1558 4953 ri
1577 4900 1706 4970 praedita
1723 4903 1777 4968 sit,
1795 4922 1872 4976 quse
1888 4923 1919 4961 ex

215 4984 344 5040 uniontun
371 4984 424 5053 ipsi
448 4988 512 5037 sunt
538 4982 653 5051 collata,
690 4987 713 5035 ί.
738 4984 844 5050 species
870 4991 895 5036 et
913 4985 1056 5053 exempla:
1080 4981 1274 5037 essentialibus
1295 4983 1439 5055 principiis
1463 4986 1574 5041 minime
1600 4987 1654 5058 ipsi
1680 4997 1833 5060 competat.
1868 4992 1919 5046 lm·

217 5075 240 5122 1.
256 5071 368 5124 ratione
376 5069 549 5138 praedicati.
576 5066 609 5121 In
622 5069 789 5139 quibusdam
800 5068 1180 5140 praedicationibuslprobat
1207 5070 1278 5124 hano
1307 5070 1508 5127 distinctionem
1533 5073 1644 5145 Pelarg.
1670 5073 1699 5128 in
1726 5077 1830 5133 antitis
1855 5094 1918 5148 apo

217 5154 313 5209 divina
332 5157 463 5225 maJestas
492 5162 519 5209 et
546 5153 635 5225 gloria
656 5154 683 5208 in
713 5160 837 5224 tempore
859 5154 925 5209 dats
944 5155 1053 5225 praedi·
1079 5156 1163 5226 logct.
1184 5162 1279 5212 conus
1296 5156 1377 5212 Bald.
1396 5157 1465 5213 thes.
1478 5164 1523 5214 89:
1542 5161 1697 5213 Distinetio
1715 5161 1838 5234 (inquit)
1853 5183 1917 5235 par
1948 5214 1953 5223 ,

216 5245 296 5292 catur
312 5241 347 5294 de
365 5241 476 5295 Christo
498 5240 608 5295 homine
631 5239 659 5293 in
681 5256 800 5310 genere,
828 5239 856 5293 in
885 5240 1052 5310 quibusdam
1079 5243 1180 5295 siculae
1197 5240 1252 5297 κατ’
1273 5241 1340 5296 iilo
1358 5244 1389 5297 in
1404 5245 1497 5313 primo
1515 5253 1540 5298 et
1563 5247 1645 5299 tertio
1670 5263 1773 5315 penae
1796 5252 1918 5321 antiqui·

216 5325 608 5395 verodirinaomnipotentia,
622 5325 823 5389 omniscientis,
837 5326 879 5379 vis
893 5326 1052 5381 vivificandi
1065 5360 1066 5378 ι
1079 5328 1134 5380 tati
1153 5329 1323 5382 orthodoxae
1336 5348 1458 5399 proreta
1477 5332 1620 5400 iacopaita
1642 5350 1717 5386 aooa
1743 5344 1800 5402 est,
1823 5355 1919 5408 aesspe

216 5408 245 5463 in
264 5409 356 5477 specie
372 5411 550 5482 exprimitur,
576 5415 608 5464 ut
626 5428 658 5465 ex
682 5411 862 5484 sequentibus
889 5413 1053 5483 apparebit3
1079 5415 1157 5482 qaod
1172 5415 1202 5468 is
1215 5416 1311 5485 primo
1329 5433 1429 5484 periere
1448 5418 1671 5488 proprietatem,
1697 5421 1729 5474 irs
1755 5425 1843 5478 tertio
1867 5426 1919 5479 ori·

216 5499 245 5554 λ.
263 5494 374 5548 ratione
390 5497 513 5565 msljreti.
549 5497 583 5552 ln
607 5488 1051 5569 quibusdampraedicationibus
1078 5500 1170 5568 piscem
1197 5508 1223 5555 et
1251 5519 1366 5557 oausam
1387 5512 1471 5559 rotet.
1511 5506 1620 5560 Veteres
1635 5523 1749 5577 semper
1775 5511 1834 5566 illa
1858 5513 1919 5566 sab
1949 5550 1953 5555 -
