3984 6022
615 295 667 351 DE
684 292 861 352 PERSONA
879 292 930 349 ET
948 292 1099 352 omem
1117 293 1278 354 CHRISTI.
1371 298 1381 311 ⁰
1732 301 1791 362 525

91 449 230 506 sonalium
248 448 467 521 propositionum
483 449 633 520 genuinam
653 449 862 521 explicationem
871 447 928 503 sui·
957 456 1084 506 naturam
1102 450 1263 517 humanam,
1289 455 1318 505 et
1334 448 1410 520 quod
1427 449 1508 504 homo
1530 448 1588 503 sive
1603 448 1727 504 humana
1744 463 1793 503 na·

90 536 152 592 licit
178 536 350 606 distinguere
375 535 448 591 inter
466 544 595 590 carroreta
609 554 750 606 personae
768 544 796 589 et
815 543 929 589 natura·
955 541 1018 590 tura
1035 536 1064 590 in
1081 537 1170 606 ipsam
1182 535 1247 589 Filii
1267 534 1322 590 Dei
1337 532 1502 605 hypostasin
1519 533 1556 588 sit
1574 540 1678 590 evecta.

90 640 155 676 rum
192 628 220 677 et
254 620 326 676 inter
360 623 502 676 abstracta
529 639 671 692 personae
700 630 725 676 et
755 629 929 675 naturarum.
994 630 1048 680 169.
1085 622 1137 687 Qu.
1157 629 1180 679 2.
1218 622 1265 677 An
1292 622 1322 674 in
1344 620 1609 691 praedicationibus
1632 621 1793 690 personali-

94 708 232 762 Concreto
246 723 388 777 personae
406 713 487 776 sunt,
506 725 578 780 quae
596 714 694 763 notam
711 707 809 761 ambas
828 706 930 761 Christi
956 710 1004 762 bris
1024 710 1143 778 adjecti
1162 710 1223 763 loeo
1243 717 1371 778 ponatur
1393 715 1480 761 totum
1496 706 1726 776 hypiistamenon
1744 723 1793 760 eeu

91 802 206 848 naturas
223 789 280 847 uua
297 794 441 864 hypostasi
461 795 654 862 subsistentes,
677 801 708 849 ut
720 793 855 861 Christus,
875 792 928 846 Im·
955 805 1015 849 tata
1033 797 1180 865 persana!
1207 793 1337 848 Affirmst
1355 793 1473 848 Orellius
1494 793 1557 848 libr.
1582 798 1605 847 2.
1631 793 1705 863 Isag.
1729 807 1753 846 c.
1770 797 1793 847 ³.
1843 842 1845 846 ,

92 879 216 947 manuel,
237 879 380 934 mediator.
419 879 557 934 Concreta
575 889 739 934 naturarum
760 884 840 947 sunt,
858 894 930 949 quae
956 882 1057 952 disput.
1077 886 1106 936 3:
1128 883 1164 934 In
1177 882 1247 950 istis,
1262 880 1359 951 inquit,
1380 887 1527 949 quaesunt
1542 878 1701 933 deClrristo
1713 876 1793 930 Filio

91 972 191 1020 notam
212 965 287 1035 ipsas
311 975 425 1020 naturas
444 983 508 1020 oum
527 966 720 1022 connotatioue
739 965 929 1036 hypostaseos.
957 969 1022 1035 Dei,
1041 967 1294 1034 enuntiationibus,
1311 968 1368 1020 sive
1386 968 1466 1020 Deus
1483 966 1540 1018 siue
1558 965 1639 1018 ionio
1660 963 1791 1032 adjicia-

91 1050 219 1122 Cumque
239 1051 312 1106 duae
329 1053 386 1107 sint
403 1053 432 1106 in
449 1052 560 1108 Christo
579 1058 703 1121 naturae,
721 1050 815 1106 divina
834 1057 862 1106 et
880 1049 929 1104 hu·
956 1062 1016 1119 tur,
1034 1070 1142 1122 semper
1159 1055 1210 1107 roi
1226 1051 1326 1122 Λόγου
1344 1049 1494 1111 ὑπόστασις
1512 1051 1694 1119 supponitur,
1714 1056 1740 1101 et
1758 1050 1793 1102 de

92 1153 188 1211 mana,
214 1137 279 1192 ideo
299 1137 382 1193 edam
400 1144 530 1193 concreta
547 1143 710 1192 naturarum
729 1143 795 1191 eunt
813 1136 930 1191 duorum
957 1157 991 1193 ea
1007 1141 1207 1209 praedicatum
1225 1138 1394 1205 enuntiatur,
1413 1138 1465 1190 sed
1483 1137 1563 1190 homo
1576 1136 1685 1189 ratione
1698 1134 1793 1188 carnis

91 1241 238 1294 generum,
269 1224 407 1294 quaedam
431 1230 496 1279 sunt
516 1231 645 1278 commeta
671 1223 783 1276 diuinae
800 1231 929 1290 naturae,
958 1233 1112 1293 assumtae,
1136 1228 1216 1279 Deus
1234 1232 1360 1293 respectu
1386 1224 1467 1276 Verbi
1483 1222 1655 1276 commentis.
1691 1220 1793 1289 Itaque
1856 1265 1859 1270 ,

91 1314 126 1362 ut
141 1308 231 1378 Deus,
259 1309 348 1365 Filius
365 1309 435 1378 Dei;
466 1308 602 1380 quaedam
626 1325 691 1364 vero
717 1313 782 1362 sunt
800 1315 929 1361 concreta
958 1311 1030 1364 nillil
1048 1311 1227 1380 disparatum
1240 1311 1292 1377 tie,
1310 1310 1383 1362 nihil
1394 1309 1565 1363 inusitatum.
1590 1306 1678 1378 Atqui
1694 1313 1793 1361 tcon-

91 1396 231 1450 lrumanae
254 1405 386 1465 naturae,
415 1401 448 1450 ut
464 1395 560 1464 homo,
589 1395 678 1450 Filius
698 1393 823 1448 hominis.
861 1394 930 1447 Abs·
957 1396 1051 1451 fundit
1070 1395 1188 1451 Crellius
1205 1393 1414 1467 propositiones,
1434 1395 1463 1448 in
1481 1394 1581 1465 quibus
1601 1391 1721 1461 subjecti
1732 1392 1794 1447 loco

92 1489 187 1536 tracta
200 1487 430 1551 personuerunt,
448 1498 520 1553 quae
539 1497 595 1535 non
616 1480 775 1551 exprimunt
786 1485 931 1550 utramque
958 1483 1070 1555 ponitur
1087 1490 1244 1536 cannetum
1258 1499 1413 1552 personae,
1433 1499 1467 1536 ao
1482 1488 1541 1537 tota
1558 1496 1676 1552 persona
1691 1478 1793 1534 descri-

93 1573 231 1636 nsturam,
248 1583 282 1623 ex
300 1565 401 1638 quibus
418 1583 538 1636 persona
556 1572 674 1635 constat,
693 1573 725 1621 ut
743 1565 826 1620 homo
845 1565 929 1637 (quod
958 1570 1034 1624 bitur
1058 1569 1094 1624 ab
1120 1587 1177 1624 una
1200 1570 1245 1624 vel
1261 1576 1380 1640 utraque
1403 1575 1516 1637 namra,
1541 1573 1574 1623 ut
1590 1566 1701 1639 quando
1721 1565 1793 1632 dieo,

93 1659 137 1708 eet
163 1659 322 1708 concretum
348 1660 477 1720 naturae,
510 1652 560 1708 ted
589 1652 761 1707 abstractum
787 1667 929 1721 personae,
959 1657 1084 1712 Christus
1104 1663 1147 1712 eet
1162 1655 1258 1722 homa,
1286 1654 1413 1710 Christus
1431 1660 1473 1725 est
1490 1653 1581 1723 Deus,
1608 1652 1734 1708 Christus
1752 1656 1795 1706 est
1852 1641 1854 1644 ’

93 1739 161 1811 quia
189 1756 245 1794 non
274 1739 388 1795 denotat
419 1738 572 1794 formaliter
604 1744 753 1808 utramque
776 1741 931 1805 naturam);
959 1742 1157 1817 θεάνθρωπος,
1188 1758 1252 1796 cum
1269 1740 1505 1811 propositionibus
1522 1737 1714 1810 personalibus
1731 1752 1793 1808 pro-

93 1828 236 1881 abstracta
253 1834 427 1891 rotenorum,
446 1842 519 1897 quae
538 1830 652 1880 naturas
665 1824 725 1880 siue
737 1823 931 1879 connotatione
958 1831 1019 1902 μὴ
1038 1835 1067 1885 et
1088 1828 1223 1900 exquisite
1242 1827 1282 1882 sin
1299 1827 1389 1897 dietis,
1411 1828 1447 1882 de
1465 1826 1566 1898 quibus
1582 1824 1635 1880 hoo
1654 1825 1715 1879 loeo
1734 1823 1793 1895 sgi-

92 1912 277 1983 hVP⁰⁸l⁸⁸0⁰⁸
302 1909 460 1983 ligflffiffli
485 1927 519 1965 ὅθ
545 1926 595 1982 Pf⁰
620 1927 735 1965 flumem
759 1909 876 1964 dmm
902 1907 930 1960 in
959 1934 1034 1986 mus3
1054 1922 1077 1972 2.
1097 1915 1199 1970 inillis
1217 1914 1291 1971 enim
1308 1913 1429 1984 subjecti
1446 1913 1508 1968 loeo
1526 1929 1583 1967 non
1601 1911 1714 1981 ponitur
1730 1925 1793 1964 con·

93 1997 204 2053 Christo
229 2002 391 2052 natmmum
414 1996 510 2051 itidem
538 2003 604 2052 aunt
622 1995 761 2067 duplicia,
790 1996 931 2049 &abacta
958 2009 1064 2058 cretum
1086 2017 1232 2072 personae,
1260 2000 1309 2056 aad
1332 2005 1491 2056 concretum
1518 2005 1646 2066 naturae,
1676 1995 1729 2050 hoe
1752 2000 1795 2050 eat

94 2085 208 2138 diuinae
235 2091 368 2151 maurae,
397 2089 430 2137 ut
459 2083 564 2152 deitas,
595 2082 738 2150 divinitas,
766 2087 866 2137 natura
891 2080 931 2134 di·
958 2088 1189 2143 mturahumena
1206 2103 1268 2140 uum
1281 2087 1474 2141 connotatione
1485 2085 1675 2157 hypostaseos,
1695 2081 1725 2135 in
1738 2097 1795 2151 qua

93 2170 174 2239 Vim}
206 2177 234 2223 ⁶²
259 2171 399 2224 “imma
423 2171 563 2223 lamam
586 2177 719 2236 ”almam
748 2174 781 2222 ul
806 2165 931 2221 hmssi·
958 2173 1092 2242 subsistit,
1107 2173 1153 2228 vel
1170 2179 1271 2228 natura
1289 2172 1384 2226 divine
1404 2171 1500 2227 itidem
1516 2188 1581 2228 cum
1599 2166 1793 2224 cunctatione

93 2260 154 2325 tas,
173 2261 274 2311 natura
292 2254 420 2311 humana.
460 2256 640 2309 Abstractum
658 2263 777 2307 naturae
793 2251 933 2325 significat
959 2260 1148 2332 hypostaseos,
1172 2277 1256 2333 quam
1274 2258 1351 2314 carni
1369 2257 1599 2325 communicavit,
1619 2261 1643 2311 3.
1653 2255 1678 2309 si
1696 2254 1725 2308 in
1737 2270 1793 2309 om·

95 2358 153 2396 non
180 2347 308 2397 naturam
337 2341 508 2413 simpliciter,
538 2342 588 2396 sed
618 2342 744 2413 φυσικῶς
778 2343 824 2393 καὶ
862 2337 929 2393 καθ’
959 2347 1040 2403 nibus
1060 2345 1293 2418 propositionibus
1303 2344 1494 2416 personalibus
1508 2348 1668 2399 concretum
1678 2339 1797 2395 naturae

96 2427 210 2497 ἑαυτήν,
250 2428 280 2482 id
314 2434 356 2484 est
388 2426 550 2483 naturaliter
580 2433 608 2482 et
637 2445 689 2498 per
718 2443 748 2482 se
780 2425 932 2480 secundum
959 2433 1019 2488 1000
1037 2432 1157 2504 subjecti
1174 2432 1294 2504 pesitum
1311 2431 1504 2502 accipiendum
1514 2435 1647 2500 essetpro
1664 2431 1794 2483 concreto

96 2514 234 2585 principia
257 2521 286 2570 et
304 2513 439 2570 attributa
456 2513 595 2568 naturalia
612 2513 823 2568 consideratam.
861 2513 931 2568 Con·
958 2534 1106 2589 personae,
1126 2524 1193 2573 tune
1211 2516 1294 2572 etiam
1318 2515 1347 2570 id
1365 2514 1425 2571 fieri
1440 2513 1626 2585 judicandum
1643 2512 1673 2567 in
1693 2527 1792 2583 propo

96 2608 199 2654 eretrnu
223 2609 343 2654 natmae
369 2598 509 2671 significat
536 2605 663 2653 naturam
692 2590 822 2670 respectu
855 2598 932 2653 unio-
958 2604 1056 2660 sitione
1073 2604 1134 2658 illa:
1170 2605 1288 2658 Verbum
1306 2619 1373 2656 earo
1384 2603 1500 2670 sactum
1518 2608 1566 2655 eet.
1601 2598 1690 2670 Atqui
1707 2597 1737 2652 id
1754 2598 1794 2652 lo-

93 2685 139 2751 nis
165 2691 193 2741 et
218 2691 332 2757 propter
360 2685 449 2755 ipsam
481 2683 688 2740 consideratam.
725 2683 829 2739 Confer
850 2682 932 2737 Meis·
959 2706 1021 2744 eum
1039 2689 1142 2744 hebere
1161 2689 1272 2762 nequit,
1297 2692 1451 2759 emergeret
1473 2686 1547 2740 enim
1565 2684 1635 2741 haee
1656 2678 1794 2754 ἐξῆγησιςι

94 2787 152 2826 ner.
182 2776 252 2842 part
281 2777 303 2826 1.
348 2768 464 2826 Sobrius
485 2769 639 2840 philosoph.
666 2776 733 2825 sect.
761 2777 785 2826 t.
817 2785 878 2840 cap.
907 2774 930 2823 5·
959 2776 1082 2832 Verbum
1105 2793 1169 2832 cum
1194 2793 1276 2832 carne
1294 2780 1337 2830 est
1355 2790 1421 2830 caro
1442 2774 1562 2841 factum3
1598 2778 1622 2827 t.
1642 2770 1667 2824 si
1684 2770 1714 2824 in
1731 2784 1794 2840 pro-

95 2863 204 2928 queest
235 2855 306 2910 unie-
355 2855 397 2909 Ex
424 2854 478 2911 ¹1⁰0
505 2854 687 2910 fundamento
718 2855 801 2911 facile
830 2854 931 2910 intelli·
958 2862 1142 2934 positionibus
1160 2860 1352 2934 personalibus
1371 2861 1505 2916 alterutra
1517 2864 1618 2914 natura
1630 2856 1665 2911 ds
1676 2871 1796 2928 persons

94 2943 184 3014 &ituri
216 2958 265 2997 ⁰¹¹1
290 2941 415 3010 diffluis
447 2940 523 3012 quod
554 2947 655 2995 11111111
683 2940 719 2996 (10
747 2945 849 2995 mim
876 2957 932 2995 non
958 2949 1173 3022 praedicaretur,
1182 2954 1249 3003 tunc
1257 2947 1356 3002 fisdem
1364 2963 1421 3002 non
1429 2946 1547 3001 duarum
1555 2940 1809 3006 naturarumunio,¹

94 3028 271 3100 praedicetur
287 3044 340 3084 nec
356 3027 512 3100 praedicari
530 3027 633 3083 debeat
650 3028 680 3081 in
697 3029 848 3097 abstracto,
867 3027 933 3098 (11111
959 3036 1009 3093 sed
1033 3035 1128 3107 potius
1150 3034 1295 3105 utriusque
1321 3038 1438 3088 naturae
1458 3031 1560 3087 veritas
1587 3028 1808 3100 exprimeretur:

95 3115 157 3171 siue
184 3115 377 3171 connotatione
405 3113 542 3184 suppositi
569 3114 626 3169 sive
652 3113 835 3185 hypostaseos
860 3113 932 3168 duae
959 3126 1038 3176 Dm
1049 3129 1091 3175 err
1101 3121 1190 3187 tomo,
1203 3121 1283 3174 noem
1297 3126 1338 3172 eet
1351 3119 1440 3180 Deus,
1456 3116 1485 3171 id
1500 3120 1549 3184 est,
1562 3116 1645 3184 juxta
1653 3111 1795 3181 Orellium,

95 3208 285 3257 mturasnon
303 3201 473 3272 possuntde
491 3200 654 3256 seinvicem
673 3199 841 3271 praedicari,
868 3216 931 3254 oum
958 3209 1029 3264 haec
1047 3223 1166 3279 persona
1183 3210 1226 3260 eet
1246 3204 1323 3260 Deus
1341 3208 1371 3259 et
1388 3203 1477 3257 homo.
1512 3199 1602 3271 Atqui
1624 3198 1691 3254 inde
1710 3203 1794 3268 atque

95 3305 153 3344 nou
178 3288 349 3343 constituant
371 3304 457 3342 unum
477 3286 636 3356 essentiale,
665 3285 715 3342 sed
741 3287 772 3339 in
794 3293 931 3349 amardo,
956 3294 1022 3364 [ideo
1051 3298 1186 3348 vocantur
1212 3289 1386 3362 personales,
1413 3287 1481 3359 qnia
1505 3284 1616 3340 unionis
1642 3280 1797 3355 personalis

96 3375 179 3446 quic,
198 3375 309 3446 qnando
332 3374 489 3429 humanitas
513 3373 704 3430 consideratur
720 3389 783 3428 cum
802 3378 931 3427 connota-
959 3379 1121 3451 mysterium
1142 3376 1313 3448 exprimunt,
1338 3373 1414 3447 qnod
1433 3371 1633 3429 comesturus
1652 3368 1689 3424 sit
1712 3368 1795 3423 hono

95 3462 172 3516 dous
189 3461 373 3532 hypostaseos
391 3462 439 3516 rai
456 3458 570 3531 Λόγου,
594 3462 674 3531 cujus
693 3476 758 3515 vers
777 3465 805 3515 et
821 3458 933 3514 realiter
958 3463 1147 3538 personaliter,
1171 3468 1199 3519 et
1216 3462 1299 3518 homo
1316 3462 1353 3516 eit
1368 3460 1447 3516 Deus
1465 3456 1661 3529 personaliter3
1680 3462 1705 3511 5.
1724 3452 1795 3508 siin

97 3553 141 3605 est
152 3548 291 3618 particeps
306 3547 391 3614 facts,
408 3553 467 3601 tum
485 3563 541 3602 una
555 3563 618 3601 cum
630 3546 717 3617 Λόγῳ
730 3544 932 3616 ὥιίοοΛόγου
958 3552 1012 3608 hac
1034 3549 1233 3622 propositione:
1254 3551 1335 3603 Deus
1355 3555 1395 3602 est
1413 3547 1507 3613 bomo,
1533 3543 1698 3600 vocabulum
1718 3540 1795 3596 Deus
1866 3567 1871 3578 ·

97 3641 198 3690 natura
219 3632 363 3688 constituit
387 3651 474 3688 unum
497 3633 657 3705 personale,
685 3650 719 3688 ac
742 3631 858 3705 proinde
879 3633 932 3687 hoc
959 3637 1095 3708 accipitur
1118 3654 1170 3708 pro
1194 3641 1320 3691 concreto
1347 3649 1496 3705 personae,
1522 3631 1575 3687 hoc
1600 3635 1643 3686 est
1668 3632 1796 3700 prototo

96 3727 224 3791 respectu
236 3718 447 3784 homodeDeo,
466 3735 500 3773 sc
515 3710 933 3790 Deuadehominerecteprae·
960 3724 1140 3797 ὑφισταμένῳ
1164 3721 1260 3777 ambas
1284 3726 1399 3776 naturas
1424 3718 1638 3789 complectente,
1669 3721 1728 3769 tum
1749 3728 1801 3768 ea·

99 3807 207 3861 dimus
229 3804 463 3876 (11110181111111111
481 3803 672 3858 B.Lutherus
691 3805 843 3867 (1111111111
859 3806 933 3859 inter
959 3811 1022 3866 dem
1047 3808 1101 3865 erit
1122 3808 1194 3863 ratio
1217 3807 1246 3862 in
1263 3803 1496 3879 propositionibus
1513 3802 1549 3858 sd
1566 3801 1687 3873 primum
1706 3815 1795 3870 genus

42 3911 83 3955 m,
97 3900 255 3946 conamina
279 3900 305 3944 et
329 3892 499 3945 abetraetum
521 3890 654 3944 diuinitus
671 3891 856 3946 introductum
875 3909 932 3946 esee
959 3893 1214 3952 communicationis
1231 3891 1447 3965 pmtinsntibus,
1473 3906 1508 3945 ae
1523 3887 1655 3960 proinde,
1683 3884 1795 3957 quaudo

99 3977 195 4034 scribit
211 3977 241 4031 in
252 3993 348 4032 comm.
363 3993 386 4032 ο.
402 3982 443 4032 53.
455 3976 540 4043 lisa).
562 3975 683 4031 Proinde
697 3975 726 4030 in
738 3977 932 4047 propositioni-
960 3983 1062 4039 dieitur
1082 3982 1162 4034 Deus
1181 3987 1221 4033 est
1237 3986 1375 4046 mortuus,
1397 3993 1494 4032 sensus
1510 3975 1570 4044 erit,
1589 3973 1664 4046 quod
1682 3972 1718 4027 de
1736 3975 1796 4026 tota

98 4062 352 4134 Ι1111111111011111111111
369 4079 425 4118 11011
443 4062 794 4134 1111111111111111111101111111
806 4080 933 4134 persona,
956 4085 1079 4140 persona
1101 4065 1276 4138 praedicetur
1295 4063 1387 4135 passio
1412 4069 1441 4118 et
1459 4077 1544 4130 mors,
1568 4060 1597 4114 id
1615 4074 1682 4114 vero
1699 4057 1797 4112 adver·-

98 4148 318 4207 introduceretur
330 4149 402 4204 enim
413 4165 548 4220 personae
559 4148 691 4217 irrro‘rrc,
710 4149 756 4204 vel
768 4150 933 4221 propositio·
959 4155 1024 4210 sarii
1051 4170 1106 4208 non
1123 4152 1293 4220 concedunt,
1317 4148 1367 4204 sed
1384 4153 1544 4204 concretum
1563 4145 1644 4200 unius
1662 4143 1799 4197 duntaxat

97 4251 149 4289 nes
166 4237 322 4304 persuades
340 4235 503 4291 satuendas
521 4235 772 4306 essentidenticae;
792 4236 932 4306 sedprae·
959 4247 1090 4301 naturae,
1117 4237 1247 4292 videlicet
1267 4235 1417 4302 humanae,
1442 4231 1561 4303 intelligi
1584 4230 1693 4296 volunt3
1728 4233 1752 4282 6.
1772 4225 1797 4281 si
1899 4241 1901 4247 ’

98 4321 209 4376 dicatur
230 4325 389 4377 concretum
411 4329 528 4378 naturae
555 4322 590 4379 de
608 4328 737 4377 concreto
755 4322 868 4379 alterius
884 4339 932 4376 ua·
959 4324 1117 4393 subjectum
1137 4322 1167 4376 in
1185 4318 1417 4392 propositionibus
1436 4315 1628 4389 personalibus
1645 4319 1688 4368 est
1705 4317 1795 4366 tobim

97 4412 191 4474 turae,
217 4408 262 4463 vel
281 4408 355 4479 quod
379 4407 454 4463 idem
471 4413 526 4474 est,
551 4412 652 4464 natura
676 4426 732 4463 una
756 4408 933 4479 praedicatur
959 4409 1165 4482 ὑφιστάμενον,
1193 4414 1253 4460 uum
1275 4405 1408 4459 alternus
1435 4410 1536 4457 natura
1554 4399 1641 4456 veluti
1658 4398 1796 4470 quaedam

97 4492 239 4569 destitere
255 4492 284 4546 in
302 4501 447 4562 concreto,
467 4494 496 4548 id
515 4500 558 4549 est
577 4510 627 4565 per
644 4511 741 4551 rocem
757 4495 876 4550 hominis
891 4494 932 4548 in·
959 4512 1024 4567 pars
1050 4495 1085 4548 de
1105 4500 1164 4548 tots
1187 4506 1306 4563 persona
1330 4488 1416 4544 veluti
1439 4488 1473 4542 de
1492 4485 1613 4558 quodam
1629 4490 1688 4540 toto
1710 4501 1798 4539 enun-

96 4577 235 4649 telligitur
251 4583 350 4634 natura
367 4579 496 4644 humana,
516 4580 565 4636 sed
578 4597 641 4635 oum
658 4581 810 4652 hypostasi,
830 4581 858 4634 in
877 4596 934 4653 qua
959 4583 1083 4637 tiaretur.
1114 4578 1201 4651 Atqui
1219 4594 1284 4648 pars
1302 4577 1337 4631 de
1351 4581 1411 4630 toto
1427 4590 1483 4627 non
1500 4571 1678 4642 praedicatur
1689 4570 1718 4624 in
1730 4585 1796 4624 casu

97 4664 238 4732 subsistit,
264 4682 314 4736 per
338 4682 433 4721 vocem
450 4666 504 4721 Dei
527 4666 691 4739 intelligitur
712 4673 813 4722 natura
832 4667 933 4731 divina,
958 4674 1043 4737 recto,
1064 4666 1113 4721 sed
1131 4666 1160 4720 iu
1177 4664 1298 4734 obliquo.
1328 4661 1405 4716 Deus
1423 4663 1516 4714 autem
1534 4657 1563 4711 in
1581 4674 1649 4712 casu
1663 4661 1738 4712 recto
1756 4653 1797 4707 di·

97 4750 147 4806 sed
171 4750 269 4804 itidem
287 4769 350 4805 cum
368 4751 525 4823 hypostasi,
553 4770 636 4822 quam
662 4761 800 4806 assumtae
818 4760 934 4808 naturae
959 4754 1032 4809 citrrr
1048 4751 1131 4807 homo
1148 4756 1177 4806 et
1192 4749 1274 4803 homo
1291 4748 1321 4802 in
1337 4764 1405 4802 essu
1423 4751 1500 4802 recto
1515 4744 1621 4818 dicitur
1639 4743 1723 4799 Deus.

97 4837 327 4905 communicavit,
357 4845 384 4893 et
409 4838 474 4909 quia
501 4837 651 4898 ὑπόστασις
676 4837 788 4908 utrique
818 4847 934 4894 naturae
998 4845 1053 4895 17⁰.
1089 4837 1142 4905 Qu.
1163 4842 1186 4892 3.
1218 4835 1265 4889 An
1287 4837 1317 4889 in
1337 4833 1579 4904 propositionibus
1597 4828 1798 4902 personalibus

97 4923 251 4977 communis
267 4922 420 4977 arctissime
438 4940 485 4978 ess
504 4924 636 4992 demunit,
656 4923 720 4978 ideo
736 4923 933 4978 etiamincon·
960 4923 1111 4995 dispartita
1137 4924 1173 4977 de
1199 4939 1229 4976 se
1255 4921 1372 4975 inuicem
1400 4919 1628 4989 praedicentur?
1667 4912 1798 4969 Affirmat

98 5014 189 5076 creto,
215 5007 244 5061 id
272 5013 314 5061 est
337 5007 444 5063 ratione
468 5017 497 5063 et
519 5015 646 5079 respectu
664 5008 738 5064 illius
760 5007 934 5070 ὑποστάσεως
959 5010 1042 5067 Luth.
1068 5009 1098 5063 in
1121 5007 1224 5079 disput
1242 5008 1277 5062 de
1296 5006 1382 5061 dioto:
1409 5007 1525 5059 Verbum
1543 5021 1611 5058 earo
1627 5004 1738 5068 factum
1757 5007 1798 5054 eet

99 5094 134 5150 de
154 5111 184 5150 se
203 5093 323 5149 invicem
342 5094 545 5165 praedicantur.
580 5093 726 5149 Genuiuus
746 5095 819 5150 enim
837 5112 933 5150 sensus
959 5101 1024 5152 tom.
1047 5101 1070 5154 1.
1089 5094 1151 5151 Jen.
1172 5094 1234 5148 iat.
1253 5110 1280 5163 p.
1299 5097 1357 5149 ter.
1374 5089 1413 5145 th.
1432 5096 1460 5146 3:
1480 5090 1579 5158 Mapie
1596 5088 1746 5158 disparata
1758 5094 1798 5141 est

97 5179 209 5235 illarum
227 5179 460 5252 propositionum:
487 5182 567 5234 Deus
582 5188 622 5233 eet
638 5181 734 5249 horno,
753 5189 779 5235 et
797 5182 877 5236 bomo
895 5192 934 5236 est
959 5183 1028 5236 baec
1042 5183 1216 5252 propositio,
1234 5177 1339 5249 inquit,
1359 5180 1440 5231 Deus
1458 5184 1499 5231 est
1517 5179 1613 5239 homa,
1631 5191 1716 5243 quam
1734 5173 1800 5243 ilia,

99 5268 196 5336 Deus,
224 5265 269 5321 hic
293 5272 348 5335 est,
375 5265 449 5338 quod
472 5266 616 5335 utriusque
637 5272 755 5321 naturae
778 5267 888 5324 dirum
908 5274 936 5324 et
960 5270 1040 5322 homo
1069 5276 1109 5321 eet
1137 5268 1246 5333 mnus,
1276 5261 1352 5336 quod
1374 5262 1508 5318 desumsit
1533 5279 1566 5317 ex
1589 5259 1658 5316 Biel.
1684 5258 1747 5314 libr.
1773 5265 1797 5315 3.

99 5351 237 5409 humanae
264 5353 294 5407 in
318 5351 427 5408 Christo
452 5352 568 5407 ritune
591 5353 745 5408 communis
768 5353 934 5426 hypostasis,
961 5361 1065 5410 senten
1090 5353 1154 5407 dist.
1178 5359 1205 5406 τι
1234 5352 1323 5420 Apud
1342 5349 1540 5419 philosophum
1559 5349 1640 5402 Deus
1665 5353 1692 5400 et
1716 5345 1798 5399 barno

80 5427 157 5511 'qua
185 5437 339 5495 arctissime
370 5444 399 5494 er
427 5436 654 5493 indissolubiliter
683 5439 837 5510 uniunture
859 5442 935 5511 quod
960 5440 1074 5494 termini
1089 5445 1154 5492 eunt
1173 5436 1331 5506 disparati,
1354 5437 1421 5506 quia
1438 5435 1536 5502 simne,
1555 5435 1637 5487 Deus
1653 5441 1693 5488 eet
1710 5432 1799 5500 homo,

97 5523 178 5580 Deus
194 5525 254 5579 sive
270 5524 360 5580 Filius
377 5524 432 5579 Dei
450 5524 575 5579 insuam
593 5523 756 5596 hypostasin
773 5528 935 5584 usumeerit
961 5528 1065 5581 dicere
1084 5522 1299 5595 impossibilem,
1321 5524 1393 5580 meur
1415 5521 1511 5590 iliam,
1531 5521 1613 5575 borno
1636 5527 1676 5574 eet
1692 5519 1801 5572 aeinere
