3984 6022
242 1634 596 1721 AMPLISSIMIS
637 1636 1102 1723 CONSUL'PISSIMIS
1143 1636 1604 1726 SPEOTATISSIMIS

327 1861 532 1930 VIRTUTE
556 1862 846 1929 ERUDITIONE
869 1863 1141 1931 PRUDENTIA
1163 1863 1496 1933 AUCTORITATE
1591 1832 1595 1841 Ι

577 2058 627 2112 uu
643 2057 777 2115 nueuu
797 2057 873 2115 usu
890 2057 1128 2118 ousmsuous
1147 2015 1250 2118 viius

421 2241 658 2371 DNN.
725 2237 1406 2377 consumens

522 2500 589 2581 DN.
614 2500 792 2583 stuoloo
818 2501 872 2581 ET
898 2503 996 2584 DNN.
1021 2503 1314 2586 snussolussus

282 2726 555 2783 nocuum
588 2725 954 2784 affluemus
988 2726 1545 2791 QUEDLINBURGENSIS

136 2918 305 2978 Doumls
330 2919 582 2979 FAUTORIBUS
610 2920 746 2978 sulcis
776 2919 1069 2979 SYMPATRIOTIS
1097 2921 1271 2979 nonusis
1297 2922 1347 2981 ΕΤ
1375 2923 1587 2983 AFFINIBUS
1609 2920 1702 2982 nmis

476 3012 682 3071 PLURIMUM
702 3013 950 3072 HONORANDIS
968 3013 1018 3070 Ac
1036 3014 1213 3073 DILEC'PIS
1231 3015 1258 3073 S.
1277 3016 1310 3072 P.
1328 3017 1361 3071 P.

711 3218 1123 3227 u-——m-

69 3410 324 3542 Anzplisseini,
365 3443 635 3539 consumtissimi,
663 3445 929 3543 spectatissimi,
958 3444 1106 3536 vertute,
1136 3445 1350 3538 eruditione,
1375 3446 1583 3543 prudentiis,
1613 3448 1759 3518 auotori-

68 3586 140 3647 tute
165 3583 204 3646 et·
221 3599 337 3646 rerum
362 3598 430 3647 usu
455 3575 642 3646 clarissimi
665 3573 769 3667 Viri,
801 3572 938 3648 Domini
961 3573 1147 3668 Fautores,
1176 3573 1306 3667 Amisi,
1334 3573 1597 3672 Sympotriotoe,
1627 3573 1765 3674 Agnati

68 3717 105 3776 et
128 3701 264 3798 Affines
284 3701 471 3799 pinninum
498 3701 695 3775 honorandi
715 3728 756 3775 ue
782 3701 927 3775 dilecti!
955 3701 1114 3801 Quamuis
1137 3702 1290 3776 omnibus
1311 3729 1393 3776 vere
1410 3701 1484 3799 piis
1514 3703 1676 3776 eoelestis
1696 3728 1759 3800 po·

68 3836 158 3904 trine
193 3856 289 3904 amor
324 3843 359 3903 et
392 3830 598 3903 desiderium
634 3830 830 3927 cumprimis
855 3857 961 3904 ouroe
989 3832 1153 3928 cordique
1179 3830 1239 3924 sit,
1270 3857 1347 3904 esse
1374 3844 1469 3904 certe
1496 3832 1641 3924 debent,
1685 3857 1760 3904 eum

67 3962 256 4048 πολίτευμα
284 3962 434 4055 ipsorum
461 3957 510 4031 sit
535 3957 575 4032 in
596 3958 700 4034 coelo
718 3959 868 4056 Pnettpp.
885 3963 920 4055 3,
946 3985 976 4034 o.
1007 3965 1066 4034 20.
1095 3984 1139 4032 so
1160 3958 1346 4059 peregrini
1371 3970 1515 4032 tantum
1538 3970 1576 4033 et
1596 3958 1761 4058 hospites

66 4085 208 4162 sintin
233 4084 370 4160 mundo
395 4086 508 4161 Leuit.
541 4091 602 4183 25,
631 4114 662 4160 o.
693 4091 756 4164 23.
784 4088 908 4162 Psolm.
939 4093 1023 4183 119,
1051 4114 1081 4161 o.
1112 4092 1168 4162 19.
1196 4089 1300 4162 Hebr.
1331 4093 1389 4184 11,
1418 4114 1451 4160 o.
1483 4091 1542 4162 13.
1573 4088 1661 4161 unde
1687 4113 1760 4161 eum

68 4215 361 4313 enimimpios
386 4214 423 4289 in
450 4215 525 4290 suis
552 4218 600 4289 od
623 4216 730 4289 Deum
756 4214 917 4314 alloquiis
943 4228 1125 4313 repetunt:
1154 4214 1376 4316 Peregrinus
1403 4240 1474 4315 ego
1497 4240 1579 4289 sum
1604 4212 1701 4314 apud
1722 4225 1760 4288 te

66 4359 107 4421 et
131 4342 264 4431 ineolo,
290 4354 331 4416 ut
356 4368 483 4418 omnes
505 4355 629 4445 patres
655 4342 729 4419 mei
752 4345 876 4418 Psolm.
902 4346 964 4438 39,
995 4369 1024 4416 o.
1050 4347 1107 4418 13.
1135 4348 1241 4429 ξεῖνος
1275 4347 1338 4436 ἐγὼ
1366 4345 1507 4436 κόσμοιο
1534 4350 1592 4417 καὶ
1621 4345 1761 4437 οὐρανοῦ

65 4479 137 4564 εἶμι
166 4477 325 4567 ostiens:
358 4477 493 4546 enterz'm
527 4473 725 4572 spiritualis
758 4471 818 4547 ille
854 4470 1015 4546 eoelestis
1045 4476 1286 4569 politeumotos
1323 4497 1420 4545 amor
1452 4496 1664 4571 nequaquem
1702 4496 1760 4543 ece-

67 4600 177 4676 endu
201 4604 391 4675 seotnrolem
418 4602 601 4699 effectum,
635 4629 700 4701 quo
729 4628 816 4702 ergo
842 4605 998 4675 suumin
1024 4600 1078 4673 tis
1105 4605 1211 4674 terris
1233 4599 1386 4699 putrium
1412 4601 1595 4691 ducuntur,
1625 4600 1666 4672 de
1695 4625 1759 4698 quo

68 4730 298 4829 Hieronymus
334 4733 368 4804 in
404 4741 589 4823 eommeu„
610 4757 684 4828 cop.
713 4733 747 4805 7.
774 4732 903 4804 ierem.
935 4757 1042 4828 super
1067 4732 1197 4803 verto:
1234 4727 1393 4829 Dirigite
1415 4728 1494 4804 vies
1521 4739 1663 4804 vestras
1690 4737 1758 4802 eto.

67 4858 120 4934 sie
145 4858 307 4933 dessem't:
338 4855 516 4934 Naturale
542 4868 609 4955 est,
636 4870 678 4933 ut
702 4858 950 4959 unusquisque
975 4858 1101 4934 natale
1127 4857 1258 4958 diligat
1280 4857 1410 4953 solum,
1437 4869 1474 4931 et
1500 4856 1592 4930 nihil
1617 4855 1758 4930 dulcius

67 4987 203 5064 hebeat
240 4985 379 5087 patria;
432 4988 524 5087 quoi
565 4988 750 5063 desumtum
787 4987 904 5061 uideri
930 5001 1048 5086 potest
1080 5014 1125 5061 ece
1155 4985 1216 5060 illo
1252 4985 1432 5082 Eum‘pidis
1466 4989 1500 5058 in
1538 4985 1759 5059 Phoenissis:

69 5109 254 5202 ἀναγκαίως
276 5111 343 5197 ἔχει
371 5111 534 5201 πατρίδος
562 5111 639 5201 ἐρᾶν
661 5111 826 5194 ἅπαντας,
854 5105 891 5195 ὃς
918 5114 952 5183 δ’
975 5107 1083 5193 tttceg
1107 5110 1211 5199 λέγει,
1241 5109 1371 5197 λόγοισι
1392 5109 1520 5197 χαίρει,
1548 5113 1606 5179 τὸν
1629 5110 1666 5179 δὲ
1686 5114 1760 5180 νοῦν

72 5232 168 5302 treio'
188 5232 271 5319 ἔχει,
302 5230 361 5300 uel
379 5253 425 5301 eu
454 5224 633 5301 Ouidionis
658 5232 795 5301 metris:

441 5379 577 5454 Nescio
603 5405 676 5479 qua
701 5381 825 5454 natale
851 5379 969 5454 solum
994 5377 1185 5454 dulcedine
1210 5388 1361 5452 cunctos

502 5508 634 5606 Ducit,
660 5520 698 5583 et
722 5509 957 5582 immemores
982 5533 1058 5581 non
1085 5505 1172 5580 sinit
1198 5531 1278 5580 esse
1301 5505 1369 5580 sui.
