3984 6022
797 219 1070 277 DEDICA'PORIA.
1711 220 1800 280 Μ

95 407 186 455 suae
205 391 357 479 prepter
383 379 662 453 adversariorum
687 381 796 451 asinas
823 390 859 449 et
881 388 994 450 iiotain
1014 381 1189 474 principis
1205 379 1300 450 illius
1318 377 1573 453 vehementiam.
1611 377 1802 478 Augebant

95 511 189 582 baiis
216 512 371 581 mmsis
395 533 462 581 non
488 508 712 579 mediocritei·
737 508 929 578 ramusculi
952 508 1094 578 militum
1118 519 1153 579 et
1175 508 1360 578 satellitum
1378 509 1567 603 principis,
1597 513 1798 607 qai'magno

95 641 237 736 segmine
272 640 307 710 in
330 632 421 732 faro
450 647 486 707 et
507 646 587 707 aitte
614 634 742 723 aedes,
780 637 815 707 in
853 634 977 730 quibus
1012 634 1110 706 ducis
1143 632 1326 730 hospitium
1363 646 1459 726 erat,
1499 635 1701 727 adstabant,
1730 660 1800 733 per

36 760 40 764 ’
98 789 242 861 quorum
272 764 417 836 medium
452 762 661 834 Belbmanno
696 774 775 834 erat
801 763 1060 835 transeundum.
1114 760 1174 832 llli
1199 786 1343 858 iramque
1370 761 1525 834 cedentes
1553 762 1799 837 Betbmannum

98 894 207 964 risam
237 891 436 985 movebant,
472 889 622 963 roncbos
655 890 843 980 linebant,
879 915 965 961 nasa
996 889 1129 962 adunco
1164 892 1274 984 ipsum
1308 889 1583 984 suspendebant,
1631 891 1709 963 diro
1745 893 1802 964 ilb'

98 1021 336 1110 inmabsistur,
367 1031 481 1091 uestes
509 1017 739 1090 neomenias
765 1030 800 1088 ct
823 1031 928 1113 eaput
954 1016 1220 1089 abscindendum
1247 1041 1324 1088 esse
1353 1018 1557 1092 clamabant.
1607 1017 1686 1113 Ipse
1713 1044 1796 1092 uero

92 1149 191 1236 sorti
221 1160 257 1218 et
290 1149 466 1219 constanti
495 1149 608 1218 namo
636 1148 831 1241 principem
867 1145 1076 1235 accedebat,
1121 1168 1163 1215 ac
1198 1157 1400 1218 reverenter
1435 1157 1471 1215 et
1500 1147 1669 1217 submisse
1693 1149 1796 1221 solito

97 1300 193 1346 more
220 1275 267 1347 ad
285 1274 396 1370 pedes
422 1277 501 1370 ejus
524 1274 787 1370 procumbebat,
815 1272 946 1345 babens
971 1284 1167 1368 sequentem
1193 1297 1232 1344 se
1255 1296 1398 1367 puerum
1418 1285 1572 1369 nepotem
1593 1298 1640 1345 en
1654 1270 1795 1370 frome,

98 1406 162 1499 qui
191 1426 373 1474 sacrorum
410 1403 591 1474 bibliorum
622 1401 745 1472 librum
774 1401 948 1498 gestabat.
1004 1401 1194 1496 Princeps,
1234 1425 1310 1472 eum
1335 1412 1561 1474 accusatores
1587 1406 1667 1498 ejus
1692 1405 1797 1475 tertia

98 1533 201 1602 etiam
228 1533 305 1602 cicc
332 1533 503 1603 accersiti
525 1556 591 1602 non
616 1541 876 1625 comparerent,
919 1529 1034 1600 verbis
1062 1529 1300 1623 asperioribus
1320 1527 1563 1601 Betbmannum
1591 1531 1799 1625 compellare

98 1661 237 1754 coepit,
276 1682 430 1757 arguens
456 1683 553 1748 em,
591 1658 782 1753 quodcum
809 1683 831 1729 a
857 1657 1010 1729 blomona
1035 1655 1396 1747 ecclesiasomnatum
1424 1680 1542 1745 suum,
1581 1660 1636 1729 ati
1659 1671 1796 1751 cocant,

97 1788 297 1881 accepisset
323 1799 360 1858 et
385 1788 433 1858 ad
457 1787 552 1857 illius
580 1786 807 1857 obedientiam
829 1785 1022 1879 juramento
1042 1809 1081 1855 se
1103 1784 1363 1876 adstrinnisset,
1394 1785 1437 1856 ab
1460 1809 1502 1857 ea
1527 1794 1638 1857 tamen
1661 1786 1799 1879 rafaim

98 1910 284 2010 bscessit,
313 1923 432 1986 sectae
458 1913 681 2000 butberanoe
707 1937 788 1984 sese
812 1909 1003 2002 addiscerit,
1025 1908 1130 2008 falsa
1157 1923 1193 1984 et
1218 1914 1391 1985 ecclesiae
1417 1910 1799 1986 Romano-Catholicae

97 2044 279 2114 contraria
316 2042 477 2139 dogmata
510 2045 545 2114 isi
584 2044 707 2138 uulgus
742 2044 936 2136 sparserat,
982 2043 1105 2137 sicque
1144 2040 1410 2112 innumerabiles
1452 2043 1584 2113 animas
1616 2040 1800 2139 gebennas

97 2170 258 2243 incendio
287 2172 506 2266 manciparit.
560 2168 791 2241 Betbmonniis
817 2194 885 2265 qua
907 2180 1050 2264 poterat
1072 2163 1263 2240 bumilitate
1290 2179 1325 2239 et
1343 2167 1591 2263 submissione,
1619 2192 1663 2240 ea
1689 2180 1799 2241 tamen

93 2301 290 2395 grauitate,
319 2322 407 2395 quae
430 2307 640 2370 cointantom
658 2294 793 2369 Christi
815 2292 1049 2392 confessorem
1076 2296 1235 2386 decebat,
1260 2305 1447 2368 monstrato
1476 2296 1657 2368 bibliorum
1681 2297 1800 2370 codice

96 2427 296 2522 respondit:
322 2425 470 2497 durasse
495 2449 534 2496 se
561 2428 595 2497 in
622 2449 730 2496 socna
752 2420 875 2512 biblio,
904 2427 939 2497 in
965 2427 1133 2497 canonico
1151 2426 1231 2495 scil.
1252 2423 1502 2519 prophetarum
1518 2436 1555 2495 et
1568 2425 1799 2520 apostolorum

94 2556 254 2648 sarepta,
293 2576 383 2650 quae
417 2576 493 2625 esse
520 2556 630 2648 ipsum
656 2553 726 2624 uei·
749 2553 887 2624 uerbum
915 2562 951 2624 et
978 2554 1067 2624 osam
1094 2554 1218 2624 solutis
1242 2554 1319 2624 si'ne
1342 2538 1444 2624 omni
1459 2577 1581 2624 acrore
1606 2563 1800 2629 monstrare

96 2685 262 2754 ιιηίυονεα
284 2682 453 2775 fateatur
483 2683 647 2752 ecclesio.
703 2679 760 2752 Ec
785 2682 856 2752 ilb's
879 2705 959 2751 sese
982 2679 1151 2752 bactensis
1175 2680 1353 2771 docuisse,
1389 2692 1424 2752 et
1448 2680 1586 2753 corbum
1609 2681 1796 2780 euangelii,

95 2810 193 2905 quod
217 2798 506 2883 cassaneam
533 2811 634 2880 unice
660 2808 895 2899 confidendum
924 2832 1002 2880 esse
1030 2808 1175 2900 doceat,
1210 2807 1428 2881 auditoribus
1454 2806 1530 2882 suis
1557 2812 1696 2882 sineere
1716 2832 1800 2907 pro·

91 2939 269 3034 posuisse.
330 2934 429 3027 Quod
450 2939 488 3008 si
509 2960 557 3007 su
582 2938 698 3008 sacris
725 2938 839 3008 literis
874 2938 1036 3008 concinui
1058 2937 1191 3031 possit,
1227 2961 1267 3007 se
1290 2932 1390 3032 falsi
1423 2934 1595 3033 quippiam
1631 2936 1800 3010 bactensis

92 3076 265 3137 sectatum
293 3065 384 3136 alios
417 3063 626 3154 sedunisse,
658 3089 725 3136 non
758 3065 867 3136 solam
898 3065 1039 3159 publice
1073 3089 1113 3134 se
1149 3063 1237 3135 illud
1269 3073 1556 3155 retractatorum,
1600 3064 1666 3136 sed
1697 3067 1799 3136 etiam

90 3195 219 3286 poenis
241 3193 446 3288 promeritis
470 3215 549 3263 sese
576 3193 668 3263 ultro
693 3193 930 3282 obiecturum,
960 3193 1082 3288 quibus
1109 3191 1214 3263 dictis
1239 3190 1412 3288 subjecit:
1435 3202 1656 3287 peccatorem
1682 3215 1799 3265 coram

94 3319 169 3392 Deo
195 3345 249 3391 me
278 3343 448 3418 ignom,
475 3320 634 3414 principi
648 3318 792 3393 Domino
818 3345 892 3392 meo
920 3321 1183 3392 clementissimo
1207 3323 1302 3391 omni
1318 3320 1543 3391 submissione
1564 3344 1616 3390 me
1636 3319 1799 3414 subjicio.

95 3446 290 3542 Princeps,
327 3472 368 3519 re
396 3444 597 3543 ali'quandi‘u
622 3472 737 3520 secum
763 3448 955 3521 deliberata
984 3459 1019 3519 et
1040 3449 1237 3543 pensitato,
1275 3471 1429 3520 errorem
1464 3459 1504 3519 ot
1527 3459 1739 3546 agnosceret
1765 3459 1803 3519 et

93 3573 297 3646 adsocies.
326 3574 428 3646 Boni:
447 3574 596 3667 sedbel,
624 3577 733 3670 ipsum
757 3575 945 3666 admonuit,
977 3600 1058 3647 mon
1084 3600 1166 3647 nero
1193 3573 1346 3647 nabun:
1380 3575 1415 3647 V
1413 3576 1479 3649 ade
1506 3587 1542 3647 et
1564 3586 1622 3647 tuo
1636 3569 1799 3673 frangere

93 3699 225 3796 officio,
255 3701 365 3773 donoc
392 3703 490 3773 aliud
515 3699 601 3798 quid
624 3705 659 3774 in
685 3702 855 3775 mansdatis
882 3706 1027 3776 anobis
1054 3704 1246 3798 acceperis.
1288 3702 1428 3776 Mortuo
1448 3703 1657 3776 Betbmanno
1680 3726 1798 3775 surra·

90 3841 201 3925 gatus
227 3840 285 3900 est
302 3828 504 3925 pontificius
530 3830 753 3922 sacrificatas
780 3830 957 3903 lebannes
985 3828 1116 3922 Gentb,
1146 3834 1247 3926 eujus
1275 3832 1498 3904 concionibus
1526 3842 1562 3903 et
1585 3832 1700 3903 sacris
1724 3855 1798 3903 cum

95 3957 276 4047 auditores
303 3959 472 4030 animasse
499 3970 706 4029 recusarent
732 3982 774 4029 oc
799 3960 941 4053 publico
969 3984 1073 4032 aerae
1100 3954 1288 4056 religionis
1313 3961 1484 4032 enereitio
1511 3958 1795 4050 destituerentur,

92 4096 216 4157 rector
240 4084 383 4157 subolae
409 4085 665 4181 Neopob‘tonae
688 4084 865 4159 lobannis
889 4087 960 4160 Leo
988 4089 1062 4158 sais
1087 4085 1266 4182 discipulis
1292 4097 1330 4157 et
1354 4084 1487 4159 ciuibus
1504 4088 1613 4182 ipsum
1634 4077 1798 4159 acceden-

92 4213 207 4300 tibus,
252 4214 490 4311 mangelieam
524 4213 715 4285 doctrinam
752 4238 798 4285 en
826 4217 972 4309 scriptis
1004 4212 1154 4286 Lutberi
1186 4217 1221 4286 in
1254 4214 1374 4286 subola
1400 4216 1634 4312 praelegebat
1663 4226 1700 4285 ot
1727 4239 1796 4309 pro

93 4342 195 4413 m'rili
226 4342 439 4435 replicabat.
504 4340 597 4413 Haec
635 4341 704 4413 sub
743 4344 875 4413 initiam
916 4357 1128 4439 repurgatae
1170 4341 1349 4413 doctrinae
1375 4341 1489 4437 suere
1519 4350 1645 4440 gesto,
1688 4341 1796 4413 donoc

92 4469 230 4540 mem
252 4467 418 4565 Principe
438 4465 589 4568 Georgia
616 4494 694 4542 ann.
725 4470 834 4542 1538.
866 4494 912 4540 esc
936 4471 1043 4541 iliaco
1066 4471 1232 4564 passione
1259 4481 1390 4540 mortuo
1417 4468 1614 4560 sacrificub'
1627 4468 1802 4566 pontificii

91 4607 217 4692 monte
242 4621 289 4669 eu·
315 4597 402 4670 urbe
421 4592 661 4696 profugerent
682 4621 724 4669 oc
750 4600 976 4694 magistratus
1003 4599 1300 4688 animadvertens,
1336 4622 1467 4671 senon
1489 4621 1597 4692 posse
1624 4599 1801 4695 evangelii

92 4748 236 4797 seersum
258 4725 438 4820 i'mpedi're,
467 4749 534 4798 non
564 4736 690 4798 tantum
719 4728 1007 4819 operseouti'one
1036 4725 1233 4815 desisteret,
1262 4725 1452 4798 sedetiam
1481 4728 1602 4823 agnito
1623 4750 1670 4797 eo·
1691 4723 1795 4799 cerba

91 4852 166 4924 Dei
205 4851 385 4927 doetrinae
427 4855 649 4949 evangelicae
685 4855 833 4924 veritate
871 4855 1045 4951 negotium
1080 4848 1340 4947 reformationis
1373 4855 1512 4927 summis
1549 4849 1681 4925 uiribus
1713 4876 1796 4949 pro·

89 4969 270 5072 moueret,
319 4978 478 5054 euocatis
520 4982 567 5053 ad
607 5005 680 5053 eoin
722 5005 794 5053 rem
837 4981 1148 5053 concionatoribus
1192 4980 1327 5052 idoneis
1362 4983 1524 5052 sincerae
1558 4982 1726 5078 religioni
1760 4983 1795 5054 in

89 5108 307 5206 Argustana
332 5110 555 5202 confessione
583 5112 761 5205 inpositae
785 5108 948 5200 addictis,
979 5132 1063 5205 quos
1085 5106 1270 5204 parocbiis
1290 5108 1391 5181 urbis
1403 5103 1596 5204 praefecit,
1623 5110 1795 5181 accersito

90 5232 201 5310 etiam
229 5236 275 5307 D.
308 5237 507 5310 Yi'lsmanno
534 5236 716 5352 Pletenero
743 5238 911 5309 emisseus
932 5232 1190 5334 Stolbeigonsi‘s
1216 5235 1534 5332 superintendente,
1562 5234 1625 5333 qui
1649 5239 1794 5309 usitatas

1419 5385 1463 5440 μ
