3984 6022
125 287 127 297 ’
184 287 249 348 iit
463 281 468 298 '
871 271 995 333 LOCUS
1013 270 1195 338 QUARTUS

189 438 279 488 tutem
306 430 359 486 sibi
382 428 536 485 seeundum
563 427 712 483 humanam
731 433 858 483 namram
876 424 1027 482 eommuni-
1052 424 1162 495 pliciter
1178 442 1292 498 negans
1324 425 1355 484 si
1372 426 1446 483 enin
1463 444 1532 498 pure
1543 430 1695 498 negantem
1708 424 1830 480 velimus
1841 431 1889 478 sm

190 524 283 573 uatum
304 517 388 587 plena
415 513 593 584 usurpatione
617 529 757 583 exserere,
785 522 917 584 tunquam
934 512 1027 567 Deum
1052 517 1138 581 tuere,
1158 512 1277 582 apostoli
1287 511 1377 569 oratio
1390 519 1530 570 normam
1540 514 1633 584 plena,
1653 512 1723 583 quia
1740 510 1814 566 nihil
1829 510 1890 566 eer‘a'

191 619 223 658 se
234 618 330 674 gerere
342 601 464 672 potnerit
479 608 541 671 ete.;
561 618 617 673 quo
634 601 730 657 referri
742 601 826 656 auam
839 604 931 672 potest
947 598 1027 666 illud,
1052 596 1211 663 affirmaret,
1223 614 1279 670 quo
1288 598 1397 654 scilieet
1405 599 1473 668 loeo,
1481 606 1604 670 tempore
1613 597 1814 654 emnamtiouis
1821 595 1890 650 ctri-

192 688 266 761 quod
290 689 316 743 b.
337 687 477 742 Luthorus
499 694 605 751 monet,
631 696 687 742 tres
712 704 772 742 me
797 689 894 743 mador
918 685 1028 740 essmdi
1051 690 1110 738 stus
1123 683 1266 740 habuisset
1282 683 1352 739 illud
1370 681 1396 737 ιό
1411 680 1482 739 εἶναι
1501 685 1547 738 taa
1562 686 1629 754 θεῷ,
1647 701 1681 740 ae
1701 682 1809 739 dubim
1825 690 1890 738 essa

190 775 220 829 in
226 775 328 841 forma
347 790 395 826 rere
413 774 541 828 sumendi
549 777 680 842 sormam
697 782 723 828 et
739 775 864 830 tamtum
879 781 1026 827 summum.
1052 787 1158 837 aenam,
1178 770 1352 840 rapuisseme
1371 769 1422 827 nti
1437 769 1564 827 Christus
1581 770 1690 826 divinos
1709 769 1841 837 boumn,
1859 784 1890 821 m

120 927 123 934 ‚
190 859 275 913 Alias
301 859 373 913 enim
396 859 592 914 caneideratm
619 861 739 915 meantia
764 878 813 915 aaa
837 867 941 914 natura
966 859 1027 914 eine
1052 871 1118 910 voro
1135 856 1213 912 noni
1241 873 1353 912 neeesse
1371 856 1467 928 itaque
1484 855 1582 925 tuerit,
1606 862 1639 912 nt
1656 861 1818 912 nmmum
1835 870 1890 911 erat

183 934 294 1011 sonna,
313 952 392 1013 perta
412 953 438 997 et
456 946 619 1014 operatione
637 955 760 1017 antemna,
781 946 856 1000 alius
871 946 988 1000 essentia
1001 953 1027 998 et
1054 942 1271 999 enuntiationem
1288 941 1480 1011 affirmantem,
1497 943 1548 1000 sed
1566 944 1748 1013 indefinitam
1761 942 1796 998 ir
1811 960 1888 1016 pera·

85 1036 105 1103 J
188 1033 286 1098 forma
299 1039 454 1100 teupertus
468 1039 597 1085 aeternus
608 1032 701 1098 mmai,
719 1032 796 1086 aliae
807 1040 919 1086 externa
930 1032 1027 1094 forma
1054 1032 1157 1089 θέσεως
1168 1033 1325 1100 negantem,
1341 1035 1372 1084 ut
1384 1028 1421 1084 ait
1433 1046 1539 1097 afflans,
1552 1027 1694 1084 Chfittum
1709 1029 1765 1084 effi
1779 1026 1811 1082 l!
1820 1031 1888 1082 Μ

128 1109 131 1114 ’
190 1123 216 1169 et
233 1116 361 1185 operatio
379 1117 424 1170 rei
437 1118 498 1170 eine
514 1125 635 1172 naturae
653 1127 679 1170 et
697 1119 840 1186 meantiae,
858 1135 930 1187 puae
943 1117 1027 1171 talem
1053 1113 1244 1169 exaninitionis
1265 1115 1351 1172 fuerit
1374 1116 1537 1171 novissimus
1560 1116 1698 1183 virorum,
1725 1132 1783 1170 non
1802 1118 1888 1168 hm

191 1203 249 1254 edit
264 1204 399 1271 farinam,
417 1204 540 1257 ueritate.
572 1202 684 1259 Tertius
704 1202 801 1259 modus
825 1203 931 1258 alienus
950 1208 1028 1258 esta
1053 1200 1205 1269 dubitasse,
1216 1202 1266 1257 sed
1279 1209 1354 1258 carto
1366 1201 1419 1258 sibi
1431 1219 1594 1273 persuasum
1605 1201 1749 1265 habuisse
1768 1217 1788 1256 a
1799 1200 1886 1256 sehon

191 1285 316 1355 christo,
339 1287 414 1342 eadit
433 1293 526 1343 antem
544 1287 573 1342 in
592 1288 733 1344 diabolum
757 1295 785 1344 et
802 1289 861 1358 ejus
879 1287 1025 1343 ministros.
1053 1285 1165 1341 minime
1177 1287 1369 1359 malianum
1380 1303 1433 1343 neo
1445 1295 1564 1358 raptum,
1575 1287 1625 1342 red
1636 1285 1887 1342 anaturasnanti

189 1371 300 1427 Primus
318 1373 347 1427 in
367 1379 441 1428 statu
460 1373 664 1442 exinanitionis,
683 1374 822 1430 secundus
842 1374 871 1428 in
889 1380 964 1429 statu
982 1391 1027 1430 ex·
1053 1370 1105 1426 hoe
1119 1388 1179 1427 osse
1190 1373 1340 1445 proprium,
1352 1380 1383 1429 ut
1396 1372 1498 1429 sitDeo
1512 1373 1578 1442 taor,
1591 1370 1887 1446 taiapacaeatipaon'-

189 1457 330 1513 alt-ationis
349 1458 460 1514 Christo
478 1459 618 1530 competit
1054 1472 1120 1521 oeae.
1137 1474 1171 1512 aa
1182 1458 1300 1529 proinde
1318 1458 1425 1515 ratione
1443 1475 1576 1530 personae
1594 1475 1686 1530 aequo
1706 1462 1737 1513 et
1754 1458 1816 1529 pari
1827 1458 1887 1528 jure

226 1549 284 1600 296.
319 1543 366 1597 Ad
390 1544 543 1599 seeundum
565 1545 718 1601 membrum
741 1544 874 1616 pertinet:
904 1549 926 1598 1.
952 1543 1026 1613 quod
1053 1558 1116 1596 eum
1125 1543 1209 1599 Patre
1221 1550 1250 1599 et
1261 1544 1367 1615 Spiritu
1380 1550 1476 1599 saneto
1488 1544 1542 1600 sibi
1556 1551 1716 1615 oompeere
1730 1561 1816 1599 unam
1828 1555 1939 1598 ean-nit

189 1627 344 1698 ἅρσηιικῶς
356 1631 400 1684 vel
417 1629 510 1701 potina
529 1629 663 1704 ἀορίστως
683 1631 718 1686 de
732 1629 841 1687 Christo
858 1629 960 1685 dieitur
976 1626 1037 1699 οὐχι
1053 1628 1171 1700 demque
1191 1629 1343 1685 divinitatis
1361 1637 1497 1686 naturam.
1525 1629 1571 1686 Sio
1589 1647 1664 1702 ergo,
1680 1633 1715 1684 nt
1725 1646 1761 1686 ex
1772 1628 1887 1685 Lanae

190 1714 340 1788 ἁρπαγμὸν
360 1714 480 1785 ἡγήσατο
498 1717 529 1770 τὸ
547 1716 616 1771 rivae
636 1711 683 1770 iou
698 1717 763 1786 θεῷ.
800 1715 919 1780 Quidam
941 1721 1026 1770 etatu-
1053 1719 1132 1770 notat
1143 1715 1321 1772 Selneecerua
1335 1716 1385 1772 lib.
1394 1717 1429 1772 de
1443 1716 1546 1771 noviss.
1558 1716 1635 1772 verb.
1644 1716 1759 1781 David„
1772 1715 1825 1771 tria
1838 1714 1886 1770 hae

188 1808 240 1857 unt
266 1800 296 1855 τὸ
323 1800 433 1872 ἡγεῖθαι
461 1801 614 1877 ἁρπαγμὸν
640 1802 802 1874 simpliciter
823 1803 943 1873 positum
967 1817 1027 1857 esse
1052 1799 1148 1872 phrasi
1168 1801 1374 1872 exprimuntur:
1399 1807 1422 1857 1.
1440 1811 1552 1858 natura.
1587 1801 1716 1857 Christus
1740 1801 1887 1857 seeundum

188 1904 241 1959 pro
257 1885 403 1959 ἁρπάζειν,
419 1905 536 1958 rapere,
556 1888 648 1943 instar
666 1890 788 1958 rapinae
805 1905 957 1959 usurpare,
971 1905 1027 1958 pro
1054 1886 1175 1942 divinam
1198 1893 1326 1944 naturam
1349 1889 1417 1944 nihil
1440 1888 1552 1960 tepuit,
1574 1889 1625 1946 sod
1650 1887 1736 1960 οὐσίᾳ
1760 1906 1795 1945 ae
1812 1888 1889 1962 φύσει

190 1974 271 2028 tttta
296 1983 321 2027 et
347 1982 450 2029 temere
473 1975 566 2043 abieti,
594 1975 667 2030 siout
684 1974 836 2031 Hebraeos.
863 1981 908 2043 10,
935 1993 962 2034 v.
984 1979 1026 2030 29.
1054 1973 1146 2028 omnia
1171 1973 1271 2043 habet3
1303 1978 1330 2028 2.
1348 1975 1465 2030 collatio
1489 1994 1550 2030 aum
1569 1961 1652 2030 mai
1665 1975 1728 2031 rire
1746 1973 1889 2044 ἀντιπάλῳ.

189 2058 285 2114 κοινὸν
310 2058 484 2132 ἡγησάμενος
504 2060 619 2131 ponitur
641 2078 692 2132 pro
712 2060 850 2122 κοινώσας
868 2060 913 2118 vel
932 2079 1027 2114 κοινω·
1054 2057 1189 2115 Diabolus
1207 2076 1257 2132 per
1276 2060 1403 2131 rapinam
1414 2060 1502 2117 voluit
1518 2079 1660 2118 assumere
1679 2061 1729 2114 ἶσα
1741 2065 1807 2132 θεᾷ,
1823 2061 1890 2117 idem

191 2144 325 2220 οοὶμεσος,
351 2151 383 2200 ut
400 2145 437 2201 sit
452 2162 564 2211 sensus,
587 2163 643 2203 non
661 2164 728 2202 usus
745 2147 790 2201 vel
809 2146 913 2202 abinus
932 2153 974 2202 est
994 2162 1029 2203 ea
1054 2142 1181 2200 ieoerunt
1195 2146 1278 2216 primi
1292 2153 1430 2219 parentes,
1448 2147 1499 2203 sed
1514 2147 1643 2207 Christus
1660 2147 1745 2204 modo
1757 2147 1817 2219 egit
1831 2163 1891 2202 eon·

191 2248 290 2301 repro
308 2230 436 2300 arbitrio,
460 2250 515 2289 non
535 2233 681 2305 usurparit
697 2232 751 2288 sibi
770 2250 844 2302 eam,
868 2234 918 2288 sed
935 2233 1028 2305 potius
1055 2230 1156 2301 trurio;
1186 2235 1212 2286 3.
1233 2234 1371 2303 potentia.
1408 2232 1533 2289 Christus
1557 2233 1700 2304 potuisset
1715 2233 1775 2305 jam
1794 2231 1892 2289 indes

192 2318 252 2388 ejus
270 2335 324 2372 usn
342 2317 478 2377 abstinuit
498 2335 558 2374 sese
577 2319 770 2374 exinaniendo.
825 2319 921 2375 lsidor.
946 2319 1028 2375 Peln-
1054 2317 1144 2388 primo
1161 2317 1358 2373 monrnationis
1373 2324 1512 2375 momento
1530 2321 1710 2390 majestatem
1727 2318 1782 2375 ribi
1800 2336 1891 2376 seran

89 2436 93 2444 ι
191 2403 263 2459 siots
280 2402 327 2458 lib.
343 2410 364 2459 1.
383 2404 465 2475 epist
487 2409 543 2460 139.
564 2404 679 2476 rapinae
695 2420 791 2460 vorem
810 2405 877 2460 satis
891 2406 989 2477 jejune
1001 2411 1031 2460 et
1056 2402 1123 2458 dum
1148 2420 1261 2458 earnem
1284 2403 1513 2460 oommrmleetam
1531 2421 1657 2462 exserere
1682 2411 1736 2462 ete
1772 2405 1891 2477 Adjeeti·

191 2487 402 2559 impertinenter
418 2489 459 2544 sio
475 2490 606 2561 explieat:
627 2490 696 2545 Cum
714 2499 801 2545 meent
818 2492 935 2560 perutiles
954 2490 1028 2559 (Phi
1055 2505 1121 2543 vum
1143 2489 1251 2560 plurale
1276 2489 1324 2543 ἶσα
1352 2490 1519 2561 generaliter
1543 2490 1573 2547 in
1592 2497 1695 2548 neutro
1711 2506 1816 2564 genus
1834 2509 1891 2547 aar

190 2573 358 2647 lippenseo),
383 2593 541 2646 rumentum
564 2579 659 2633 Deum
678 2596 729 2632 rua
752 2579 838 2633 Patri
855 2595 903 2632 eas
920 2584 1031 2648 parter,
1057 2578 1169 2634 θετικῶς
1192 2575 1315 2647 positum
1339 2576 1497 2632 existimant
1516 2576 1575 2632 sive
1599 2594 1652 2648 pro
1678 2577 1816 2635 adverbio
1834 2583 1891 2637 tour

190 2677 263 2730 puae
281 2663 323 2714 ad
338 2662 511 2731 pipnendum
528 2663 686 2720 deetinatae
703 2672 774 2735 runt,
790 2665 970 2734 praecidisse
986 2666 1028 2719 di-
1056 2660 1114 2715 sive
1136 2677 1188 2731 pro
1210 2660 1322 2718 nomine
1339 2664 1451 2733 generis
1471 2663 1617 2718 masculini
1636 2663 1702 2718 taor
1719 2680 1772 2723 seu
1791 2665 1823 2719 ir
1839 2669 1890 2733 top.

192 2746 334 2813 dicerunt,
353 2749 430 2803 atae
446 2749 576 2804 videlieet
594 2757 769 2821 metuentem,
786 2767 820 2806 ne
837 2751 893 2805 aiii
903 2751 965 2819 filii
985 2767 1029 2804 ea·
1056 2745 1113 2802 Sed
1130 2746 1219 2820 magis
1237 2747 1423 2820 emphaticam
1440 2755 1491 2818 est,
1510 2749 1533 2803 si
1550 2755 1693 2806 statuatur
1711 2749 1742 2805 ri
1761 2746 1890 2806 rivatim

191 2831 320 2887 sinnam
349 2835 482 2904 repnipue
503 2836 575 2890 socii
597 2844 623 2890 et
647 2844 788 2892 consortes
810 2855 845 2891 ac
871 2837 1030 2891 dioim'tatie
1056 2832 1218 2904 simpliciter
1242 2835 1364 2906 positum
1387 2853 1449 2891 esse
1466 2853 1518 2908 pro
1537 2835 1649 2893 nomine
1667 2835 1812 2906 ἰσότητος,
1835 2837 1891 2909 quia

148 2982 151 2991 Ι
192 2918 368 2989 correptiones
386 2926 413 2973 et
432 2919 555 2974 diaridia
573 2923 609 2975 de
620 2938 654 2974 ea
672 2939 707 2976 ae
725 2923 801 2977 belia
813 2922 961 2992 orirentrer,
977 2924 1029 2977 ad·
1056 2919 1190 2975 artiemus
1215 2919 1308 2976 neutri
1325 2921 1436 2993 genera
1453 2927 1541 2978 totam
1559 2921 1728 2979 infinitivam
1747 2923 1890 2979 orationem

191 3005 367 3074 dubitabant,
386 3023 425 3058 an
442 3007 525 3059 DEI
532 3006 627 3062 ditias
638 3008 744 3062 relictis
758 3008 833 3062 coeii
843 3009 964 3078 oedibus,
978 3026 1030 3067 nee
1056 3004 1085 3059 in
1101 3022 1202 3061 noman
1219 3006 1410 3074 hanmomat,
1435 3008 1498 3065 ἴσον
1517 3008 1588 3063 εἶναι
1607 3015 1649 3065 est
1666 3008 1817 3084 ἰσότιμον,
1835 3008 1890 3083 ὁμο

95 3106 98 3109 ·
191 3091 282 3146 attam
301 3091 384 3162 repni
400 3098 483 3162 atque
494 3093 610 3163 imperii
619 3095 860 3150 commutationem
873 3090 977 3151 venua
989 3099 1032 3152 ad
1057 3110 1145 3165 repar,
1163 3108 1259 3164 param
1276 3098 1306 3148 et
1322 3092 1466 3164 aequalem
1478 3111 1546 3165 esse,
1564 3094 1637 3150 rium
1654 3095 1704 3150 ἶσα
1719 3098 1780 3167 θεῷ
1800 3102 1842 3151 est
1850 3112 1891 3167 per

192 3195 244 3233 nor
266 3178 376 3232 venian
399 3195 510 3234 caman
528 3178 703 3249 ancepirset.
737 3180 814 3234 Huic
831 3181 920 3250 ipitur
936 3167 1030 3237 eornm
1056 3177 1148 3234 omnia
1172 3184 1201 3235 et
1223 3179 1253 3234 in
1279 3180 1406 3235 omnibus
1426 3179 1488 3236 Deo
1505 3198 1600 3253 parem
1619 3187 1648 3238 st
1663 3182 1817 3254 aequalem
1831 3198 1890 3238 erse

191 3263 371 3334 ipnorantiae
395 3265 440 3320 sel
459 3266 557 3336 potine
578 3265 718 3321 artemiae
741 3266 854 3321 diuina
877 3269 923 3322 uir
947 3276 1030 3339 atque
1058 3264 1162 3321 Sensus
1183 3264 1285 3337 igitur,
1303 3265 1444 3322 Christum
1463 3269 1524 3340 jam
1541 3267 1609 3323 inde
1626 3284 1645 3328 a
1660 3269 1757 3338 primo
1775 3269 1890 3327 insurra-

96 3400 99 3411 ,
193 3368 364 3405 arcanarum
396 3367 490 3405 rerum
517 3353 615 3406 doctor
645 3352 814 3408 medicinam
837 3356 958 3425 afferent
986 3356 1031 3424 nie
1056 3349 1139 3404 tionis
1162 3358 1299 3407 momento
1324 3352 1407 3409 etiam
1431 3353 1460 3407 in
1481 3352 1573 3409 medio
1596 3352 1800 3411 exinanitionis
1827 3361 1890 3410 matu

193 3437 284 3491 aeriis
302 3437 390 3491 utitur
396 3458 405 3502 ,·
431 3438 499 3492 Non
522 3439 743 3508 rapinam-eto,
771 3440 823 3494 itoa
841 3448 881 3495 eat
899 3441 1032 3496 deitatem
1057 3453 1113 3490 non
1139 3442 1247 3492 tantum
1273 3439 1426 3494 secundum
1457 3438 1606 3495 humi-⁰81³
1634 3445 1771 3505 mmmm
1803 3440 1891 3496 divinit

193 3540 226 3576 ae
243 3538 359 3592 reanum
383 3523 603 3594 haudquaquam
623 3542 679 3595 per
696 3526 752 3581 eim
772 3527 912 3597 arripuit,
936 3545 1031 3583 oerum
1057 3522 1137 3578 donis
1164 3527 1193 3579 et
1216 3519 1359 3596 αὐχήμασι
1385 3525 1566 3594 personaliter
1590 3525 1679 3581 fuisse
1706 3527 1842 3593 ditatum,
1865 3533 1891 3582 at

193 3616 258 3663 ante
275 3610 369 3664 remia
388 3610 516 3664 innatum
533 3611 636 3665 tatuit.
662 3613 759 3680 Neque
777 3612 843 3668 item
859 3621 889 3666 ut
904 3613 961 3669 ribi
977 3614 1031 3669 eri
1058 3607 1174 3680 gloriam
1187 3615 1216 3664 et
1229 3610 1401 3680 majestatem
1414 3610 1537 3666 divinam
1550 3628 1679 3669 aserere
1694 3614 1828 3685 potnerit,
1845 3631 1891 3685 quo

189 3703 318 3765 peretur,
336 3695 492 3764 subtimuit,
508 3714 615 3760 verum,
632 3713 694 3750 eum
711 3705 738 3751 et
755 3699 916 3754 coelestium
933 3707 960 3753 et
979 3707 1032 3755 ter·
1058 3694 1192 3766 pertinet,
1212 3695 1287 3766 quod
1305 3694 1407 3751 dieitur
1425 3695 1559 3770 ὑπάρχειν
1579 3699 1610 3753 ἓν
1626 3703 1731 3774 μορφῇ
1749 3703 1832 3770 θεοῦ,
1849 3700 1891 3756 sed

192 3782 324 3834 restrium
348 3790 373 3835 et
397 3783 574 3850 insanorum
600 3783 741 3839 Dominus
761 3793 844 3852 esset,
873 3803 923 3840 nea
944 3804 1032 3857 eupra
1060 3781 1143 3837 etiam
1160 3782 1313 3838 seeundttln
1331 3782 1453 3841 divinam
1476 3791 1604 3841 naturam
1622 3785 1795 3843 neutraliter
1811 3795 1840 3844 et
1857 3802 1892 3840 es-

193 3867 309 3938 reiipuit
326 3876 353 3921 et
371 3869 413 3920 ad
429 3887 480 3923 nos
494 3869 621 3938 naemei,
639 3869 695 3923 imo
714 3870 797 3924 etiam
810 3873 852 3924 ad
861 3872 973 3939 inseror
989 3891 1033 3926 us-
1060 3867 1213 3923 munditer
1238 3867 1323 3924 fuisse
1343 3886 1439 3925 veram
1455 3869 1561 3939 Deum
1585 3886 1641 3943 quo
1659 3872 1804 3942 witam,
1826 3872 1891 3946 quod

194 3969 247 4022 pue
274 3954 419 4023 profectae
444 3961 498 4022 est,
526 3961 557 4008 ut
578 3971 634 4025 per
663 3957 757 4010 omnia
781 3966 930 4024 pariatur
953 3960 1035 4015 nadi-
1060 3952 1162 4008 dieitur
1180 3951 1231 4024 οὐχ
1250 3953 1369 4025 ἡγήσατο
1390 3954 1540 4029 ἁρπαγμὸν
1559 3954 1588 4010 ri
1602 3955 1676 4026 rinae
1689 3957 1739 4012 toa
1751 3961 1818 4030 θεῷ.
1843 3959 1891 4012 eu-

195 4056 249 4110 que
269 4038 364 4093 onmia
385 4038 416 4091 in
433 4038 552 4093 eaisuun
570 4049 715 4096 assereret.
751 4041 871 4108 Quidam
890 4042 931 4098 sie
953 4060 1034 4115 expo
1060 4038 1188 4110 munus
1207 4038 1296 4111 Epist
1313 4046 1361 4096 tt:
1385 4039 1498 4095 Cin-iata
1517 4041 1548 4094 ia
1559 4042 1664 4108 forma
1676 4045 1738 4098 Dei
1756 4045 1891 4115 upsalen

193 4131 278 4180 nunt:
307 4125 373 4179 Non
399 4125 479 4179 duait
503 4125 637 4196 rapinam
662 4143 722 4181 esre
744 4144 774 4182 re
794 4129 942 4199 aequalem
961 4131 1035 4200 Deo,
1062 4142 1120 4179 eree
1139 4128 1202 4179 Deo
1221 4144 1277 4179 non
1293 4127 1399 4196 rapina
1408 4126 1489 4195 suit,
1517 4129 1571 4180 sed
1585 4135 1699 4195 naama,
1719 4133 1852 4198 praedam
1866 4130 1893 4182 id

194 4209 246 4264 irae
265 4218 305 4264 eet
326 4228 382 4264 non
399 4212 546 4265 oetentaoit
562 4212 685 4281 pieriam
703 4231 785 4267 suam
803 4215 946 4284 diuinam,
964 4217 1036 4269 tieret
1062 4214 1200 4266 nmeondo
1218 4214 1332 4280 mmm,
1351 4232 1406 4267 non
1423 4213 1610 4283 arperttsado
1625 4219 1815 4284 praemit
1847 4215 1891 4271 lle

193 4296 312 4351 amtor-er
330 4296 426 4368 opalia
445 4296 569 4351 institua
593 4300 721 4353 detecta
741 4307 879 4357 ostentare
897 4302 987 4356 rotent
1004 4303 1035 4356 in
1062 4315 1116 4368 quo
1139 4314 1298 4370 quenquam
1323 4298 1430 4368 turbet,
1456 4301 1531 4370 quod
1547 4299 1627 4370 prins
1642 4302 1841 4371 praedieatnn
1855 4317 1891 4356 re

195 4383 357 4452 triumphis,
381 4385 434 4437 red
449 4383 572 4452 pieriam
592 4383 673 4440 iiiam
692 4386 850 4444 maraste.
886 4386 1035 4460 Simplicis·
1061 4391 1156 4453 epeetu
1173 4385 1329 4452 hnmanae,
1345 4385 1483 4456 posterius
1502 4395 1627 4456 reepaotu
1645 4382 1891 4447 &maenarum

194 4467 265 4524 sima
288 4467 435 4544 explicatio
459 4469 600 4543 colligitur
624 4487 658 4527 ex
677 4472 850 4544 singularum
872 4491 972 4531 rorum
989 4491 1034 4530 aa·
1062 4469 1172 4526 Christo
1187 4469 1274 4526 tribui
1292 4477 1378 4543 atque
1396 4489 1467 4542 eum,
1488 4472 1536 4543 qui
1554 4487 1616 4526 sese
1630 4474 1792 4532 mundum
1810 4475 1891 4531 huna-

196 4561 292 4610 ourato
315 4555 455 4628 examine3
482 4542 611 4630 ipsiotae
634 4559 760 4630 apostolo
783 4567 827 4616 eat
845 4569 921 4616 certo
945 4570 971 4615 et
994 4562 1034 4616 in·
1061 4573 1125 4611 nam
1143 4561 1270 4613 nanuum
1288 4557 1446 4626 exinanivit,
1459 4557 1613 4614 seeundum
1631 4557 1760 4619 diuinam
1775 4569 1892 4618 uturum

196 4642 324 4701 dubitata
341 4649 464 4697 etatuere
483 4642 606 4717 Philipp.
623 4648 656 4714 2,
673 4663 699 4700 r.
718 4650 742 4701 3.
759 4652 789 4700 et
806 4651 849 4704 25.
873 4665 897 4703 o
915 4652 947 4716 3,
964 4666 990 4702 v.
1010 4653 1034 4702 t.
1064 4642 1122 4698 Deo
1147 4643 1291 4714 aeqrralem
1317 4643 1371 4698 diei
1397 4650 1551 4700 metuamus
1602 4643 1678 4710 Quia
1697 4655 1814 4720 propter
1833 4647 1894 4702 iao-

196 4733 224 4781 et
244 4732 272 4797 ὃς
293 4727 441 4804 ἄρπαγμός
458 4735 501 4785 est
519 4729 593 4785 idem
611 4730 686 4801 quod
705 4729 735 4784 ri
754 4731 906 4806 ἅρπαγμα,
927 4732 1035 4804 rapina
1062 4728 1183 4791 στάσεως
1202 4731 1336 4787 unitatem
1352 4737 1470 4803 utraque
1489 4731 1523 4786 de
1541 4748 1598 4789 aaa
1616 4731 1776 4805 meamque
1784 4749 1894 4806 persona

197 4829 247 4867 reu
264 4822 377 4884 raptae,
404 4815 449 4871 eni
468 4816 618 4888 opponitur
635 4816 665 4870 ri
686 4817 773 4888 tirou,
793 4820 959 4888 proprium,
980 4836 1036 4891 quo
1061 4816 1271 4889 praedicantur,
1298 4821 1328 4872 et
1349 4834 1421 4888 quae
1444 4817 1521 4873 oarni
1543 4816 1602 4873 sire
1626 4816 1770 4879 humma«)
1787 4829 1894 4877 mm

195 4915 280 4970 sensu
297 4898 446 4976 ipnaypir
463 4907 517 4971 est,
540 4903 616 4974 quod
635 4901 699 4975 quis
719 4903 773 4960 sibi
791 4903 896 4976 injuste
912 4906 988 4977 rapit
1007 4911 1036 4962 et
1061 4903 1207 4973 accidunt,
1236 4919 1291 4959 non
1309 4902 1385 4959 cami
1405 4919 1541 4969 seorsum,
1561 4903 1611 4958 sed
1625 4902 1685 4969 illi,
1705 4906 1759 4977 qni
1774 4906 1834 4964 Deo
1849 4922 1894 4977 per

196 4985 339 5057 vendicat,
361 4987 470 5043 numid
491 5004 555 5043 vere
573 5004 606 5042 ae
622 4988 736 5061 proprie
751 4989 792 5043 illi
812 5007 868 5046 nou
886 4998 1034 5064 competat,
1061 4995 1188 5045 nutrirem
1207 4988 1330 5061 aequalis
1357 4994 1400 5044 est
1425 4988 1531 5060 quique
1547 4988 1620 5045 hane
1634 5007 1755 5049 earnem
1773 5009 1895 5065 parrana·

197 5071 273 5144 quod
296 5089 396 5145 rapere
418 5072 536 5142 dieitur,
554 5074 636 5129 'sieut
658 5076 720 5131 vioe
738 5093 819 5132 versa
835 5093 917 5133 nemo
934 5078 1037 5134 dieitur
1062 5076 1126 5131 liter
1149 5073 1203 5131 sibi
1221 5074 1424 5146 appropriavit,
1447 5075 1593 5142 eveniunt,
1618 5076 1656 5144 mi
1673 5077 1766 5150 Λόγῳ
1788 5078 1895 5147 seilicet,

196 5155 283 5215 furari
307 5158 352 5216 vel
376 5174 488 5230 rapere,
514 5159 589 5231 quod
613 5160 700 5231 ipsius
725 5165 770 5216 est
794 5163 945 5234 proprium.
981 5164 1037 5220 Per
1062 5163 1110 5234 qui
1129 5161 1291 5217 naturaliter
1314 5167 1344 5218 et
1367 5161 1550 5223 manuus
1566 5167 1609 5216 est
1625 5178 1710 5218 verus
1727 5164 1807 5222 Deua
1824 5165 1895 5221 Patri

196 5242 361 5312 particulam
375 5244 499 5317 negandi
514 5243 567 5315 οὐχ
575 5244 680 5300 tollitur
689 5241 846 5320 ἁρπαγμός,
865 5255 1035 5307 contravero
1060 5264 1111 5320 per
1130 5249 1222 5304 omnia
1237 5248 1376 5322 aequalis,
1395 5265 1428 5304 ex
1446 5265 1501 5319 quo
1519 5246 1642 5304 urantur
1656 5247 1732 5306 haee
1748 5251 1895 5324 proportio

196 5327 400 5401 poniturttas,
411 5330 770 5405 quodnonestipnaypo‘r,
783 5333 1035 5407 refermrquehsae
1061 5333 1228 5406 apostoliea,
1246 5334 1340 5404 illum,
1357 5333 1405 5406 qui
1423 5340 1466 5389 est
1484 5333 1544 5390 Deo
1561 5333 1695 5405 aequat,
1713 5335 1810 5408 ipsum
1829 5338 1895 5394 seili-

196 5412 296 5471 roeula
311 5433 418 5491 negans
435 5435 491 5474 non
502 5419 538 5474 ud
550 5417 667 5474 verbum
680 5418 812 5490 tyridate,
830 5421 881 5476 sod
885 5423 1036 5494 jungenda
1061 5427 1107 5500 ost
1124 5419 1179 5476 Dei
1196 5419 1300 5477 Filium
1314 5437 1378 5476 sese
1395 5418 1585 5486 exiuamrisse,
1605 5418 1741 5496 videlieet
1751 5425 1836 5494 juata
1852 5440 1896 5480 na·

76 5511 80 5517 ‘
196 5507 239 5557 eat
256 5497 410 5577 ipnapppi,
429 5511 462 5561 ut
477 5504 515 5560 rit
526 5506 689 5579 propositio
708 5508 876 5578 affirmant,
893 5525 949 5565 non
968 5507 1033 5564 sim·
1060 5513 1152 5564 turm
1169 5512 1328 5565 assumtam.
