3984 6022
574 276 626 332 DE
644 276 893 335 sanctaemo
909 275 1132 341 Tamiram
1149 272 1352 335 merram.
1474 278 1478 295 ¹
1708 285 1770 344 ete

73 425 192 496 riorum,
223 426 485 500 Semonteniornm,
514 430 681 486 Ariauorum
704 439 756 486 etc
782 430 812 488 in
838 430 910 489 c‘elo·
935 431 973 487 ab
991 430 1046 487 illis
1065 432 1231 505 snltmgium
1249 437 1409 504 exspectare
1427 448 1511 489 ansus
1528 431 1620 488 inerit.
1639 428 1686 488 Sic
1699 432 1772 486 enim
1845 435 1847 447 '

74 510 200 567 berrimis
238 520 266 569 et
301 515 499 586 antiquissimis
533 516 619 572 totius
650 516 799 572 Christiani
836 519 910 574 orbis
934 535 1068 591 perquam
1092 520 1216 592 profecto
1243 519 1396 577 titubanter
1426 520 1522 576 scribit
1551 520 1615 575 adr.
1649 516 1719 574 Bell.
1743 523 1772 573 et

72 598 199 655 conciliis
218 599 359 656 damnatio
376 602 525 659 maximum
543 605 675 659 advemus
691 621 778 660 noros
796 606 910 661 damna·
933 603 1026 660 Wiek.
1047 605 1066 660 f.
1085 612 1150 662 tlt:
1171 608 1218 660 Ea
1234 608 1348 676 scriptis
1366 614 1526 662 nostrornm
1544 604 1685 660 hominnm
1701 622 1771 658 nan·

73 691 164 742 tarum
193 685 349 743 haeresium
372 687 583 760 interpolatores
615 691 816 762 praejudicium
842 691 909 747 affe·
933 706 1017 759 qnam
1043 693 1205 746 ostendetur
1230 709 1277 746 eos
1294 708 1420 747 assasse
1440 700 1490 747 ant
1507 690 1679 759 emsnmore,
1703 691 1770 744 rori·

72 778 131 838 rat,
155 788 212 845 qua
233 773 270 828 de
292 790 323 829 re
344 775 502 845 praeclarus
526 776 605 832 locus
630 781 720 832 exstat
737 778 814 848 apud
830 777 909 833 Basi-
929 783 1028 844 ptores
1052 784 1116 832 onte
1139 778 1288 832 consitium
1304 779 1454 846 Nicaeam,
1478 777 1529 848 gai
1550 776 1636 830 bodie
1653 784 1770 846 enatant,

72 858 143 914 lium
165 857 212 914 lib.
241 867 263 915 t.
286 867 359 916 eont.
384 861 565 917 Eunomium:
599 863 677 925 Quid
698 865 771 918 dieis
798 863 908 936 (inquit)
934 871 1048 918 nostroe
1070 866 1225 919 sementina
1240 866 1350 934 fin'sss,
1379 863 1413 931 (si
1435 880 1499 918 cnm
1522 861 1698 917 Photinianis
1716 878 1772 917 non

72 963 108 1000 ne
124 946 280 1000 mamas
293 947 364 1016 plns
375 950 578 1019 praegressis!
595 967 630 1004 ac
645 966 824 1006 revereamur
837 952 908 1006 mat
935 954 1080 1004 senserunt
1106 967 1159 1005 nec
1184 949 1315 1004 tristans
1341 950 1443 1023 dogma
1467 949 1646 1017 damnarunt,
1674 949 1773 1020 utique

72 1032 220 1087 martinon
244 1041 269 1087 et
289 1048 397 1105 soram,
424 1037 476 1106 qni
497 1054 569 1090 nano
592 1044 657 1091 aas
683 1036 853 1105 Christiani,
882 1047 909 1092 st
934 1033 1004 1090 illud
1027 1036 1228 1107 approbarunt)
1254 1036 1381 1107 gamaria
1399 1037 1536 1106 passiani
1559 1051 1652 1090 omnes
1675 1034 1771 1099 minas,

71 1136 183 1187 emin,
209 1119 261 1189 qai
282 1118 346 1175 nati
367 1130 432 1176 sant
452 1123 488 1175 ab
506 1138 538 1177 eo
556 1130 693 1193 tempore,
719 1141 774 1195 qao
788 1125 908 1193 praedi·
935 1137 982 1175 eos
999 1139 1056 1176 non
1072 1124 1171 1191 minas,
1193 1124 1249 1177 imo
1267 1139 1332 1176 oero
1352 1124 1445 1191 mapir
1461 1122 1690 1177 adversariorum
1708 1137 1769 1175 sen·

71 1205 137 1259 oors'
162 1205 254 1275 eoepit
280 1206 474 1276 wanpeiiami
500 1224 536 1263 ne
558 1217 716 1278 repatiantur
741 1209 908 1280 dignitatem
933 1209 1037 1263 antiae
1054 1225 1221 1279 repugnare,
1241 1227 1325 1280 aeram
1342 1216 1462 1263 norbae.
1493 1209 1562 1263 Nisi
1577 1216 1691 1263 norbae
1708 1225 1769 1262 sen·

71 1307 176 1360 eorum,
194 1292 245 1360 qai
261 1293 507 1362 omniqenirdonis
520 1295 715 1364 spiritualibus
732 1295 910 1351 claruerunt!
934 1296 1035 1348 tentae
1053 1297 1165 1349 nomine
1188 1295 1366 1363 inteilipotur
1383 1295 1551 1365 simpliciter
1565 1294 1599 1348 id
1616 1297 1694 1365 qood
1709 1310 1768 1349 aen·

69 1379 126 1431 ssd
143 1377 250 1432 simois
275 1379 306 1431 in
328 1387 415 1433 totam
439 1380 527 1433 anstni
545 1380 635 1435 ocni&
655 1388 682 1435 et
701 1383 823 1436 omnium
843 1400 908 1436 san·
934 1380 1017 1435 nmen
1041 1383 1077 1435 cte
1100 1400 1156 1436 ano
1182 1382 1235 1436 etto
1262 1382 1340 1448 Deo,
1369 1382 1448 1452 qaod
1469 1382 1601 1436 videlicet
1622 1382 1649 1434 is
1672 1381 1771 1437 natm

69 1472 179 1519 amns
196 1465 331 1519 memorio
347 1481 381 1519 en
398 1474 488 1521 mente
504 1466 596 1536 eiecta
614 1468 734 1522 odoram
752 1484 787 1522 aa
802 1486 908 1539 porga·
933 1468 1010 1521 aliae
1031 1469 1069 1522 sit
1086 1477 1204 1538 paster
1222 1469 1294 1522 Jsao
1312 1469 1419 1524 Otn'sti
1430 1475 1551 1537 patrem.
1592 1469 1676 1522 Hono
1695 1468 1768 1521 enim
1780 1477 1820 1519 111.
1836 1475 1881 1519 tta

68 1558 130 1605 trem
153 1567 204 1604 cos·
218 1567 298 1604 mm
317 1553 434 1620 quisque
452 1552 662 1607 inductionibus
679 1572 714 1609 aa
730 1555 910 1624 sopiermatis
934 1556 1052 1608 eandm
1073 1556 1189 1609 istorum
1208 1562 1326 1625 patrant
1343 1555 1440 1622 fabre
1463 1555 1638 1622 sentmtiam,
1663 1555 1691 1608 si
1713 1572 1769 1608 non
1782 1526 1841 1581 [Μ

68 1638 128 1692 tsn‘s
148 1640 361 1709 mmor!
379 1637 494 1695 Interim
513 1644 606 1694 tamen
624 1657 688 1696 eum
706 1640 752 1696 isti
771 1641 908 1712 θεομάχοι
934 1642 1064 1710 omnium,
1083 1649 1113 1695 at
1130 1649 1202 1696 oerts
1213 1643 1352 1695 maximae
1365 1642 1463 1712 partit
1474 1640 1672 1709 prorumpite
1684 1657 1769 1712 quam

68 1740 235 1781 commin
259 1722 339 1781 illum
363 1741 466 1797 susque
490 1726 580 1798 deque
597 1726 717 1783 habeant
746 1727 908 1794 (Sohmnlts.
932 1727 1034 1783 titubet
1052 1727 1150 1800 lingua
1168 1727 1319 1793 haeretice)
1337 1728 1538 1784 omninonobis
1550 1728 1768 1797 permodemns,

67 1817 144 1868 cont
170 1811 282 1868 mma.
312 1810 383 1883 disp.
416 1819 437 1869 l.
465 1829 492 1883 p.
524 1819 551 1868 1:
583 1814 749 1868 Auctoritas
775 1815 906 1869 eeclesiae
933 1814 1059 1883 msamois
1076 1814 1204 1884 alioquin
1221 1834 1239 1869 o
1253 1815 1331 1869 nobis
1347 1816 1524 1884 disseminat,
1543 1822 1678 1884 meatu
1690 1812 1769 1867 otri-

68 1897 240 1967 oatlols‘eae,
264 1900 307 1953 ad
327 1916 411 1969 pisam
427 1899 579 1954 stantsins
596 1908 747 1970 provocat,
773 1903 813 1955 sio
836 1919 906 1956 oom-
932 1906 1006 1953 stam
1036 1917 1085 1954 seu
1114 1901 1174 1954 Dei
1199 1900 1308 1954 msam
1341 1909 1406 1955 onte
1439 1901 1532 1955 orbem
1562 1902 1705 1954 conditam
1737 1917 1769 1953 en

63 1993 177 2057 parato
192 1994 247 2054 est,
273 1993 303 2038 at
319 1986 416 2041 antias
434 2003 515 2041 error
531 2004 565 2040 en
583 1987 663 2041 illins
681 1986 838 2043 testimonio
859 1988 907 2042 ‹le-
932 1987 1022 2057 meina
1035 1988 1133 2041 Patres
1151 1987 1309 2041 animantia
1327 1988 1464 2042 aetiam
1480 1987 1577 2041 edant
1597 1993 1624 2041 et
1636 1985 1771 2057 patribus

67 2074 224 2128 monetari
240 2091 296 2127 non
308 2073 425 2143 poerit),
443 2073 569 2144 inprimis
576 2089 642 2128 vero
657 2089 721 2128 cum
732 2072 801 2129 tides
812 2076 908 2130 nostra
932 2073 993 2126 iltis
1010 2074 1061 2126 snb
1088 2074 1116 2128 V.
1133 2074 1163 2127 T.
1184 2073 1299 2144 saepias
1316 2075 1493 2143 apparuise,
1513 2074 1570 2127 imo
1588 2071 1669 2126 itiam
1685 2088 1770 2125 anam

68 2176 126 2216 non
151 2158 252 2216 debeat
275 2158 374 2216 ultimo
391 2160 491 2215 resolvi
508 2158 538 2215 iu
555 2160 690 2216 ecdeeiae
706 2159 908 2230 auctoritatem,
934 2159 1026 2212 Deam
1058 2160 1150 2231 ipsias
1172 2168 1287 2229 patrem
1313 2167 1339 2213 st
1369 2159 1460 2231 ipsam
1492 2160 1625 2212 mandam
1653 2165 1679 2211 st
1708 2156 1771 2211 olio

70 2247 121 2303 sed
144 2246 174 2301 iu
190 2244 351 2317 empturas
372 2262 468 2302 sacrae
489 2246 630 2303 immotam
647 2245 819 2312 firmitatem,
843 2246 907 2302 idco
934 2245 1028 2299 omnio
1051 2246 1182 2316 Mncspr
1201 2263 1258 2316 per
1284 2262 1345 2300 sam
1356 2246 1465 2314 feriare
1483 2251 1508 2299 st
1525 2258 1705 2315 pomoque
1722 2258 1771 2297 eor

70 2331 233 2404 primarium
251 2347 285 2388 ao
303 2349 440 2388 summum
457 2332 524 2388 fidei
541 2332 754 2389 fundam0ntum
773 2350 828 2389 non
847 2338 907 2405 pot·
933 2331 1005 2385 aare
1022 2332 1149 2400 notuerit,
1167 2332 1322 2387 hominibus
1329 2348 1385 2403 per
1396 2349 1457 2385 cnm
1464 2332 1642 2401 potestates.
1660 2329 1771 2397 (Patres

70 2426 115 2474 est
131 2418 161 2473 in
178 2417 225 2474 illo
241 2417 376 2474 ecclesiae
392 2434 528 2475 musanen
545 2418 638 2475 statui.
933 2422 997 2473 ante
1014 2415 1150 2473 Nicenum
1168 2416 1316 2474 eonessium
1338 2435 1394 2472 non
1412 2416 1501 2472 solum
1517 2415 1702 2485 Photinianis,
1720 2415 1769 2472 ssd
1836 2478 1844 2495 ⁶
1908 2444 1912 2452 ·

111 2510 150 2561 16.
181 2510 205 2560 2.
236 2504 334 2576 Neque
356 2504 386 2559 id
407 2503 515 2561 inficias
537 2504 624 2570 imus,
657 2505 732 2578 quod
755 2520 907 2560 comensns
934 2504 1016 2559 etiam
1025 2503 1138 2559 Arianis
1150 2503 1353 2574 conuadiount,
1370 2503 1521 2572 idestnen
1530 2503 1620 2558 solum
1631 2506 1770 2558 testantur

71 2590 205 2648 ecclesiae
221 2590 378 2663 primitivae
397 2591 500 2663 opponi
522 2591 611 2664 possit
634 2609 668 2647 ac
686 2591 788 2648 debeat
804 2592 907 2647 meanis
933 2589 1036 2644 Filium
1060 2597 1124 2646 ante
1149 2608 1227 2646 suam
1244 2590 1462 2647 incarnationem
1481 2589 1511 2645 in
1528 2589 1562 2646 V.
1581 2586 1615 2644 r.
1632 2587 1770 2645 exstitisse

70 2678 129 2733 illis
150 2676 368 2733 sdvmsariorum
392 2676 573 2746 clamoribus,
603 2677 704 2751 quibus
726 2683 848 2734 nostram
872 2679 907 2734 dc
933 2693 967 2731 ac
991 2677 1083 2732 omnia
1101 2695 1151 2750 per
1169 2677 1260 2750 ipsura
1279 2694 1339 2733 esse
1358 2677 1477 2746 condita,
1498 2676 1549 2732 sed
1566 2675 1651 2732 etiarn
1668 2674 1706 2732 ab
1723 2690 1769 2731 ae·

69 2762 195 2818 moines
225 2763 423 2819 confessionem
451 2763 583 2819 novitatis
612 2780 756 2835 accusas,
787 2764 843 2819 imo
871 2765 908 2818 ab
933 2768 1012 2818 terno
1029 2779 1062 2818 er
1072 2763 1164 2819 Patris
1181 2764 1302 2821 essentia
1317 2763 1410 2836 ipsum
1428 2780 1489 2820 esse
1505 2761 1768 2836 genimrnetunnnr

70 2848 236 2904 antichristo
253 2852 382 2904 Rornano
409 2851 441 2903 in
465 2849 609 2904 secudans
634 2851 824 2905 introductam
848 2868 907 2905 esse
933 2866 996 2904 cum
1013 2849 1099 2906 Patre
1114 2850 1205 2907 Deum
1226 2868 1287 2908 esse
1303 2857 1437 2921 assemnl,
1455 2856 1486 2905 nt
1504 2850 1535 2905 in
1550 2854 1632 2905 treet
1652 2849 1687 2903 de
1705 2847 1769 2904 Deo

69 2951 195 2991 merem
211 2952 265 2991 non
280 2941 418 2991 verentur.
437 2935 549 2992 catech.
561 2936 766 2992 Racov.(}erm.
783 2937 814 2992 in
826 2955 904 3010 prae
932 2936 1018 2992 Patre
1039 2942 1068 2991 et
1084 2936 1157 2993 rino
1182 2935 1210 3014 ἕ.
1232 2944 1288 2995 162.
1312 2938 1441 2994 adductis
1463 2937 1587 3008 ipsorum
1602 2933 1767 2990 tutimoniis

70 3023 120 3078 fet
145 3022 183 3078 ad
205 3023 283 3078 acad.
319 3023 472 3095 Witeberg.
495 3041 522 3094 p.
541 3029 565 3079 2.
592 3022 645 3078 fac.
671 3024 699 3080 b.
717 3023 783 3078 Pari
802 3025 904 3097 impru-
932 3023 1122 3088 ostendimus,
1158 3023 1260 3096 quibus
1299 3024 1380 3094 plura
1426 3021 1563 3094 ejusmodi
1605 3037 1639 3077 ex
1674 3020 1767 3092 Ignat.

68 3109 167 3165 dantia
189 3109 305 3165 ministri
321 3109 521 3181 irmnylvmi
538 3108 586 3164 lib.
605 3115 629 3165 2.
648 3125 672 3164 c.
689 3115 713 3165 6.
733 3117 838 3182 patres,
857 3113 904 3183 qni
931 3108 1009 3179 epist.
1037 3110 1074 3165 ad
1096 3108 1246 3174 Trallian,
1275 3111 1311 3165 sd
1335 3109 1474 3180 Philipp,
1503 3109 1540 3163 ad
1570 3107 1678 3181 Styra
1709 3105 1767 3162 lre·

68 3202 135 3252 ante
157 3195 304 3251 concilium
321 3196 458 3253 Nicenum
482 3196 604 3264 inerunt,
640 3197 790 3264 Ipnadom,
814 3199 904 3252 Justi·
930 3211 1001 3251 nseo
1027 3195 1076 3253 lib.
1105 3201 1128 3252 3.
1157 3196 1220 3250 adr.
1248 3196 1353 3252 haeres.
1382 3212 1442 3267 cap.
1471 3200 1495 3250 6.
1527 3212 1554 3268 p.
1578 3199 1635 3250 176.
1660 3192 1765 3250 Justin.

67 3301 143 3351 nean,
161 3284 318 3348 Irenaeum,
339 3283 551 3350 Tertullianum,
570 3281 751 3353 Oppi-ionem,
769 3289 823 3341 etc.
840 3302 904 3341 snos
930 3281 1002 3352 apol
1029 3287 1053 3337 2.
1077 3298 1128 3352 pro
1149 3280 1250 3337 Christ.
1272 3301 1300 3355 p.
1323 3287 1364 3339 tt.
1385 3287 1412 3337 ct
1432 3287 1474 3337 st.
1493 3286 1571 3337 utet
1588 3284 1630 3337 26.
1652 3279 1682 3335 ia
1700 3278 1766 3334 dial.

66 3375 185 3442 putant,
202 3368 324 3440 reliquos
341 3369 393 3425 etsi
412 3368 465 3424 sibi
479 3370 631 3424 contrarios
642 3369 790 3435 fateantur,
810 3376 904 3426 umen
929 3384 993 3422 cnm
1016 3367 1124 3438 Tryph.
1150 3385 1177 3439 p.
1197 3373 1255 3423 tot.
1279 3369 1308 3424 in
1328 3369 1386 3422 ixa.
1408 3382 1483 3424 naor.
1508 3385 1535 3438 p.
1561 3372 1619 3424 666.
1665 3365 1769 3423 Serere

66 3455 227 3512 mamonis
243 3456 369 3526 nutarit,
399 3455 599 3524 Chrysostomi,
619 3457 775 3521 Ambrosii,
793 3456 904 3527 Oprilli,
930 3453 1100 3525 partriarcbj
1127 3453 1279 3511 Alexandr.
1299 3454 1347 3510 lib.
1371 3454 1468 3510 derit.
1487 3453 1565 3524 bapt.
1583 3459 1612 3509 et
1629 3468 1767 3526 synaxeos

68 3543 238 3612 Hieronymi
260 3550 287 3596 st
304 3544 457 3611 Aepostini
471 3542 559 3598 citant
576 3550 673 3598 contra
688 3560 746 3612 nos,
764 3550 796 3599 ut
812 3549 904 3600 osteu-
930 3558 957 3611 p.
977 3545 1018 3596 86.
1036 3538 1174 3612 Athonag.
1195 3541 1224 3595 in
1241 3541 1349 3613 apolog.
1376 3541 1460 3596 clem.
1479 3540 1559 3596 Alex.
1579 3541 1609 3595 in
1632 3545 1765 3612 protrept

67 3630 138 3684 dant
152 3635 247 3700 patres
263 3628 316 3683 sibi
333 3629 400 3700 ipsis
414 3627 620 3686 contradixisse.
634 3628 707 3683 Ann.
725 3636 798 3686 1666.
813 3630 904 3687 Albae
930 3628 967 3681 ad
989 3634 1064 3699 gent.
1083 3626 1214 3698 Cyprias.
1239 3629 1275 3683 de
1298 3626 1363 3683 idol.
1388 3627 1473 3683 venit.
1492 3626 1571 3699 Orig.
1594 3627 1668 3683 bom.
1688 3633 1712 3685 6.
1736 3627 1766 3683 in

66 3716 163 3773 Juliae
179 3731 296 3770 mensus
313 3721 355 3771 est
372 3713 483 3770 libellus
503 3715 537 3769 de
554 3714 790 3771 mediatorisJesn
802 3716 904 3773 Christi
930 3713 1018 3771 Exod.
1046 3712 1164 3786 adjungi
1190 3717 1328 3784 possunt.)
1370 3714 1411 3773 Ut
1437 3720 1531 3769 autem
1557 3719 1683 3785 petrum,
1717 3714 1766 3786 qui

67 3801 187 3858 bominis
205 3801 362 3872 divinitate,
386 3802 414 3855 in
438 3802 520 3872 cnjus
542 3817 566 3855 c.
584 3805 608 3857 8.
630 3801 710 3856 initio
728 3801 765 3857 ab
783 3802 903 3874 Origene
931 3806 995 3856 ante
1013 3799 1150 3856 Nicenum
1174 3800 1320 3855 concilium
1339 3800 1481 3865 merant,
1503 3800 1668 3873 suffragines
1691 3801 1767 3857 Soci-

66 3889 144 3944 facto
167 3893 345 3944 recensentur
368 3893 508 3956 auctores,
526 3886 575 3959 qui
594 3886 760 3943 Photiniano
778 3888 903 3960 dogmati
931 3901 983 3938 nur
1007 3884 1061 3940 sibi
1086 3901 1143 3939 non
1164 3885 1250 3943 audet
1271 3886 1426 3956 vindicare,
1449 3887 1490 3943 ita
1514 3886 1602 3942 multo
1619 3886 1710 3941 ninus
1729 3887 1766 3943 ab

67 3976 113 4031 ost
132 3976 238 4029 directe
257 3975 301 4029 nel
320 3974 496 4044 selmon
512 3975 543 4027 in
561 3981 647 4028 totam
663 3974 708 4027 ool
724 3990 757 4028 ea
770 3984 856 4045 parts
874 3975 903 4030 iu
931 3970 973 4041 iis,
991 3972 1040 4043 qui
1058 3979 1123 4043 poet
1137 3973 1284 4028 concilium
1301 3973 1371 4029 illud
1389 3973 1524 4043 vixerunt,
1542 3973 1649 4046 aliquid
1667 3990 1697 4029 se
1716 3973 1765 4028 lm·

67 4060 186 4117 articulo
209 4060 245 4115 de
268 4059 392 4115 trinitate
417 4060 592 4116 aasemerint.
636 4059 783 4115 Scbmalta.
807 4067 905 4118 conns
930 4064 1103 4129 petraturum
1123 4058 1250 4127 contidit,
1274 4060 1315 4115 ric
1332 4060 1406 4116 onim
1422 4060 1629 4131 indispar:
1651 4064 1765 4130 Depo·

67 4148 180 4203 Pruna.
197 4164 224 4218 p.
245 4152 291 4202 10:
312 4147 483 4216 Propsdiem
502 4146 666 4200 moenem
685 4147 741 4201 etta
760 4149 903 4201 abmrdis-
931 4146 1032 4211 tribas,
1059 4147 1110 4214 qai
1129 4153 1195 4215 post
1212 4147 1350 4214 feserunt,
1375 4164 1431 4200 non
1448 4155 1498 4212 est,
1516 4149 1594 4216 qood
1611 4146 1766 4217 prsidquam

65 4236 142 4289 rima
159 4233 244 4287 amat
261 4241 287 4286 st
302 4232 464 4297 salamina
482 4235 517 4285 de
535 4233 595 4286 Dei
614 4233 733 4287 emendo
753 4234 851 4302 opinio
870 4252 904 4288 ao
931 4233 1071 4296 dicamas,
1096 4249 1157 4285 nrm
1177 4248 1228 4286 nos
1245 4240 1343 4286 contra
1360 4233 1425 4302 ipsa
1442 4234 1649 4303 quodammodo
1662 4248 1766 4302 perpe·

66 4338 105 4376 ea
137 4321 237 4383 mesra
267 4327 308 4372 cat
339 4320 375 4373 ds
404 4319 540 4372 ninitatis
572 4321 700 4388 dopmnis
728 4319 903 4385 eomtimmio,
930 4325 976 4370 tao
994 4319 1182 4388 ‹Espntemam
1199 4335 1360 4388 quonam
1377 4336 1409 4372 en
1426 4319 1512 4389 speia,
1528 4318 1684 4388 praeos'pu
1699 4335 1764 4373 earo

65 4406 164 4477 quatis
186 4414 226 4460 est
249 4405 333 4459 bodie
354 4406 426 4459 inter
448 4405 624 4473 svanpsiioor
647 4409 683 4460 ds
708 4406 797 4461 missa
810 4408 904 4476 ponti·
930 4403 1099 4473 enliilars‘o,
1115 4403 1205 4458 malta
1224 4405 1353 4473 depromi
1365 4413 1486 4475 poseant
1502 4422 1565 4458 m
1582 4404 1714 4474 opinim
1730 4405 1766 4459 de

59 4493 143 4564 fioia,
165 4494 201 4546 de
215 4491 385 4561 parpatorio
406 4498 432 4544 et
450 4491 519 4545 otiis
537 4492 700 4562 hujusmodi
712 4494 801 4562 napis,
819 4512 904 4547 unnim
933 4489 1042 4545 Olsrieto
1067 4498 1093 4546 et
1109 4490 1242 4561 personis
1264 4492 1420 4546 dininitats‘r
1443 4492 1527 4560 culpo
1544 4491 1629 4546 leodis
1651 4498 1767 4561 recepta

65 4579 136 4634 naec
158 4579 253 4632 omnio
277 4586 418 4631 canorem
437 4577 546 4645 liabent,
567 4579 771 4632 Antichristnm
789 4579 902 4634 scilicet.
931 4576 1042 4630 minime
1064 4586 1248 4631 consentanea
1272 4577 1368 4644 (audet
1392 4594 1442 4650 per
1458 4576 1660 4633 intolerabilem
1676 4576 1765 4648 impu·

64 4664 174 4721 Theod.
186 4662 393 4735 Schimbcrgine
407 4663 436 4717 in
448 4663 566 4734 praefat.
580 4663 690 4720 refutat
711 4663 813 4720 Carolii
824 4682 903 4737 prae
930 4663 1052 4719 dentiam
1069 4663 1171 4718 Hilarii
1195 4662 1360 4737 suffragium
1381 4663 1435 4719 ribi
1460 4663 1614 4734 vindicare,
1641 4680 1706 4719 can
1722 4671 1765 4720 ta·

64 4751 124 4808 lixa
141 4751 162 4806 f.
183 4757 227 4807 11:
246 4752 434 4814 Manifestum
452 4760 492 4804 est
511 4752 648 4805 trinitatis
666 4753 769 4820 dopmo
787 4760 813 4805 st
832 4754 902 4806 dioi-
929 4767 993 4806 men
1019 4756 1050 4805 12
1074 4749 1160 4805 libros
1177 4766 1227 4821 pro
1245 4750 1414 4806 monada
1431 4750 1566 4807 trinitatis
1581 4750 1712 4823 dogmate
1730 4768 1764 4807 er

64 4839 182 4893 nitatem
204 4838 278 4892 diiii
301 4856 358 4891 non
382 4854 441 4891 esse
466 4854 547 4889 soros
568 4837 638 4907 fidei
659 4838 809 4904 anmatos,
835 4840 903 4908 qnia
928 4836 1053 4907 professo
1071 4835 1228 4907 scripserit3
1253 4836 1331 4893 ridet
1348 4837 1466 4895 Sncinns
1483 4837 1512 4892 id
1529 4837 1622 4908 ipsum
1637 4836 1691 4893 sibi
1709 4837 1764 4894 ier·

64 4933 132 4981 sant
154 4924 343 4993 impossibilia
368 4924 479 4990 nmen,
505 4924 570 4976 ideo
596 4924 627 4977 in
642 4923 689 4975 ssi
704 4923 819 4976 nerins
838 4933 903 4978 rant
928 4923 1033 4978 tissime
1051 4923 1199 4991 adversari,
1223 4923 1286 4980 ideo
1304 4923 1409 4994 addit),
1430 4941 1502 4995 psas
1521 4925 1601 4979 natio
1613 4933 1701 4994 poeto
1718 4926 1764 4979 di·

65 5011 231 5082 Ναερλεεια
253 5011 386 5078 dopmata
403 5026 436 5062 ea
454 5011 510 5062 insa
529 5027 607 5077 orco,
630 5026 683 5078 per
695 5009 791 5076 filiam
804 5012 901 5079 perdi·
927 5011 1042 5064 launna
1061 5027 1116 5080 per
1144 5011 1315 5079 testimonia,
1344 5028 1417 5081 qaae
1445 5028 1479 5064 en
1504 5011 1576 5080 ipsis
1602 5012 1765 5067 mensarii

65 5099 154 5154 tionie
189 5097 292 5151 oirtrste
328 5095 452 5150 &tonas
482 5095 607 5149 oerore
628 5097 751 5163 pontiam
779 5096 902 5150 obtruso.
928 5097 1023 5154 citant.
1059 5097 1143 5151 Nan
1165 5099 1238 5151 enim
1258 5104 1345 5166 vetat,
1369 5097 1436 5165 prin
1456 5098 1511 5150 sibi
1529 5098 1601 5168 ipris
1619 5099 1763 5153 oonbadi

66 5185 100 5240 F.
130 5188 170 5239 lt.
197 5181 290 5250 addit,
325 5181 479 5236 trinitatem
509 5197 568 5234 erse
600 5181 709 5236 idolam
734 5182 905 5236 Antichristi
928 5191 1003 5247 cont,
1024 5191 1055 5237 st
1072 5184 1133 5238 iliis
1143 5186 1212 5251 fers
1230 5185 1348 5248 oceidit,
1365 5184 1415 5253 ost
1426 5184 1514 5250 salso
1533 5186 1668 5253 dopmnis
1685 5192 1763 5240 nen·

67 5277 92 5328 2.
107 5269 204 5326 'lbera
223 5274 246 5325 2.
282 5268 338 5324 Sed
363 5267 582 5323 medacissimam
604 5266 681 5322 illam
705 5267 903 5338 blasphemiam
928 5277 974 5323 ror
994 5272 1037 5332 (at
1054 5270 1116 5340 quis
1134 5272 1256 5340 patiatnr
1272 5269 1327 5324 sibi
1344 5270 1520 5341 persuaderi,
1538 5271 1613 5343 quod
1631 5270 1672 5343 pii
1687 5276 1763 5326 rata·

65 5362 197 5430 potenter
222 5354 349 5427 reprimit
372 5354 510 5410 unanimis
536 5351 788 5425 antiquissimorum
817 5355 902 5410 eccle-
914 5428 916 5435 y
928 5372 972 5409 res
990 5352 1059 5410 illud
1074 5355 1166 5426 ipsum
1183 5354 1245 5410 aliis
1260 5355 1289 5409 in
1306 5354 1510 5412 locisemm
1523 5356 1669 5425 sumn-ne
1687 5358 1764 5430 qnod

64 5443 126 5499 siae
142 5442 307 5514 scriptorum
324 5439 354 5495 in
376 5439 507 5495 trinitatis
525 5440 655 5512 dogmate
672 5439 819 5496 amerendo
838 5459 902 5497 con·
928 5440 1093 5513 exproiesso
1105 5441 1222 5514 integris
1232 5441 1311 5499 libris
1318 5443 1451 5500 adrasus
1463 5443 1683 5502 mammeas
1697 5461 1763 5502 esn-

64 5547 176 5599 mns,
193 5528 243 5600 qui
259 5528 322 5599 eius
339 5531 382 5583 ast
396 5524 566 5596 evidentiae,
589 5531 622 5582 ut
637 5542 690 5584 nec
708 5525 768 5598 ipsa
785 5526 902 5585 Sosims
928 5528 1039 5587 firmas
1061 5529 1248 5597 allaborntt)
1267 5528 1368 5601 W
1391 5546 1457 5586 rsro
1478 5530 1599 5589 sabaia
1616 5532 1707 5589 dinam
1724 5549 1763 5589 aa
