3984 6022
184 321 245 390 tto
736 409 738 421 ,
887 310 1010 381 Locos
1026 315 1173 414 samoe

184 486 281 535 eontra
301 478 448 534 Keckerm.
482 477 585 546 Aliqui
607 475 779 545 clamabunt,
808 494 851 530 me
876 478 1018 531 miomata
1044 496 1100 532 non
1128 477 1248 531 hominis
1277 476 1554 550 ratiocinationibus,
1586 477 1639 534 ceri
1666 476 1802 551 isiprimis
1831 494 1881 533 eu-

183 566 329 635 relipionis
359 563 571 617 dialccmoram
600 564 715 631 repulse
744 562 902 629 subiecisse.
950 565 1016 618 Non
1040 581 1138 633 presso
1164 582 1234 634 opus
1257 572 1296 618 cst
1314 565 1494 635 nmhojuuta
1510 566 1586 621 aaa
1602 568 1644 621 ad
1662 565 1752 634 ιιιιιιι
1769 572 1794 619 ιι
1812 582 1882 621 cra·

185 653 326 721 diffiteor,
345 652 397 703 ssd
415 651 476 719 quis
494 658 559 702 ιιιιι
577 666 618 702 mc
637 652 713 702 non!
747 649 784 703 Et
802 654 912 719 postea:
941 651 1016 703 Num
1042 651 1148 720 calum,
1177 653 1207 704 in
1232 651 1292 720 ispe
1317 653 1388 722 quid
1408 653 1564 722 scriptum?
1590 662 1637 708 cto.
1673 651 1827 709 Οιιοιιᾶιι
1850 650 1882 706 in

183 738 245 791 alia
279 745 320 790 est
354 737 457 790 υιιίιιι
486 735 684 805 philosophiae
719 743 802 804 atquc
837 736 1017 805 theolopiael
1041 736 1139 809 Instit.x
1155 753 1216 806 cap.
1237 743 1282 807 ts,
1300 756 1328 809 p.
1352 742 1412 794 too:
1437 739 1533 793 Nimis
1547 737 1739 810 periculam
1756 738 1835 801 forti
1849 737 1881 791 ιιι

182 822 325 877 Mundum
342 838 402 875 csse
420 839 452 875 cs
469 821 558 874 nihilo
579 822 733 890 conanum,
755 821 906 889 theolopice
923 839 1016 876 aarum
1042 841 1072 877 re
1089 832 1147 877 tam
1167 826 1269 892 ardua,
1288 826 1421 880 nimirum
1438 827 1552 895 qnando
1570 827 1606 880 dc
1621 826 1689 895 uita,
1706 825 1764 880 ιἰιο
1782 825 1819 879 de
1835 841 1881 880 oa·

182 909 284 973 audio,
303 909 420 976 falsum
438 907 639 977 philosophice.
677 906 736 961 asa
749 923 853 975 napae,
883 908 1018 978 nunquid
1042 910 1098 963 late
1125 919 1239 964 aeterna
1264 911 1385 966 hominis
1404 912 1498 980 apitar
1519 910 1601 983 (puta
1617 911 1646 966 in
1665 909 1829 984 quaestione
1846 909 1881 965 (le

181 995 293 1049 scholas
309 995 416 1050 dicunt.
443 995 491 1047 Ito
507 1011 601 1047 oerum
621 994 674 1047 erit
692 1002 717 1046 et
728 993 850 1062 salsum,
867 1001 892 1046 ct
910 1002 1015 1047 contra
1042 994 1187 1050 haereticis
1204 994 1413 1064 interficiendis)
1439 997 1575 1051 hantonae
1593 997 1701 1052 rationi
1717 1005 1745 1052 a
1761 996 1881 1051 arbitrio

185 1080 431 1135 Gondrodiasonis
451 1098 524 1148 pars
547 1088 665 1149 atraque
686 1095 753 1132 uero
778 1087 803 1132 ct
819 1079 915 1146 salsa.
951 1080 1016 1132 Non
1042 1084 1189 1146 ccrrfidcre.
1220 1082 1340 1149 Sohmal.
1365 1083 1400 1138 de
1426 1082 1481 1137 div.
1499 1081 1601 1139 Christi
1625 1099 1692 1155 pag.
1716 1087 1765 1139 et:
1796 1081 1882 1137 Dosi-

178 1169 267 1238 pndet
285 1168 370 1221 hortos
386 1167 455 1220 istos
475 1166 561 1219 atteri
572 1166 672 1218 harum
683 1166 919 1218 nobilissimarum
930 1165 1016 1218 scien-
1043 1177 1110 1222 nant
1132 1169 1162 1222 in
1183 1169 1347 1238 hspusmodi
1369 1171 1451 1223 rebus
1468 1171 1498 1224 in
1516 1171 1614 1225 modos
1636 1168 1796 1238 inquirere,
1820 1168 1881 1238 qai·

182 1255 284 1307 tiaram
302 1261 408 1306 tamam
426 1253 597 1321 ignominiae
614 1260 709 1304 rictam
727 1253 845 1306 inurere.
1043 1255 1091 1307 hm
1108 1257 1187 1309 Deus
1205 1273 1270 1309 usus
1289 1263 1327 1309 est
1345 1265 1370 1310 ct
1389 1273 1458 1325 qnos
1474 1264 1505 1308 nt
1522 1256 1725 1323 ipsocoremas,
1746 1271 1809 1310 euos
1824 1271 1881 1309 rios

216 1347 273 1397 ιιι.
295 1339 351 1396 Sed
368 1339 442 1393 enim
461 1338 571 1408 quando
588 1338 640 1392 hoc
658 1343 741 1408 pacto
757 1336 917 1392 Photiniani
934 1335 1017 1391 retio-
1042 1341 1101 1396 sine
1119 1360 1205 1395 rausa
1222 1342 1341 1396 volnere
1358 1344 1536 1396 statuendum
1552 1350 1600 1397 ert.
1630 1342 1753 1397 Discunt
1770 1341 1881 1412 ιιιιιιι

182 1441 245 1480 nem
262 1442 340 1481 suam
355 1424 479 1495 judicem
496 1424 526 1478 in
543 1424 656 1478 summis
673 1423 739 1479 fidei
752 1423 890 1494 mysteriis
902 1422 1015 1491 iaciunt,
1042 1445 1117 1481 scere
1141 1428 1171 1481 in
1193 1429 1358 1482 testimoniis
1383 1446 1530 1483 samaram
1549 1428 1696 1482 literasum
1713 1426 1882 1493 manifssa'c.

182 1512 376 1568 ιοιιιιιιιιιιιιιι
403 1517 426 1565 ι.
446 1511 626 1579 Scripturas,
646 1526 718 1581 quae
735 1516 866 1578 testatur,
883 1509 1016 1563 rationem
1041 1511 1120 1568 Idem
1162 1519 1259 1568 souma
1293 1513 1405 1573 Frenis,
1447 1532 1475 1585 p.
1517 1518 1580 1570 265:
1626 1513 1763 1568 Ostendat
1801 1512 1881 1568 noha

181 1599 330 1654 humanam
347 1602 412 1670 post
427 1599 536 1669 lapsum
553 1597 583 1651 in
599 1596 785 1668 dijudicandis
798 1595 864 1652 fidei
877 1594 1023 1666 mysteriis¹
1042 1599 1191 1653 lhantsius
1209 1616 1241 1652 ea
1257 1600 1348 1652 sacris
1366 1599 1456 1653 literis
1473 1617 1540 1653 ιιιιιι
1558 1599 1702 1669 opinionon
1719 1606 1747 1654 et
1763 1616 1817 1654 nos
1832 1615 1879 1655 eus

182 1702 243 1742 esse
271 1702 396 1753 ιιιιιιιι,
427 1702 550 1739 amorum
580 1684 699 1754 cahgine
725 1683 909 1750 obtruncatam,
938 1681 1015 1752 igno·
1038 1702 1094 1753 pro
1124 1685 1207 1739 certis
1232 1687 1429 1755 recipiemus,
1449 1686 1560 1739 etiamsi
1587 1687 1726 1741 rohonem
1755 1693 1878 1741 nossa

181 1771 289 1827 rendae
317 1770 438 1826 tenebris
469 1770 652 1840 implicatam,
686 1769 820 1824 facultate
845 1767 1017 1839 percipiendi
1042 1779 1177 1840 supeant.
1215 1769 1255 1838 (Si
1280 1770 1340 1840 illa,
1368 1788 1441 1842 quae
1464 1787 1497 1826 cr
1521 1771 1606 1827 sacra
1627 1771 1715 1827 literis
1732 1769 1876 1842 profanu·

182 1860 278 1913 divina
300 1858 433 1930 mysteria
455 1856 540 1912 etde
564 1855 619 1910 illis
642 1856 816 1925 dijudicandi
832 1855 915 1926 plane
932 1853 1016 1909 dati·
1042 1865 1101 1926 tur,
1132 1857 1292 1928 recipienda
1317 1863 1394 1926 sunt,
1432 1857 1539 1913 etiamsi
1572 1856 1708 1913 udonem
1741 1862 1877 1930 superma

182 1953 284 2013 tutam,
312 1944 412 1998 divinis
439 1942 577 2013 mysteriis
600 1951 802 2015 repugnantem
820 1950 848 1998 et
864 1941 1015 2007 adranam,
1043 1959 1109 2014 ergo
1128 1943 1223 1998 divina
1240 1943 1371 2014 mysteria
1389 1942 1419 1998 in
1435 1943 1538 1999 literali
1555 1943 1703 2000 verborum
1718 1961 1806 2001 sensa
1818 1960 1876 2019 pro

166 2048 217 2086 *ac
240 2030 356 2102 proinde
379 2029 431 2084 sub
454 2029 618 2100 obsequium
634 2029 736 2084 Christi
753 2028 963 2098 aspirandum,
986 2034 1017 2081 ιιι
1042 2030 1134 2100 posita
1158 2037 1224 2085 sunt
1248 2029 1304 2085 fide
1329 2030 1514 2101 acceptanda,
1540 2046 1597 2086 non
1619 2037 1712 2085 sutem
1736 2027 1877 2103 principiis

169 2117 352 2173 ostendimus
376 2115 502 2187 superins
526 2113 555 2190 ξ.
574 2124 632 2172 tte.
669 2120 696 2169 2.
721 2116 920 2184 reperientiac,
946 2131 1017 2185 quae
1043 2115 1157 2171 rationis
1175 2115 1384 2187 oppugnanda.)
1408 2121 1432 2171 2.
1451 2120 1564 2187 negant,
1581 2116 1642 2171 dari
1660 2116 1786 2188 aliquam
1801 2123 1877 2173 natu·

183 2209 314 2272 metatur,
336 2203 471 2257 rationem
492 2203 641 2257 humanam
664 2201 824 2272 sequacium
846 2218 959 2273 suorum
976 2218 1016 2255 se·
1042 2203 1128 2258 talem
1145 2201 1200 2258 Dei
1217 2201 1374 2256 notititiam
1406 2199 1559 2257 Ostorod.
1542 2219 1580 2259 ,ιιι
1596 2200 1687 2259 Instit.
1704 2220 1731 2258 c.
1751 2209 1776 2261 1.
1793 2221 1822 2274 p.
1835 2207 1877 2258 m.

183 2291 336 2345 ductricem
359 2289 445 2345 fuisse
467 2289 623 2361 pessimam.
657 2288 743 2343 Primi
760 2294 889 2358 parentes
908 2287 1017 2341 seducti
1046 2290 1126 2352 Quod
1144 2288 1267 2341 homines
1286 2290 1322 2342 dc
1341 2290 1405 2342 Deo
1423 2289 1466 2342 sel
1483 2288 1629 2344 ἀιιιιιιιιιιι
1649 2290 1767 2359 aliquid
1782 2289 1877 2358 sdan,

180 2377 287 2449 judicio
308 2376 423 2431 rationis
445 2376 481 2430 ab
504 2392 633 2446 expromo
656 2374 710 2429 Dei
737 2374 822 2430 verbo
848 2373 1016 2443 deiecerunt,
1042 2375 1094 2428 hoc
1119 2392 1176 2428 non
1198 2368 1299 2429 haberit
1326 2392 1357 2429 cu
1381 2383 1499 2444 natura,
1525 2392 1574 2429 nec
1597 2392 1630 2431 sa
1655 2375 1877 2432 cmuidernticse

182 2465 247 2519 inde
266 2463 406 2535 apostolus
424 2462 581 2516 Corinthios
598 2478 663 2516 suos
680 2466 884 2532 praemonett.
901 2460 962 2515 Cor
978 2467 1017 2528 ιι,
1043 2471 1252 2525 creaturarum,
1279 2463 1331 2514 sed
1353 2478 1385 2514 cs
1408 2461 1522 2530 ιιιιιιιιι,
1547 2464 1627 2516 Dera
1651 2463 1687 2516 ah
1712 2461 1799 2517 initio
1821 2477 1877 2517 sess

183 2568 208 2605 v.
226 2556 254 2606 3:
287 2551 396 2619 Timeo,
421 2565 469 2611 nc,
497 2549 568 2601 sicut
594 2565 708 2617 serpens
727 2550 818 2601 anm
835 2548 946 2600 redusit
963 2566 1017 2600 sua
1043 2549 1197 2602 hominibus
1220 2547 1421 2610 manifestavit.
1455 2547 1495 2600 At
1519 2546 1543 2602 si
1567 2547 1640 2603 ratio
1658 2565 1716 2603 non
1732 2553 1827 2620 potet
1843 2546 1876 2603 ad

184 2637 302 2705 astutia,
329 2637 369 2689 sic
396 2643 421 2689 et
443 2643 661 2702 corrumpantur
685 2651 779 2687 senna
800 2634 886 2686 vestri
904 2642 931 2687 et
948 2635 1016 2687 esci·
1043 2634 1192 2706 aliqualem
1210 2632 1265 2687 Dei
1282 2632 1409 2687 notitiam
1426 2632 1482 2687 suis
1500 2632 1605 2688 viribus
1622 2650 1780 2706 malagma,
1801 2616 1877 2691 seint

184 2724 255 2775 durat
278 2739 297 2775 o
320 2721 512 2789 simplicitate,
539 2728 667 2790 quaeest
687 2719 717 2772 in
736 2719 856 2774 Christo.
891 2720 1017 2776 Naaman
1040 2721 1177 2792 judicium
1202 2720 1237 2774 de
1262 2718 1375 2773 summis
1403 2718 1469 2773 fidei
1486 2719 1624 2792 mysteriis
1642 2719 1685 2774 illi
1706 2718 1876 2778 tribuemus?

184 2808 279 2880 Syrus,
298 2807 478 2876 Nicodamus,
498 2806 619 2861 Thomas
637 2813 689 2861 etc.
709 2823 839 2861 sensuum
860 2811 888 2861 ιι
903 2807 1018 2861 rationis
1044 2816 1068 2864 3.
1094 2807 1181 2863 solam
1202 2805 1366 2877 scripturam
1390 2805 1487 2861 dicunt
1511 2823 1571 2862 esse
1593 2803 1660 2862 fidei
1682 2807 1827 2879 regulam,
1846 2823 1876 2863 or

184 2911 251 2950 suae
277 2894 415 2966 judiciam
443 2894 532 2949 mcuti
557 2893 587 2947 in
614 2893 697 2948 rebus
725 2893 825 2947 divinis
855 2893 1019 2948 aberrarunt
1044 2911 1100 2965 qua
1118 2894 1203 2948 etiam
1220 2894 1280 2961 sols
1297 2893 1331 2948 de
1349 2892 1432 2948 rebus
1452 2892 1553 2949 divinis
1571 2911 1601 2949 ιι
1619 2892 1768 2951 nobiscum
1788 2894 1875 2966 dispu-

184 2981 351 3052 turpissime.
385 2979 527 3035 Haeretici
543 2978 659 3034 Βοιιιιιι.
683 2986 727 3044 16,
753 2997 779 3033 r.
804 2984 835 3035 ts
861 2978 900 3033 sic
918 2978 1018 3033 descri-
1044 2988 1102 3035 tare
1128 2980 1199 3037 velle
1226 2980 1387 3052 gloriantur.
1434 2978 1524 3035 Sosin.
1551 2979 1581 3035 in
1608 2979 1717 3036 ιιιιιιιι.
1742 2980 1875 3037 animadv.

184 3069 302 3134 buntur,
334 3068 409 3140 quod
437 3084 487 3138 per
507 3069 711 3138 χρηστολογίας
739 3070 785 3120 και
813 3064 940 3136 εὐλογίας
962 3083 1018 3135 per
1044 3072 1140 3122 conas
1156 3067 1321 3138 Eutropium
1345 3085 1371 3138 p.
1396 3074 1441 3123 te:
1468 3070 1517 3122 Ea
1539 3066 1702 3122 Christiano
1720 3067 1829 3123 homini
1845 3068 1876 3121 ds

183 3173 283 3211 suaves
308 3171 448 3209 semones
471 3153 591 3208 rationis
612 3153 725 3222 judicio
751 3153 879 3223 apprime
906 3154 1016 3217 confor-
1045 3156 1107 3209 Deo
1127 3155 1268 3209 credenda
1285 3161 1356 3223 siant,
1375 3153 1438 3207 licet
1455 3153 1564 3207 rationi
1579 3153 1672 3207 minus
1689 3161 1875 3218 coarmata,

183 3261 241 3297 mes
276 3244 413 3296 amarant
446 3243 535 3294 corda
568 3240 762 3305 innocentiam.
814 3239 918 3294 Contra
953 3256 1018 3295 vero
1044 3259 1115 3310 quac
1132 3241 1167 3294 ab
1184 3241 1246 3310 ipso
1259 3244 1321 3294 Deo
1339 3258 1394 3293 non
1412 3241 1525 3309 quidem
1540 3241 1691 3311 patefacta
1709 3256 1771 3296 esse
1784 3249 1876 3311 puta

184 3329 360 3385 Abrahamus
383 3329 413 3382 in
435 3345 514 3397 mem
537 3335 636 3382 contra
658 3344 734 3396 span
756 3328 878 3381 credidit
896 3326 976 3382 Rom
993 3335 1017 3396 ι,
1044 3336 1104 3394 tur,
1127 3328 1178 3380 scd
1195 3343 1293 3380 revera
1310 3327 1365 3379 sint
1383 3329 1539 3395 patefacta.
1575 3325 1699 3382 Piseoius
1717 3326 1748 3382 in
1765 3326 1875 3399 praeiet

184 3434 210 3470 s.
241 3419 280 3472 18.
315 3418 376 3469 nsc'
399 3414 586 3469 considaaoit
616 3430 718 3481 corpus
747 3431 829 3467 cunm
859 3423 1018 3483 emortuam,
1044 3429 1166 3484 respons.
1188 3412 1225 3468 ad
1243 3411 1363 3466 rationes
1380 3411 1525 3483 Campiani
1539 3412 1612 3468 Arii:
1644 3413 1757 3467 Veritas
1775 3415 1896 3468 ιιιίιιιιιΙ

184 3502 236 3557 hoc
259 3509 315 3572 est,
341 3518 397 3556 non
421 3508 533 3555 secutus
552 3507 594 3555 est
607 3501 744 3570 judicium
761 3517 828 3556 suae
848 3501 961 3555 rationis
983 3501 1017 3556 de
1044 3519 1106 3553 ram
1124 3519 1179 3554 non
1196 3518 1214 3552 a
1231 3507 1347 3567 natura,
1369 3518 1425 3553 non
1444 3518 1464 3554 a
1481 3518 1572 3567 semu,
1592 3517 1648 3553 non
1666 3518 1686 3553 a
1705 3500 1876 3554 ιιιονιιιιιιι

185 3589 401 3660 proprietatibus
420 3587 540 3657 corporis
558 3586 652 3641 effoeti
671 3595 698 3641 et
714 3587 822 3655 smilis,
842 3587 891 3642 sed
909 3588 938 3640 in
955 3605 1017 3657 pro·
1040 3586 1252 3657 philosophicis,
1272 3587 1323 3652 sed
1340 3603 1359 3637 a
1379 3587 1449 3654 Dco,
1468 3587 1520 3639 sed
1537 3586 1573 3639 ah
1592 3585 1718 3639 oraculis
1736 3593 1762 3638 et
1778 3585 1875 3653 lapibus

185 3676 314 3730 missione
331 3674 386 3728 Dei
402 3673 457 3727 fide
477 3672 605 3727 recubuit
624 3689 680 3727 non
697 3673 835 3728 haesitans
856 3672 1017 3727 diffidentia.
1045 3674 1148 3727 divinis
1173 3673 1314 3741 dependet.
1350 3671 1387 3723 Et
1404 3680 1515 3741 postea:
1543 3671 1593 3724 Ad
1610 3671 1702 3738 haam
1722 3670 1875 3725 diuinarum

186 3767 213 3816 3.
232 3762 346 3828 repulus
367 3761 480 3827 Chm’sti,
499 3760 695 3830 prophetarum
713 3767 741 3813 ιι
758 3760 953 3829 apostolorum,
970 3759 1017 3829 qui
1038 3762 1153 3827 firmam
1179 3767 1204 3812 et
1227 3758 1350 3834 solidam
1374 3758 1569 3811 anctoritatem
1590 3757 1728 3826 quicquid
1753 3764 1797 3811 est
1821 3772 1874 3809 cos-

185 3848 289 3919 ubique
311 3848 341 3901 in
363 3847 446 3901 rebus
471 3847 572 3900 divinis
589 3864 607 3899 a
620 3846 727 3916 judicio
746 3862 876 3900 sensuum
891 3854 920 3900 et
936 3845 1018 3898 ratio·
1045 3845 1243 3899 troversiarum
1272 3845 1302 3896 in
1333 3843 1468 3911 sclipione
1496 3842 1659 3896 Olsrrstiana
1689 3843 1874 3912 αρριιάιιιιι.

185 3936 228 3990 nis
249 3935 414 3990 adverbum
432 3951 482 3988 nos
501 3943 638 3988 revocant
658 3933 724 3987 Eos.
742 3940 790 4001 55,
809 3951 835 3986 v.
855 3941 884 3988 t:
907 3932 1018 3999 Copha·
1045 3931 1227 3988 Sohmaltuius
1263 3935 1359 3985 contra
1389 3929 1578 4000 Schopperum
1615 3946 1682 4000 pag.
1714 3934 1744 3984 3:
1786 3929 1874 3984 Soluto

184 4024 273 4076 tiones
295 4040 372 4076 meac
396 4040 451 4074 non
475 4029 539 4074 sunt
566 4022 637 4074 sicut
654 4029 770 4074 uestrae.
788 4018 871 4073 zach.
891 4024 919 4085 8,
941 4036 967 4072 v.
986 4025 1016 4073 6:
1047 4020 1222 4087 Scriptorum
1250 4034 1307 4070 esse
1327 4018 1401 4086 yidci
1424 4034 1551 4069 normam
1576 4023 1603 4069 et
1626 4016 1655 4069 in
1678 4015 1760 4068 rehtu
1780 4013 1875 4070 acne

185 4111 220 4165 Si
237 4111 347 4162 uidetur
366 4110 417 4162 hoc
434 4108 555 4174 difficile
574 4109 603 4160 ιἰι
622 4107 711 4164 oculis
726 4106 830 4174 populi
845 4106 937 4175 liujus,
954 4124 1018 4158 num
1047 4106 1212 4159 auctoritate
1239 4112 1344 4156 tantum
1372 4103 1470 4157 divina
1495 4103 1626 4157 standum
1651 4119 1723 4172 esse,
1751 4103 1875 4167 ancara

184 4197 256 4266 quid
275 4196 328 4250 erit
346 4195 466 4263 difficile
487 4195 517 4246 in
530 4193 624 4246 ‘oculu
643 4193 722 4262 ejus!
749 4190 848 4248 Matth.
870 4198 909 4259 19,
928 4208 953 4244 v.
972 4195 1018 4245 26:
1045 4211 1094 4245 aas
1118 4190 1270 4257 eoanpelici
1293 4197 1451 4244 constanter
1477 4188 1617 4243 nobiscum
1642 4189 1823 4242 contenditis
1846 4184 1874 4239 ln

184 4285 273 4352 Apud
301 4283 423 4335 homines
454 4280 506 4334 hoc
535 4287 575 4333 cst
604 4278 790 4347 impossihile,
822 4279 901 4346 apud
927 4278 1018 4330 Deam
1046 4276 1162 4348 praefat.
1186 4275 1234 4331 lib.
1258 4283 1355 4331 contra
1372 4275 1547 4331 Frentrium:
1575 4275 1642 4329 Sais
1661 4275 1796 4345 propriis
1819 4271 1874 4327 siti·

184 4379 277 4424 autern
311 4369 407 4425 omnia
432 4366 591 4438 possibilia.
635 4364 707 4435 Eph.
741 4370 770 4433 3,
802 4382 827 4419 v.
855 4369 900 4418 20:
939 4367 1018 4418 aaa
1045 4375 1092 4419 tur
1111 4364 1216 4419 Christi
1239 4364 1339 4432 calipto
1358 4364 1523 4433 principiis,
1547 4378 1597 4415 nec
1614 4362 1728 4417 alienas
1744 4363 1809 4432 spis
1824 4358 1875 4412 nso

180 4466 280 4526 potens
297 4464 338 4509 est
353 4473 438 4524 super
456 4455 550 4509 mania
567 4455 665 4518 facere
685 4451 929 4525 irreprehensam,
939 4452 1019 4520 plaa-
1046 4453 1128 4505 ιιιυιίο
1153 4451 1265 4516 ind-ipat.
1305 4449 1395 4520 Atqui
1418 4449 1441 4502 si
1464 4454 1572 4504 tantum
1596 4446 1694 4502 divina
1718 4446 1876 4503 amanam

184 4561 269 4612 mam
287 4543 476 4603 abundanter,
501 4557 591 4609 supra
615 4557 697 4607 quam
715 4538 838 4608 petimus
855 4538 899 4591 ael
918 4537 1018 4590 intelli·
1045 4538 1074 4590 in
1091 4536 1173 4591 rebus
1192 4535 1291 4589 divinis
1309 4535 1448 4604 standum,
1468 4551 1518 4589 cur
1537 4549 1603 4604 ergo
1621 4549 1655 4588 ex
1674 4532 1791 4589 rationis
1809 4530 1874 4603 prin·

184 4631 281 4697 pimus.
308 4627 412 4682 Coloss.
431 4633 455 4695 2,
474 4644 501 4683 v.
521 4631 551 4681 8:
579 4624 681 4692 Videte,
702 4642 735 4677 ne
756 4624 818 4692 qais
836 4641 884 4676 uos
902 4624 1018 4691 deprae·
1045 4623 1124 4694 cipiis
1149 4622 1183 4676 de
1209 4621 1308 4675 divinis
1332 4621 1470 4693 mysteriis
1492 4619 1630 4691 judicium
1647 4618 1777 4675 iaciunt?
1805 4625 1831 4675 t.
1844 4630 1876 4671 ne

185 4717 267 4769 detur
286 4732 341 4783 per
355 4713 572 4783 philosophiam.
602 4716 625 4764 t.
644 4710 802 4778 sibiipsis,
822 4708 934 4780 quidem
952 4724 1018 4778 qua·
1046 4709 1160 4780 quidem
1194 4707 1348 4762 discursum
1383 4706 1497 4762 rationis
1531 4707 1560 4761 in
1595 4705 1749 4775 Scriptura
1785 4702 1875 4761 aaa·

185 4801 355 4873 drupliciter.
398 4801 471 4857 Nam
503 4805 525 4853 ι.
553 4798 665 4868 ipsimet
691 4795 805 4850 rationis
825 4794 964 4864 judicium
990 4794 1020 4848 in
1045 4803 1120 4865 tum,
1150 4801 1177 4850 et
1202 4811 1235 4849 ax
1264 4794 1319 4848 illis
1349 4793 1500 4848 deductum
1531 4790 1677 4847 admittere
1710 4792 1820 4863 volunt,
1849 4795 1877 4843 nt

184 4887 251 4944 fidei
278 4886 484 4959 quaestionibus
509 4883 664 4955 repudiant.
683 4882 774 4939 Socim
796 4882 825 4936 in
844 4881 924 4938 solut
945 4896 1019 4934 scru-
1048 4891 1145 4953 postea
1163 4879 1325 4951 apparebit,
1343 4888 1447 4950 quanto
1465 4879 1551 4950 igitur
1568 4879 1659 4933 minus
1678 4878 1797 4935 rationis
1812 4874 1876 4935 Stri-

84 4999 113 5041 11.
127 4995 172 5042 etl.
184 4977 242 5045 pul.
268 4992 339 5045 resp.
362 4975 407 5029 ad.
429 4979 469 5029 ιι.
490 4990 517 5042 p.
535 4979 583 5027 to:
609 4973 675 5024 Non
698 4977 762 5023 ιιιιιι
780 4969 840 5023 Dei
856 4970 1019 5037 imperscru-
1048 4978 1157 5039 pturam
1181 4985 1237 5022 non
1260 4966 1428 5022 consulentis
1448 4966 1586 5036 judicium
1610 4965 1647 5020 de
1668 4963 1737 5021 fidei
1761 4962 1877 5021 ιιιιιιιιιι

185 5064 285 5116 rabilia
301 5063 419 5130 judicia
444 5061 581 5113 humanae
600 5057 719 5111 rationis
739 5056 854 5109 modicia
872 5054 1019 5109 metienda.
1049 5055 1218 5111 audiendum
1235 5053 1339 5110 inerit?

184 5147 285 5202 Johsn.
314 5148 469 5204 Sommerus
494 5147 523 5202 in
547 5145 630 5201 refut
657 5144 690 5198 P.
717 5143 838 5199 Carolini
864 5162 893 5215 p.
921 5150 963 5200 50.
986 5141 1019 5196 b:
1083 5149 1140 5198 ιιι.
1173 5141 1368 5212 Expendamus
1395 5158 1460 5195 vero
1487 5138 1626 5194 axiomata
1652 5142 1681 5193 et
1710 5138 1877 5202 emblema

186 5235 251 5287 Non
267 5243 330 5290 sunt
349 5236 408 5290 Dei
424 5234 548 5287 actiones
567 5234 608 5287 ad
625 5233 766 5286 hominum
785 5231 899 5299 repnlas
916 5230 1019 5283 mami-
1048 5229 1148 5301 quihus
1185 5228 1345 5283 Photiniani
1388 5228 1417 5282 in
1459 5228 1512 5283 hac
1552 5224 1715 5298 quaestione
1753 5230 1877 5281 utuntur:

184 5322 304 5376 nondas
343 5317 524 5375 Eniedinus
516 5333 545 5371 m
563 5318 662 5389 explic.
682 5318 766 5373 locor.
786 5335 814 5388 p.
837 5321 900 5374 tte:
929 5317 1018 5370 Nemo
1049 5323 1070 5372 ι
1099 5313 1188 5370 Natio
1214 5317 1297 5369 niodo
1327 5332 1422 5369 oerum
1450 5331 1507 5368 esse
1528 5320 1634 5388 potest,
1665 5312 1714 5367 cui
1737 5312 1813 5367 ratio
1838 5325 1877 5363 rc·

183 5407 293 5459 aanor
316 5416 341 5461 st
353 5405 567 5478 philosophicos
590 5406 834 5477 contemplationes
852 5405 894 5458 ad
910 5402 1018 5471 simpli·
1040 5411 1158 5470 papnat
1189 5400 1273 5471 Resp
1297 5417 1354 5455 non
1376 5400 1498 5455 humana
1515 5397 1601 5463 ratio,
1626 5397 1676 5453 sed
1694 5396 1877 5460 divinarem

167 5508 241 5547 ,cem
264 5495 456 5562 apostotorum
479 5509 631 5549 cermonsm
652 5501 678 5546 ct
699 5491 859 5548 doctrinam
876 5488 1016 5558 mpacan-
1043 5488 1109 5543 latio
1127 5493 1169 5545 ιιι
1188 5487 1254 5543 fidei
1270 5486 1453 5559 principium
1471 5502 1523 5541 nec
1540 5502 1574 5540 ex
1593 5483 1745 5541 dinamius
1761 5468 1875 5539 rationis

183 5581 376 5655 dumafforot
412 5579 557 5638 Praeiator
573 5578 714 5637 liuisdini:
744 5577 829 5634 lars
847 5577 1015 5631 mmardaa
1043 5578 1078 5633 de
1101 5576 1168 5632 fidei
1196 5573 1319 5631 ιιιιιιιιιι
1343 5573 1544 5645 judicandum,
1572 5570 1642 5631 aliu
1666 5587 1734 5629 uos
1752 5566 1873 5643 ampliu
