3984 6022
731 289 784 345 DE
802 287 1018 346 scamaras
1035 290 1166 349 sacua
1495 360 1502 378 ⁹
1755 303 1796 363 aa

100 440 393 498 variantseutsutiaa
435 441 569 514 Origenes
592 441 642 498 lib.
668 451 691 500 t.
714 445 743 500 iu
760 443 864 501 Johuru
881 450 935 499 sta
949 444 1079 559 <lineales
1102 409 1245 504 abablvsrs
1269 447 1398 520 potuerit
1432 449 1551 520 Exque
1572 447 1721 520 colligunt,
1744 465 1800 506 nou
1820 480 1844 513 ,ς

97 526 165 596 tait,
199 526 319 595 Moyses
351 528 453 582 Horam
479 529 550 584 John·
574 531 655 600 apud
681 531 782 586 Jsttro
811 548 935 584 racemos
949 531 1087 612 iMoysen,
1105 534 1371 606 sedipsumJobum
1383 541 1447 604 post
1460 535 1651 592 liberationem
1664 535 1798 591 diviuitas

99 630 178 667 sama
204 615 236 667 s'a
262 615 380 668 Midias
406 615 551 669 messius·
567 633 601 669 ac
619 617 694 683 filiis
716 618 812 671 Iarat'l
831 633 934 687 propo·
948 617 1137 713 :impetratam
1156 637 1200 676 res
1218 638 1282 675 suas
1300 620 1387 674 literis
1399 619 1576 691 consignasse
1589 621 1681 692 adque
1696 621 1733 676 ad
1751 637 1798 692 po

98 699 200 767 ruisse,
226 707 257 753 ut
275 701 445 770 patientiam
470 718 503 754 eu
524 718 555 754 eo
582 702 732 772 dissaert,
761 719 818 774 qua
842 703 877 757 de
905 703 1115 791 relator-itatem
1125 706 1318 762 transmisisse.
1333 706 1439 762 Verum
1454 705 1595 760 dumeto
1609 707 1798 777 superinstrar
1890 704 1895 722 ¹

98 783 226 854 pluribus
258 791 362 841 trmtat
389 785 483 843 Sirtus
514 786 628 843 Sensus.
658 786 719 843 libr.
753 794 774 843 l.
804 788 935 847 Biblioth.
949 798 951 863 l
964 789 1023 844 dita
1040 791 1113 846 inter
1130 792 1219 863 prima
1235 792 1318 862 hujus
1336 791 1399 847 libri
1416 790 1581 859 rudimenta,
1603 797 1631 848 st
1647 791 1799 863 perfectam

97 886 163 941 pag.
188 877 213 926 9.
237 871 286 926 sed
312 873 468 927 monuimus
492 873 634 944 superius,
667 873 842 929 verisimilius
867 868 1088 947 essaiejusdem
1105 877 1320 934 elaborationem
1345 877 1410 932 huic
1435 876 1520 932 dubio
1541 877 1700 934 fatisfacsre
1717 894 1799 949 posse

99 957 174 1027 quod
194 957 305 1028 Moyses
330 958 367 1013 sit
389 957 596 1030 antiquissimus
619 959 736 1030 scriptor
753 960 825 1015 inter
841 979 935 1018 omnes
962 961 1079 1017 videmr.
1104 965 1142 1003 t*
1152 960 1253 1019 Graeci
1272 964 1400 1019 volumen
1416 962 1482 1019 Jobi
1504 960 1631 1019 dividunt
1644 963 1673 1019 in
1689 980 1750 1035 cap.
1765 970 1798 1022 32

98 1043 294 1099 canonicorum
316 1043 450 1100 librorum
475 1050 604 1101 auctores
626 1047 757 1117 quodque
774 1046 851 1102 Dsus
876 1048 935 1119 ipse
962 1047 1056 1102 latini
1073 1050 1103 1103 in
1114 1056 1153 1105 42,
1178 1050 1250 1106 Sunt
1267 1049 1360 1121 etqui
1377 1050 1453 1121 apud
1471 1047 1593 1106 Graecos
1610 1050 1641 1106 id
1661 1049 1753 1122 ipsum
1768 1050 1799 1107 iu

97 1137 248 1200 augustum
274 1129 431 1200 scriptionis
452 1130 602 1185 canonicae
619 1130 743 1196 initium,
767 1132 796 1186 iu
815 1133 935 1203 promul·
963 1139 995 1189 20
1022 1135 1160 1207 colloquia
1186 1135 1357 1192 distribuunt
1380 1135 1432 1190 hoc
1455 1135 1564 1190 ordine:
1600 1135 1654 1191 Dsi
1680 1136 1717 1190 ad
1740 1135 1798 1192 dia·

97 1215 211 1286 gerione
223 1215 374 1287 lagisauas
385 1215 490 1271 iecerit.
515 1215 549 1271 li.
569 1216 697 1273 Salomon
716 1219 809 1274 etalii
828 1236 861 1274 ex
879 1218 934 1273 He·
962 1219 1071 1290 bolum,
1098 1239 1192 1276 unum.
1220 1221 1286 1279 Jobi
1306 1222 1343 1276 ad
1365 1221 1468 1278 amicos
1486 1238 1592 1277 novem.
1628 1221 1745 1292 Eliphaa
1761 1222 1798 1279 ad

97 1301 190 1357 bracia
218 1300 309 1372 Moysi
331 1301 415 1372 hujus
439 1302 504 1356 libri
526 1303 703 1374 scriptionem
728 1304 862 1360 tribuunt
905 1304 934 1360 Si
961 1304 1065 1362 Jobum
1077 1307 1138 1362 tria
1160 1306 1268 1378 Saphar
1280 1308 1428 1364 adJobnm
1439 1307 1504 1362 duo.
1519 1307 1632 1364 Baldad
1646 1308 1798 1385 addebam

97 1386 171 1443 arim
198 1387 289 1442 «Iobus
321 1392 394 1443 esset
422 1387 506 1459 hujus
534 1388 599 1444 libri
626 1398 736 1459 auctor,
769 1391 874 1461 primus
902 1409 934 1447 ex
962 1392 1023 1447 tria
1053 1392 1118 1447 Elin
1136 1394 1172 1448 ad
1192 1393 1296 1450 Jobum
1313 1412 1406 1448 unum.
1437 1392 1492 1450 Dei
1511 1394 1547 1447 ad
1564 1392 1667 1449 Jobum
1685 1408 1779 1451 uuum.

98 1472 281 1545 scriptoribus
299 1473 384 1529 sacris
404 1491 458 1531 non
477 1483 550 1530 esset
560 1475 680 1546 Moyses,
699 1477 850 1532 seddohns
864 1484 936 1537 essm
999 1483 1056 1535 138.
1093 1479 1137 1533 Ds
1169 1481 1280 1535 nomine
1310 1481 1406 1534 camb
1432 1480 1560 1534 Jobosae
1587 1477 1618 1533 in
1646 1479 1797 1552 scripturis

98 1559 199 1631 Moyse
222 1559 377 1631 antiquior,
401 1578 453 1617 uec
475 1560 574 1617 fuisset
593 1563 622 1616 in
642 1579 776 1618 canonem
802 1562 848 1618 hic
864 1563 935 1618 liber
962 1564 1046 1619 sacris
1075 1565 1143 1619 nihil
1168 1566 1309 1637 reperitur.
1356 1565 1513 1621 Chaldaeus
1544 1563 1737 1635 paraphrastes
1769 1572 1797 1623 et

98 1652 237 1716 mospius,
255 1662 319 1700 sum
330 1645 386 1701 ros
399 1663 454 1703 non
468 1632 701 1717 aestimeris,
718 1649 935 1717 terracmam,
961 1648 1042 1705 Puro
1060 1651 1089 1704 in
1107 1650 1193 1722 aneq.
1217 1650 1326 1707 arrasa
1345 1651 1458 1718 ornam,
1476 1650 1576 1706 ascari
1593 1649 1688 1714 susm,
1711 1650 1798 1708 atus

97 1748 149 1786 nac
181 1731 300 1803 scriptus
329 1738 403 1788 esset
432 1732 476 1787 hic
498 1732 569 1788 liber
591 1732 689 1816 lingua
711 1732 857 1803 Hebraea,
885 1735 934 1789 ssd
961 1741 1117 1805 autumant,
1149 1754 1222 1807 quas
1249 1736 1387 1800 ¹seutentia
1416 1735 1545 1807 congerit
1571 1734 1718 1806 hypothesi
1747 1736 1797 1807 illi,

95 1815 230 1872 Arabica.
271 1817 438 1882 ttQuidam
463 1817 500 1872 ab
523 1818 620 1873 amicis
637 1818 704 1875 Jobi
721 1820 767 1875 vel
785 1820 821 1876 ab
842 1819 935 1891 aliquo
962 1821 1037 1891 quod
1054 1821 1110 1877 «lob
1127 1821 1211 1878 fucrit
1226 1822 1320 1878 dobah
1337 1839 1385 1877 rer
1405 1821 1606 1878 idumaeorum.
1643 1821 1797 1894 Postquam

97 1902 295 1974 prophetarum
308 1905 519 1983 conscriptum
531 1904 782 1960 ssssmbitrsutnr.
816 1906 852 1960 R.
867 1903 936 1960 Issi
962 1905 1053 1962 Diras
1075 1924 1093 1961 a
1109 1906 1236 1964 Sichemo
1255 1907 1285 1962 in
1306 1907 1366 1979 ipso
1384 1905 1485 1966 mtatis
1503 1905 1581 1973 tiore,
1601 1921 1673 1962 anuo
1691 1907 1798 1963 edicet

97 1987 158 2045 Bau
181 1987 291 2044 Garsou
314 1989 344 2044 iu
368 1989 572 2047 commentariis
596 2007 680 2062 snper
702 1991 807 2046 slohum
831 1989 936 2059 scribit,
962 1992 1061 2047 aetatis
1087 1997 1126 2048 ld.
1152 1999 1279 2064 stuprum
1300 1993 1409 2048 illatum
1434 1998 1506 2060 erat,
1535 1989 1735 2062 aliquantisper
1756 1992 1798 2048 iu·

96 2073 270 2140 iuiusolim,
287 2076 376 2147 quill
397 2076 550 2147 posteriora
559 2074 643 2148 hujus
655 2076 721 2132 libri
732 2077 833 2147 capita,
852 2077 936 2131 idest
961 2083 1050 2147 nupta
1073 2077 1146 2134 domi
1172 2084 1304 2148 paternas
1324 2077 1446 2141 desedit,
1474 2094 1507 2132 ac
1529 2077 1704 2148 postmodum
1727 2093 1797 2135 asro

98 2165 174 2218 ⁸³2.
190 2163 331 2233 usquead
346 2161 475 2217 ultimum
488 2163 642 2234 rejicerent,
664 2170 796 2234 proptera
813 2164 888 2235 qnod
905 2162 934 2217 iu
961 2161 1092 2234 grandior
1125 2163 1198 2219 Jobo
1227 2164 1257 2218 in
1294 2163 1497 2219 matrimonium
1523 2162 1631 2218 elacata
1648 2167 1697 2217 est.
1714 2160 1797 2217 LXX

96 2245 204 2304 tussa
215 2247 342 2303 ianbr.
360 2255 403 2304 sat
415 2249 514 2304 dissita
532 2257 596 2302 auat
607 2250 692 2303 eaba
703 2251 769 2303 Job.
793 2250 848 2306 Sed
861 2249 934 2305 idsm
960 2248 1077 2320 interpp.
1101 2265 1134 2304 ac
1156 2248 1344 2320 Hieronymus
1360 2248 1428 2304 Jobi
1448 2249 1598 2319 conjugem
1618 2264 1652 2304 ex
1670 2246 1796 2305 Arabum

96 2333 206 2390 alsat
217 2333 327 2389 illorum
339 2335 503 2392 mutantiam
515 2335 652 2403 improbat
661 2336 760 2392 dicens
768 2336 934 2391 versiculum
960 2340 1043 2406 geute
1066 2334 1200 2406 originem
1224 2335 1335 2390 dumosa
1357 2333 1515 2406 perhibent,
1553 2349 1622 2404 quas
1647 2334 1797 2391 serendas

97 2419 426 2477 illumrefcrsudumnou
439 2421 566 2477 adfinem
575 2421 738 2493 simpliciter
746 2421 868 2476 omnium
879 2438 933 2477 ser·
961 2419 1073 2490 quidam
1099 2419 1152 2475 hoc
1176 2421 1258 2476 modo
1278 2419 1441 2489 conciliant,
1469 2419 1544 2490 quod
1563 2419 1796 2490 quemadmodum
1887 2495 1888 2498 Ἰ

96 2523 209 2563 nouum
226 2506 295 2572 doh,
319 2508 368 2563 sed
386 2509 422 2563 ad
445 2508 530 2564 tinem
550 2508 686 2564 duntaxat
705 2508 934 2579 disputationum,
960 2505 1070 2576 Moyses
1107 2504 1238 2563 defuncta
1274 2506 1395 2578 Zippora
1439 2503 1630 2569 Midiauitids,
1683 2520 1797 2563 uxorem

98 2608 167 2665 qaas
178 2608 244 2649 curu
255 2593 345 2648 tribus
356 2594 453 2649 amicis
466 2593 611 2662 habuerat
623 2601 687 2664 post
699 2611 770 2665 quas
781 2600 934 2666 sequnntur
959 2590 1168 2662 Aethiopicam
1191 2591 1232 2646 ita
1254 2591 1343 2648 Jobus
1367 2597 1432 2663 post
1456 2589 1563 2647 obitum
1586 2590 1677 2646 Diuas
1694 2589 1795 2646 Arabi·

98 2677 535 2750 mlloqniacuruliliuamicornm
545 2686 652 2751 quarto.
669 2679 934 2744 ttQuidamcontra
960 2693 1022 2732 cam
1038 2676 1169 2733 seminam
1186 2678 1312 2748 duxerit,
1337 2684 1423 2750 atque
1439 2694 1473 2734 ex
1492 2693 1526 2732 sa
1542 2675 1630 2731 filium
1646 2677 1794 2733 Eunonem

96 2763 150 2835 ipsi
164 2763 241 2821 Jobo
257 2763 331 2820 hunc
344 2765 446 2820 librum
462 2764 596 2834 tribuunt,
612 2782 676 2820 cum
688 2766 806 2820 arduum
819 2765 933 2821 locutio·
959 2762 1119 2834 susceperit.
1157 2764 1332 2835 Augustinus
1348 2763 1378 2818 in
1394 2764 1492 2834 psalm.
1512 2770 1553 2819 55.
1571 2763 1608 2816 ds
1625 2779 1659 2819 ea
1678 2761 1718 2816 sic
1738 2761 1794 2822 dis-
1879 2811 1882 2816 .

96 2849 139 2905 uis
159 2867 251 2923 genus
265 2853 387 2906 sectetur
401 2856 429 2906 et
442 2848 554 2906 heroica
566 2850 678 2906 dicendi
690 2851 932 2923 gradmteomnss
959 2849 1037 2914 serit,
1054 2850 1202 2905 Admissus
1221 2858 1260 2905 cst
1277 2858 1409 2920 mmor,
1427 2850 1541 2904 absmlit
1558 2850 1668 2918 onmia,
1686 2866 1794 2902 ramar-

96 2934 247 2993 utccsllat
269 2935 432 3006 prophetas,
459 2953 493 2992 ac
514 2936 622 3007 phrasis
648 2939 710 3008 ejus
735 2955 799 2993 cnm
818 2937 934 3009 Syriaca
959 2937 995 2989 sit
1013 2935 1062 2989 ille
1081 2936 1159 2991 salue
1177 2955 1197 2991 a
1210 2934 1413 3005 subrusticus,
1441 2937 1518 2991 solue
1534 2954 1553 2990 a
1568 2935 1699 3002 familia,
1718 2936 1795 2988 salsas

96 3031 125 3079 ct
145 3021 270 3077 Arabica
295 3022 393 3094 liugua
423 3039 553 3094 maguam
579 3023 773 3095 cognationem
800 3024 932 3080 obtineat
960 3020 1072 3089 afilia,
1085 3022 1188 3091 paros
1207 3025 1278 3078 Deo.
1317 3024 1392 3076 Usar
1404 3038 1473 3075 saae
1490 3021 1590 3074 salicta
1608 3028 1677 3076 erat.
1703 3021 1793 3074 Mise-

96 3108 212 3164 ”Post
237 3107 348 3163 felicem
377 3124 571 3164 aerumnarum
604 3126 718 3165 auarum
751 3110 855 3166 exitum
883 3127 934 3182 per
959 3109 1100 3161 ricordcm
1129 3108 1239 3176 potatis
1272 3108 1432 3176 Maeciam,
1463 3108 1513 3176 qai
1539 3107 1566 3162 si
1588 3105 1703 3175 reliquit
1728 3122 1793 3170 raco-

96 3195 218 3266 ssipsum
245 3193 375 3252 victorias
405 3212 469 3250 suas
500 3195 648 3252 scribendo
680 3195 820 3267 implerit,
858 3197 932 3269 qnod
958 3196 1041 3249 remi
1067 3194 1205 3255 Noverat,
1222 3210 1276 3262 per
1302 3211 1381 3263 ptem
1408 3196 1556 3261 deceperat
1579 3192 1690 3259 Adam,
1713 3208 1794 3246 raam

95 3280 215 3337 maxine
240 3279 270 3336 iu
296 3280 453 3336 calamitate
478 3298 531 3337 sua
557 3287 703 3354 optaverat
726 3299 750 3342 c.
779 3288 819 3340 19.
866 3283 933 3346 Quia
959 3279 1112 3348 reliquerat
1127 3279 1303 3347 adjutricem,
1323 3297 1378 3332 aaa
1395 3278 1494 3331 mariti
1510 3277 1728 3330 consolatricem.

95 3369 165 3423 sarbs'
186 3368 306 3436 tribum,
333 3376 363 3421 ut
382 3376 530 3422 sacrantur
547 3385 687 3422 sermones
704 3370 760 3422 mei
779 3375 831 3424 etc.
848 3386 873 3424 c.
891 3375 932 3425 at.
997 3371 1053 3422 139.
1082 3363 1187 3420 slohum
1209 3381 1275 3420 vero
1299 3365 1390 3435 ipsum
1416 3362 1524 3434 maguis
1547 3361 1677 3420 encomiis
1695 3369 1794 3418 ornant

96 3455 165 3520 Qash
181 3453 256 3508 mitri
271 3453 388 3521 Mouet,
415 3461 445 3506 ot
463 3455 633 3508 desideriam
652 3472 741 3508 msam
757 3456 859 3509 cadim
876 3473 932 3508 om·
959 3450 998 3523 pii
1025 3455 1140 3507 veteres.
1194 3449 1323 3514 Quamvis
1353 3449 1425 3505 euim
1453 3449 1484 3504 in
1514 3447 1603 3519 primo
1633 3449 1793 3504 mutatoria

93 3540 276 3613 ripam&
316 3538 371 3596 Sed
395 3545 512 3611 utraque
535 3540 673 3596 sententia
696 3539 749 3595 hoc
767 3541 850 3595 modo
869 3556 931 3594 con·
960 3552 1110 3608 congressu
1133 3536 1247 3592 humaui
1266 3535 1372 3608 aliquid
1390 3535 1474 3592 suerit
1491 3551 1590 3607 passus
1608 3541 1637 3591 et
1654 3551 1689 3590 cx
1706 3536 1793 3606 impa-

93 3626 183 3685 riliasi
208 3632 314 3698 potest,
338 3627 412 3697 quod
434 3624 523 3682 Jobus
547 3643 638 3682 rernm
660 3645 773 3682 suarum
788 3626 931 3682 historiam
958 3622 1141 3679 tientiadiem
1157 3623 1310 3679 nativitatis
1329 3629 1486 3679 exsecratus
1504 3621 1551 3676 διὰ
1568 3619 1618 3688 τὴν
1638 3619 1794 3696 ὑπερβολὴν

90 3711 270 3770 motaverit
285 3712 384 3785 lingna
399 3712 529 3783 Arabica,
548 3714 629 3784 cujus
649 3712 753 3768 iudicia
771 3712 801 3767 iu
819 3713 932 3785 quibus·
958 3714 1003 3778 τῆς
1021 3714 1152 3778 θλίψεως,
1170 3717 1202 3765 ut
1215 3709 1336 3782 loquitur
1347 3708 1475 3765 lustinus
1493 3707 1523 3762 in
1539 3725 1612 3778 resp.
1629 3709 1666 3763 ad
1684 3707 1792 3769 orthod.

92 3801 160 3855 darn
182 3799 267 3870 hujus
287 3798 352 3854 libri
374 3797 528 3870 capitibus,
552 3799 716 3870 praesertim
734 3798 763 3854 in
781 3799 931 3855 amicorum
960 3813 984 3867 q.
1008 3801 1048 3852 15.
1071 3813 1099 3867 p.
1121 3801 1186 3862 itt,
1205 3803 1302 3867 postea
1318 3802 1428 3850 tautum
1444 3794 1498 3848 hoc
1516 3788 1693 3866 παράπτωμα
1712 3811 1793 3863 suum

94 3883 241 3957 coMoquiis
253 3883 472 3952 adhucexstaut,
487 3884 602 3956 Moyses
619 3891 710 3940 autem
729 3885 757 3939 iu
773 3885 930 3942 Hsbrssam
957 3881 986 3938 iu
1003 3898 1070 3938 vera
1086 3881 1256 3953 poenitentia
1273 3881 1387 3954 agnovit
1403 3887 1434 3938 st
1450 3880 1579 3937 manibus
1599 3879 1641 3936 ori
1657 3880 1793 3950 impositis

94 3970 222 4044 linguam
245 3971 360 4026 eandem
383 3970 526 4027 transtulit
549 3987 583 4026 ac
608 3971 773 4042 principium
797 3978 826 4028 st
848 3971 931 4028 linem
957 3967 1126 4039 palinodiam
1148 3967 1261 4037 cecinit,
1292 3985 1325 4024 ac
1350 3966 1513 4023 intermedio
1541 3965 1707 4022 calamitatis
1725 3972 1792 4023 tem·

93 4056 217 4128 adiecit,
248 4073 304 4127 quo
331 4073 414 4112 sensu
440 4057 525 4112 stiam
550 4057 656 4114 dictum
686 4056 815 4130 Origcuis
843 4057 933 4130 accipi
957 4072 1036 4124 porc,
1064 4054 1139 4127 qnod
1162 4053 1285 4110 Hebraei
1311 4055 1352 4108 ad
1376 4069 1480 4108 asemas
1508 4053 1669 4123 duodecim,
1694 4051 1794 4134 Suidaa
1860 4084 1863 4088 -

93 4144 197 4216 poisat.
237 4141 281 4196 lix
301 4142 397 4198 eodem
420 4142 601 4199 fundamento
623 4143 754 4214 explicari
776 4149 868 4214 potest
890 4162 933 4199 ar-
959 4157 1023 4196 rero
1053 4143 1094 4194 ad
1125 4149 1228 4211 septem
1254 4158 1342 4194 annos
1367 4139 1530 4204 extendunt,
1560 4155 1655 4194 omues
1682 4136 1793 4209 diaboli,

94 4233 275 4303 gementum,
300 4227 375 4301 quod
388 4245 434 4299 ,ex
459 4227 526 4300 styli
553 4227 714 4285 diversitate
736 4229 853 4300 petitum
869 4229 933 4286 huic
958 4226 1050 4283 uxoris
1080 4233 1108 4282 et
1136 4226 1416 4298 consanguineorum,
1448 4232 1480 4279 nt
1501 4231 1531 4280 st
1552 4225 1680 4296 proprias
1702 4223 1793 4280 carnis

24 4311 74 4367 Ὀ.
94 4313 252 4372 murare
278 4313 434 4385 opponitur.
477 4314 513 4368 lu
536 4313 635 4384 Moyse
661 4315 813 4386 (inquiunt)
839 4315 932 4370 nativa
958 4313 1076 4368 insultus
1097 4311 1153 4368 tide
1176 4312 1287 4369 heroica
1309 4311 1418 4370 fortiter
1441 4310 1549 4367 devicit.
1567 4310 1670 4366 Erash.
1694 4309 1745 4366 lib.
1770 4315 1792 4367 l.

90 4399 229 4459 ammonis
245 4399 378 4455 Hebraici
394 4400 548 4471 proprietas
566 4400 668 4468 elucet,
691 4417 763 4472 quae
780 4401 932 4456 orationem
958 4395 1081 4460 duodece.
1107 4396 1203 4468 εὐαγγ.
1232 4397 1324 4468 ipsum
1348 4403 1429 4453 vocat
1454 4394 1657 4469 ιριςμακάριον.
1692 4394 1792 4452 Suidas

90 4486 135 4544 ita
159 4486 336 4559 perspicuam
362 4492 390 4541 et
412 4486 566 4557 jucundam
595 4485 698 4556 etlicit,
721 4492 754 4541 ut
770 4486 932 4554 Numenius,
959 4483 1005 4538 fol
1031 4489 1089 4540 412.
1113 4484 1147 4539 ds
1168 4483 1229 4555 ipso
1252 4484 1292 4539 sic
1315 4483 1437 4538 disserit:
1462 4483 1538 4536 soleas
1562 4482 1607 4536 hic
1631 4489 1670 4536 act
1690 4481 1793 4536 nobilia

90 4573 195 4647 philos.
231 4571 449 4644 Pythagoricus,
476 4572 638 4637 Platonem,
661 4572 834 4644 eloquentiae
859 4572 932 4628 Atti-
959 4568 1071 4640 eriperis
1098 4573 1134 4624 ab
1151 4579 1215 4624 artu
1232 4588 1316 4641 usqne
1336 4587 1479 4633 occasum,
1507 4569 1553 4623 laic
1571 4567 1684 4620 inclitus
1701 4566 1751 4621 illa
1767 4575 1793 4623 a

91 4676 147 4718 cae
168 4659 347 4732 magisunur,
377 4659 413 4714 oh
435 4658 579 4714 suavitatis
596 4658 736 4715 Mosaicas
752 4658 931 4715 imitationem
959 4664 1102 4726 cooptatio
1123 4655 1302 4728 τριπόθητος,
1332 4656 1381 4725 qai
1400 4672 1512 4709 scoram
1538 4654 1719 4709 certaminum
1740 4652 1792 4709 hoc

92 4746 227 4812 Μωυσῆν
244 4744 412 4806 duratione
428 4744 645 4817 cognominarit:
665 4745 754 4801 Jobus
772 4760 836 4800 vero
856 4762 931 4818 mag·
957 4752 1125 4812 postremam
1147 4751 1173 4797 et
1196 4743 1321 4796 ultimam
1341 4743 1448 4796 lacrum
1467 4741 1544 4810 tols't,
1567 4742 1642 4810 quod
1657 4758 1714 4794 aaa
1731 4757 1792 4795 cam

92 4847 163 4889 uam
187 4847 253 4887 curu
273 4830 389 4902 Syriaca
415 4837 443 4887 st
469 4828 593 4887 Arabica
616 4831 714 4903 lingua
739 4831 931 4902 cognationem
961 4830 1071 4886 Christo
1107 4830 1257 4883 rmorrsait
1283 4836 1309 4882 et
1333 4827 1405 4880 hooc
1436 4828 1570 4880 arandam
1596 4828 1686 4880 deooo
1712 4825 1792 4892 cidit,

92 4917 190 4986 habet,
207 4917 323 4973 arduum
344 4906 489 4973 locutionis
508 4934 596 4989 genus
613 4925 751 4986 secutur,
774 4924 806 4971 nt
822 4916 933 4975 heroica
958 4933 1014 4970 aas
1039 4916 1189 4971 secandam
1213 4914 1344 4978 fabulam
1362 4913 1495 4969 Herculeis
1522 4920 1547 4966 at
1565 4914 1681 4969 Admeti
1696 4913 1792 4968 mora

93 5002 931 5076 diceudigraritatereliquosprophetaaomues,atqusipsum
959 5002 1124 5070 Aloustou,
1156 5018 1239 5070 qoam
1271 5000 1382 5053 inclitas
1413 4999 1463 5052 ille
1487 5000 1574 5052 victor
1601 5007 1682 5068 atqsu
1706 5001 1791 5054 triso-

94 5104 208 5164 quoque
218 5090 330 5146 Esaiam
347 5089 503 5158 antecellat,
516 5089 590 5144 unde
602 5088 788 5159 Hieronymus
800 5090 837 5144 ob
850 5091 932 5145 unius
959 5089 1053 5142 ctiolr‘a
1076 5091 1238 5159 τριέσπερος
1256 5104 1312 5156 pra
1339 5085 1442 5138 memte
1465 5085 1626 5151 defunctam
1649 5086 1790 5155 mcitavit5

93 5176 163 5234 Jobi
183 5176 332 5232 lectionem
354 5182 561 5246 praeceptorem
578 5174 743 5246 Lyddasum
761 5191 816 5230 nou
832 5175 932 5248 exiguo
957 5176 1008 5229 sad
1030 5192 1087 5244 pro
1105 5173 1299 5243 implicabili
1316 5171 1467 5235 caeceris
1483 5170 1575 5226 nostri
1588 5173 1723 5241 potantia,
1743 5173 1793 5243 qai

95 5262 187 5336 pretio
204 5278 235 5318 aa
250 5261 416 5317 conduxisse
431 5261 541 5329 latetur,
558 5275 591 5315 ac
608 5259 747 5316 hotbertus
767 5260 931 5332 inejusdsm
959 5277 1053 5314 marim
1087 5260 1220 5329 spoliavit
1251 5265 1276 5312 at
1308 5264 1431 5310 mortuos
1461 5273 1475 5310 a
1510 5257 1579 5310 locs's
1605 5259 1791 5315 moterraaes'a

95 5347 325 5420 interpretatione
336 5345 502 5403 Germanica
513 5353 569 5402 tam
582 5345 663 5402 auxie
675 5363 735 5403 sess
746 5346 887 5403 laborasse
898 5365 932 5403 ac
958 5345 1076 5416 aspris,
1099 5345 1150 5414 qai
1168 5344 1243 5401 satit
1265 5361 1285 5398 a
1303 5343 1409 5398 astra
1425 5342 1560 5410 parma
1578 5362 1636 5398 aaa
1654 5362 1715 5399 cam
1732 5345 1792 5399 sais

96 5433 365 5503 duudnwuserit,
378 5430 930 5505 utquamrisPhilippiatqucAurogalli
957 5433 1101 5486 clientibus
1130 5429 1200 5504 μετὰ
1235 5432 1283 5484 τοῦ
1303 5427 1524 5505 xrrposisiyruarot
1553 5431 1679 5487 omuibus
1710 5432 1791 5507 rebus

97 5520 322 5593 mutuatur,
339 5535 423 5591 saepo
432 5523 525 5577 minen
535 5517 609 5575 intra
620 5516 801 5590 quatriduum
815 5517 861 5575 vix
872 5523 929 5577 tres
956 5518 1078 5579 comare
1095 5524 1159 5577 ,tam
1176 5516 1417 5586 mamaeam,
1438 5532 1526 5586 queas
1542 5515 1791 5595 dempserimus
