3984 6022
210 199 270 316 535
619 299 622 304 ,
746 299 748 301 ,
901 242 1024 302 uoous
1042 241 1220 309 oumuus

149 417 151 420 ’
210 378 376 475 exprimund
396 418 430 458 ea
447 401 598 456 secandum
618 400 766 454 humanam
785 405 914 455 naturam
934 399 1044 473 Christo
1068 397 1215 468 justitiae,
1233 401 1316 465 onas
1329 399 1415 468 pacis
1432 399 1540 470 ramis,
1560 408 1602 456 est
1617 400 1712 472 ipsias
1730 397 1849 457 Christi.
1878 403 1916 456 Et

209 490 297 546 t'ibui
316 488 543 559 intelligendum,
567 485 634 557 quia
651 485 781 540 divinitas
799 492 841 542 est
861 484 1048 546 ἀναλλοίωτος
1073 494 1166 539 tamen
1188 486 1264 541 iliad
1288 487 1380 556 ipsam
1403 504 1492 541 meson
1513 495 1553 541 ert
1569 503 1624 558 per
1648 486 1915 556 oonpbdiaatiosan

210 580 258 631 sat
276 573 468 649 ἀμετάβλητος.
504 572 566 640 Sic,
577 572 697 644 quando
716 571 842 627 Christus
865 572 967 628 dieitur
983 590 1046 644 pas·
1074 579 1099 625 et
1118 573 1321 641 nrbaesionem,
1345 590 1417 642 psas
1435 581 1475 628 est
1490 590 1542 643 per
1555 574 1659 642 fidem,
1675 589 1734 643 per
1752 592 1844 644 psam
1860 578 1916 639 esi

212 681 266 730 sus,
286 659 457 728 exinanitus,
486 658 577 714 factus
597 657 732 713 Dominus
750 665 815 729 etc,
835 658 864 713 id
882 676 938 713 non
955 665 1047 730 potest
1074 659 1163 711 oinrnr
1177 657 1305 712 Christos
1323 658 1511 728 depoposci
1526 676 1611 712 naam
1630 676 1736 729 corpas
1755 660 1788 714 in
1801 661 1915 731 Spiritu.

102 744 104 748 ’
211 747 331 819 intelligi
357 746 510 801 secundum
533 743 724 809 divinitatem,
751 745 800 800 sed
826 746 978 800 secuudum
997 745 1046 800 hu·
1076 744 1151 807 Qntn
1169 762 1234 813 erpo
1253 746 1320 799 sinit
1337 745 1367 797 in
1384 761 1428 799 me
1447 743 1593 811 Christus,
1612 763 1725 801 anessa
1743 754 1789 801 est
1808 765 1872 803 ann
1888 766 1916 803 eo

211 834 379 890 manitatem.
1073 831 1157 884 sintnl
1173 832 1272 884 adesse
1290 833 1427 900 pretinm,
1448 832 1607 900 justitiam,
1632 832 1722 886 odam
1746 850 1785 888 oa
1802 835 1918 890 radten

247 926 304 977 191.
340 920 393 985 Qu.
412 924 435 974 3.
472 920 520 972 An
538 919 703 989 partiendae
726 919 902 972 distinctivae
929 921 969 972 ad
987 920 1047 971 snb·
1075 925 1216 970 aderrmm
1244 915 1329 972 Item:
1350 918 1558 987 Perfidemsic
1572 918 1782 986 conplntinarss
1799 917 1917 987 Christo,

205 1008 313 1078 jectam
330 1024 368 1060 an
386 1022 449 1059 asro
468 1006 510 1058 ad
530 1005 730 1074 praedicatam
747 1006 937 1069 referendae!
964 1005 1047 1074 Resp.
1074 1012 1104 1056 nt
1129 1020 1161 1056 aa
1185 1011 1211 1055 te
1233 1010 1258 1056 et
1279 1003 1341 1071 ipso
1357 1005 1414 1073 flat
1431 1022 1491 1057 nna
1508 1005 1592 1072 qnasi
1603 1021 1747 1075 perrona,
1773 1023 1850 1076 quae
1866 1026 1918 1062 nos

210 1092 355 1163 Scriptura
395 1107 442 1145 eas
478 1089 563 1146 refert
597 1091 633 1144 ad
671 1090 869 1161 praedicatum.
922 1090 1048 1145 Christus
1071 1090 1163 1158 possit
1178 1091 1332 1158 seprspari,
1351 1092 1547 1160 radperpetno
1560 1090 1799 1158 αάὶιαονοεοοιοί,
1817 1101 1919 1147 donn

120 1231 131 1241 ,
210 1196 309 1250 passus
331 1183 375 1232 est
393 1183 477 1250 σαρκί
497 1176 610 1232 l.Petr.
629 1183 698 1246 4,1.
719 1183 746 1247 ¹3
767 1177 947 1232 mortificatus
966 1183 1050 1247 sapit
1068 1176 1180 1245 fidncia
1209 1176 1304 1229 dicere
1325 1177 1437 1244 possis:
1466 1178 1530 1245 Epo
1557 1195 1617 1230 snm
1640 1176 1788 1247 ebrietes,
1814 1181 1847 1232 id
1871 1189 1919 1247 est,

213 1272 235 1322 1.
254 1264 328 1319 Petr.
350 1267 380 1327 ³,
404 1281 430 1316 v.
453 1269 499 1332 ts,
527 1262 612 1338 quodi
626 1264 717 1333 ipsum
739 1265 768 1318 in
786 1264 899 1336 reliquis
918 1263 1048 1333 exemplis
1076 1261 1183 1314 Christi
1196 1260 1322 1330 justitia,
1347 1261 1484 1329 victoria,
1506 1263 1565 1314 nita
1590 1270 1632 1315 est
1653 1280 1726 1332 meo,
1751 1272 1781 1318 et
1798 1264 1919 1318 οἰοὺείοι

212 1349 340 1406 omnibus
360 1348 500 1404 observari
513 1354 611 1419 potest.
632 1348 788 1405 Calviniaui
799 1357 831 1405 111
843 1367 921 1404 suam
933 1349 1047 1403 ‹ittota-
1075 1344 1203 1400 Christos
1221 1348 1316 1400 dicat:
1343 1348 1407 1415 Epo
1426 1364 1486 1400 snm
1505 1347 1555 1401 iile
1568 1357 1722 1418 peccator,
1748 1350 1787 1404 id
1803 1359 1844 1404 est
1860 1352 1918 1420 ejas

212 1452 258 1492 aar
282 1435 463 1491 statuminare
488 1434 609 1505 possint,
636 1436 673 1489 ad
697 1435 854 1506 subjectum
881 1452 927 1490 eas
946 1435 1048 1490 referre
1070 1440 1207 1502 peccota,
1235 1451 1310 1487 mors
1333 1438 1385 1489 etc.
1411 1442 1474 1486 sant
1498 1449 1568 1487 mea.
1611 1432 1658 1488 Sic
1685 1450 1755 1505 ergo
1783 1435 1815 1490 in
1840 1437 1917 1491 uobis

213 1522 328 1588 malunt,
347 1521 397 1576 sed
415 1520 538 1575 nondum
557 1525 706 1591 propterea
719 1520 857 1590 obtinent,
877 1522 952 1593 quod
965 1537 1048 1591 quse·
1074 1535 1169 1572 sumus
1187 1524 1355 1588 peccatores,
1376 1518 1405 1573 in
1423 1519 1533 1574 Christo
1548 1520 1634 1590 justi;
1657 1519 1687 1574 in
1707 1520 1794 1576 nobis
1811 1522 1918 1592 infirmi,

213 1613 285 1675 runt,
304 1606 380 1662 allud
398 1607 471 1662 enim
490 1612 532 1662 est
550 1607 655 1662 dicere:
676 1606 802 1662 Christus
821 1607 972 1663 secundum
989 1624 1047 1661 car-
1075 1604 1103 1657 iu
1121 1604 1231 1660 Christo
1248 1604 1348 1674 fortes,
1367 1605 1397 1660 in
1414 1605 1494 1660 uobis
1514 1606 1611 1677 egeni,
1631 1605 1661 1660 in
1674 1605 1793 1664 Christo
1813 1609 1916 1666 divites.

212 1711 277 1749 nem
304 1699 347 1748 est
371 1710 484 1764 passus,
513 1693 590 1747 aliud
615 1711 694 1749 vero:
725 1693 785 1748 sola
803 1693 905 1749 Christi
924 1710 988 1748 caro
1007 1701 1049 1749 est
1075 1695 1099 1746 2.
1119 1688 1240 1745 Corinth.
1256 1697 1286 1759 6,
1311 1709 1336 1744 v.
1356 1696 1381 1747 9.
1402 1696 1430 1745 et
1448 1696 1494 1746 10:
1525 1699 1661 1761 tanquam
1686 1693 1765 1747 nibil
1791 1695 1918 1750 Mbsrtta

213 1786 309 1850 pessa,
327 1785 358 1834 ut
378 1779 544 1852 paulopost
562 1779 803 1835 demonsbabitur.
1075 1785 1100 1830 et
1122 1778 1216 1831 omnia
1234 1778 1415 1846 possidentes.
1549 1829 1553 1836 ,

253 1871 308 1921 192.
347 1867 419 1920 Ursis
452 1866 608 1935 pras-tiens.
663 1866 902 1931 Quemadmodum
936 1872 1049 1938 propter
1112 1868 1167 1919 193.
1202 1862 1301 1918 'I'hesis
1320 1868 1351 1917 2:
1375 1863 1427 1917 Ad
1440 1863 1566 1931 priniana
1583 1879 1671 1929 penus
1689 1867 1969 1920 communicationis

212 1951 343 2007 amonem
367 1951 542 2024 personalem
565 1951 684 2006 duarum
704 1952 734 2005 in
758 1951 868 2008 Christo
886 1961 1047 2009 naturarum
1074 1950 1118 2002 ars
1138 1950 1281 2018 pertinent
1305 1951 1388 2003 ctiam
1413 1949 1490 2002 iliae·
1503 1949 1749 2019 praedicationes,
1773 1952 1805 2005 irs
1825 1927 1969 2030 pana:

214 2037 310 2091 divina
329 2043 358 2092 et
374 2037 496 2091 humana
514 2036 549 2092 de
568 2036 677 2092 Christo
696 2039 906 2108 praedicantur,
924 2039 965 2094 ita
981 2056 1047 2111 quo·
1074 2037 1213 2089 hnmanae
1236 2046 1357 2090 natnrae
1378 2037 1568 2106 proprietates
1593 2039 1629 2090 de
1651 2036 1734 2091 lilio
1753 2040 1819 2092 Dei
1834 2057 1969 2109 pros-ns

215 2140 269 2192 que
285 2140 336 2192 per
356 2123 486 2177 unionem
504 2122 675 2192 spiritualem
693 2124 772 2178 Deus
789 2129 817 2179 et
838 2124 928 2180 fidelis
946 2125 1047 2193 anima,
1075 2125 1216 2178 dicantar.
1253 2122 1376 2187 Quidam
1392 2121 1532 2191 peculiare
1550 2138 1639 2193 genus
1656 2123 1917 2180 communicationis

212 2207 339 2283 Christus
374 2215 403 2263 et
440 2208 557 2264 eeclesia
591 2209 662 2264 fiunt
696 2227 781 2264 unum
816 2211 979 2281 mysticum,
1019 2211 1049 2265 ir
1074 2210 1103 2263 in
1128 2209 1182 2264 illis
1206 2213 1346 2272 statuunt,
1373 2208 1424 2263 sed
1447 2215 1565 2279 possunt
1588 2208 1665 2263 haud
1683 2209 1862 2266 incommode
1880 2212 1916 2265 ed

212 2296 323 2366 πνεῦμα
344 2300 365 2351 l.
386 2294 449 2352 Cor.
467 2301 496 2363 6,
516 2313 541 2349 v.
563 2302 602 2359 11,
629 2296 665 2350 de
691 2313 746 2367 quo
774 2304 802 2352 et
825 2296 920 2351 divina
945 2303 973 2352 et
998 2297 1047 2351 hu·
1074 2297 1193 2367 primum
1223 2311 1312 2366 genus
1339 2301 1472 2366 tauquam
1496 2294 1621 2365 ejusdem
1644 2296 1792 2366 quaedam
1816 2297 1917 2369 spacia

212 2381 510 2452 msnaprsedicaatur.
535 2382 685 2453 Augustis.
704 2382 733 2436 in
750 2381 867 2453 praefat
886 2382 987 2437 Psalm.
1002 2389 1047 2439 40:
1075 2383 1183 2450 referri,
1212 2387 1243 2436 ut
1266 2380 1498 2450 exsequentibus
1516 2380 1696 2436 menifestum
1715 2382 1780 2438 erit.
1819 2383 1917 2440 Notan-

214 2466 445 2522 Commendamus
463 2468 584 2536 rapine,
601 2484 652 2520 nec
671 2486 722 2520 nos
742 2469 822 2536 pipat
841 2469 953 2537 iterare,
973 2471 1050 2538 qnod
1075 2470 1141 2523 dum
1159 2468 1245 2539 igitur
1262 2467 1336 2521 circs
1353 2467 1406 2521 hoc
1428 2484 1528 2538 genus:
1550 2473 1574 2521 1.
1593 2468 1670 2537 Ejus
1690 2470 1915 2533 sumamma

211 2553 288 2606 robis
315 2553 384 2607 ntile
414 2561 453 2606 est
477 2554 612 2622 retinere,
637 2556 792 2608 Dominam
809 2563 933 2608 nasonia
950 2557 1048 2610 Jesnm
1076 2555 1148 2622 Quia
1177 2554 1265 2608 Filius
1282 2553 1337 2608 Dei
1360 2553 1390 2606 in
1414 2552 1586 2623 plenitudine
1609 2554 1745 2624 temporis
1764 2554 1916 2610 ‚humanam

213 2639 354 2694 Christum
369 2639 536 2709 pternmqne
555 2640 634 2708 loqni
654 2657 686 2694 es
705 2659 752 2705 se,
774 2642 807 2694 id
821 2650 861 2696 est
879 2633 911 2696 ic
923 2658 1049 2712 pasena
1076 2649 1204 2717 naturam
1226 2641 1254 2694 in
1271 2640 1455 2711 hypostaseos
1472 2656 1539 2695 suae
1552 2640 1690 2696 unitatem
1702 2643 1847 2712 assumsit,
1860 2642 1917 2697 ideo

211 2743 273 2793 sna,
292 2727 369 2795 quood
386 2733 426 2779 est
442 2735 527 2795 capnt
544 2735 678 2795 nostrum,
694 2729 859 2797 plcrnrrrqne
878 2747 1049 2798 capersana
1076 2727 1159 2782 etiam
1186 2727 1279 2782 omnia
1299 2727 1378 2781 istius
1401 2725 1539 2781 humanae
1561 2732 1679 2781 naturae
1699 2727 1839 2784 idiomata
1859 2746 1917 2785 rere

212 2812 341 2880 corporis
360 2813 420 2880 sni,
445 2815 523 2880 qnod
540 2829 636 2866 somne
653 2832 703 2867 nos
721 2823 746 2868 et
767 2815 884 2869 scalena
905 2818 979 2886 ejas,
998 2820 1050 2870 sed
1075 2821 1104 2868 et
1127 2813 1238 2868 realiter
1264 2813 1317 2867 sibi
1344 2814 1506 2883 appropriat
1529 2813 1688 2884 etquidem
1713 2818 1777 2868 tam
1805 2831 1870 2872 rere
1886 2832 1917 2870 so

213 2898 254 2951 ita
279 2898 364 2966 qnasi
383 2915 416 2951 en
440 2898 523 2951 nnins
542 2900 662 2953 bominis
683 2919 731 2954 ore
748 2910 879 2955 satiarent
896 2905 994 2972 narba,
1020 2912 1049 2956 nt
1075 2899 1194 2968 realiter,
1215 2916 1249 2953 ac
1267 2899 1290 2953 si
1307 2898 1336 2952 in
1353 2899 1466 2971 propria
1483 2916 1534 2954 sua
1554 2899 1658 2955 deitate
1676 2900 1782 2956 eadem
1798 2901 1915 2968 haberet,

99 2994 139 3034 111.
154 2991 199 3036 tte
213 2983 403 3052 intellipamns
427 2992 512 3054 capnt
538 2993 563 3038 et
587 3003 689 3054 corpus
711 2987 740 3039 in
758 2987 863 3041 unitate
882 2989 1049 3057 integritatis
1075 2985 1234 3057 hypostasis
1259 2986 1333 3040 enim
1355 2992 1419 3056 post
1443 2985 1547 3041 facum
1563 2987 1791 3044 incarnationem
1813 2989 1916 3062 utrique

213 3069 365 3124 consistere
390 3086 440 3122 nec
463 3071 598 3139 separari
617 3073 651 3124 ab
669 3073 784 3126 invicem
802 3083 935 3144 canaram
953 3077 1048 3145 conjn—
1075 3077 1192 3127 naturae
1210 3071 1320 3127 divinae
1339 3079 1366 3127 et
1383 3072 1520 3127 humanae
1540 3072 1693 3128 communis
1711 3081 1756 3129 est
1775 3081 1862 3148 atque
1875 3093 1915 3132 es·

212 3156 288 3224 pinrn
305 3155 389 3223 iilud,
407 3157 443 3208 de
464 3173 518 3225 qno
538 3157 643 3210 dictans
661 3166 715 3212 est:
742 3169 822 3214 erant
841 3162 898 3214 dno
916 3162 945 3214 in
964 3180 1048 3215 carne
1075 3158 1153 3227 dem;
1175 3158 1431 3226 2.(112121110110100.
1456 3158 1650 3215 110001111ῑὶ00
1666 3175 1760 3230 80000
1773 3166 1915 3225 altstete,

212 3259 277 3299 nna.
315 3241 350 3295 Si
367 3257 433 3311 erpo
452 3243 630 3309 opnoscirans
647 3245 718 3297 dnos
736 3245 765 3298 in
784 3263 868 3298 carne
886 3263 951 3314 nna,
963 3265 1048 3315 apna·
1075 3245 1209 3298 tricenaria
1233 3248 1279 3297 καὶ
1303 3245 1481 3312 idrouotnorc,
1507 3245 1574 3315 quia
1593 3244 1606 3298 ὁ
1624 3245 1721 3316 Λόγος
1738 3248 1858 3320 propria
1875 3265 1914 3304 as·

211 3344 322 3381 scamus
358 3330 429 3381 dnos
459 3328 490 3380 in
518 3345 583 3382 soce
613 3347 678 3382 nna.
719 3329 775 3385 Per
802 3331 874 3385 bane
903 3333 1048 3402 mysticam
1074 3336 1181 3386 sumtae
1199 3330 1289 3385 camis
1303 3329 1356 3384 sibi
1370 3331 1545 3401 appropriat,
1564 3330 1659 3402 Cyrill
1677 3331 1708 3385 iu
1726 3332 1837 3390 defens.
1854 3351 1915 3390 ans·

212 3411 355 3468 irrisiones
374 3412 499 3468 Christus
517 3416 546 3468 in
565 3431 595 3469 se
620 3416 752 3471 transfert
771 3425 888 3487 peccata
908 3426 1003 3474 nosue
1020 3428 1048 3474 et
1074 3418 1157 3471 them.
1184 3423 1223 3471 12.
1244 3416 1279 3470 ad
1297 3415 1384 3469 Evod.
1405 3424 1487 3471 uocat
1503 3417 1725 3486 dt‘sperssotioam
1744 3422 1914 3491 appropria·

212 3501 298 3556 donat
324 3499 405 3554 nobis
432 3517 483 3570 per
505 3500 587 3555 fidem
613 3519 692 3556 suam
707 3503 861 3573 justitiam,
898 3511 922 3560 2.
942 3505 1004 3560 Cor.
1024 3514 1047 3576 5,
1075 3505 1191 3570 tionem,
1217 3506 1244 3558 3.
1263 3503 1424 3570 subjectum.
1469 3501 1504 3555 In
1526 3501 1569 3556 bis
1592 3490 1836 3574 propositionibus
1855 3506 1915 3561 sub·

211 3600 237 3637 r.
257 3591 305 3640 21s
323 3586 430 3639 Factus
450 3594 490 3638 est
503 3605 560 3655 pro
579 3587 657 3640 nobis
673 3598 825 3657 peccassem,
842 3599 871 3643 nt
889 3609 940 3644 nas
956 3568 1047 3662 esdre-
1070 3589 1139 3659 jecti
1158 3589 1217 3642 loco
1236 3588 1348 3658 ponitur
1359 3594 1516 3643 concretum
1530 3587 1640 3644 divinae
1651 3597 1782 3661 namne,
1797 3592 1915 3662 o‘Adpoc

210 3687 305 3724 remnr
326 3673 442 3740 justitia
468 3673 528 3725 Dei
549 3673 578 3725 in
602 3675 671 3741 ipso.
706 3674 805 3747 Neque
822 3675 891 3730 haec
909 3685 952 3733 est
970 3680 1047 3734 nuda
1074 3673 1162 3729 Filius
1180 3674 1233 3729 Dei
1252 3673 1424 3740 1110111101οη
1455 3680 1478 3727 4·
1498 3677 1643 3744 exempla:
1660 3675 1745 3732 Zach
1771 3685 1915 3747 121111

212 3762 241 3812 et
257 3756 377 3810 verbalis
397 3757 576 3826 praedicatio,
596 3760 646 3814 sed
667 3759 877 3828 efficacissima,
896 3780 937 3832 ac,
958 3771 989 3819 ut
1008 3767 1047 3820 sic
1075 3761 1273 3829 0811101018οὀ
1291 3778 1342 3827 111⁶,
1362 3761 1451 3828 inquit
1469 3760 1605 3830 Jtlwvala
1634 3778 1716 3831 quom
1733 3768 1915 3836 cmfismn.

211 3842 318 3910 loquar,
337 3841 490 3896 realissima
508 3842 664 3912 imputatio.
701 3845 826 3900 Christus
844 3848 873 3902 in
892 3868 922 3904 se
934 3849 1049 3920 suscipit
1074 3846 1174 3902 Johan.
1196 3851 1220 3914 3,
1240 3863 1265 3899 v.
1287 3851 1330 3901 rt:
1351 3848 1432 3899 Dens
1443 3847 1615 3915 unipenitnm
1632 3866 1715 3902 snum
1732 3851 1845 3906 Iiisnrn
1862 3861 1916 3906 tro

210 3933 328 3998 peccata
345 3932 439 3981 nostra
457 3928 520 3983 Era.
537 3935 578 3997 53,
590 3947 615 3982 v.
633 3936 670 3985 12.
689 3930 752 3985 Joh.
771 3937 792 3999 1,
805 3950 830 3988 v.
845 3939 885 3989 29,
907 3941 927 3989 l.
938 3934 1011 3990 Petr.
1025 3943 1049 4003 2,
1075 3933 1158 3987 didit.
1196 3933 1290 3987 Actor.
1309 3937 1334 4000 3,
1355 3951 1381 3987 1.
1397 3939 1442 3987 15:
1460 3934 1612 3987 Auctorem
1630 3935 1707 3988 ritae
1724 3936 1916 4003 interfecisti.

210 4031 235 4068 r.
243 4018 284 4082 24,
297 4012 334 4067 ob
345 4029 428 4083 quam
437 4013 641 4083 susceptionem
655 4015 751 4070 eadem
764 4017 817 4071 sibi
830 4017 883 4088 ipsi
894 4019 991 4075 tribuit
1000 4021 1047 4075 Ps.
1075 4021 1138 4074 Act.
1155 4024 1296 4084 211,1.28;
1317 4021 1397 4073 Dens
1409 4022 1530 4090 proprio
1544 4038 1595 4074 rste
1613 4022 1753 4089 sanpnine
1770 4026 1918 4095 acprdsiad

210 4104 252 4169 ts,
273 4117 297 4153 1.
313 4103 340 4155 6:
360 4100 450 4169 Dens,
468 4108 497 4153 tn
513 4102 569 4154 sois
588 4102 778 4171 insipientiam
796 4122 885 4158 meam
904 4115 930 4159 et
944 4109 1049 4162 delicta
1076 4106 1230 4162 eeclesiam.
1250 4105 1365 4160 Renum
1380 4114 1404 4175 5,
1422 4123 1449 4160 1.
1465 4113 1511 4162 10:
1529 4107 1722 4161 Reconciliati
1737 4127 1839 4165 aarum
1857 4115 1917 4168 Deo

209 4203 271 4240 mea
294 4205 314 4240 a
341 4194 367 4240 te
393 4203 449 4240 non
475 4195 538 4240 snat
565 4190 745 4259 abscondita,
776 4208 847 4262 quae
870 4200 1047 4262 peccatorum
1072 4211 1126 4263 per
1148 4200 1262 4245 martem
1280 4192 1354 4246 Filii
1376 4193 1447 4261 ejus.
1482 4192 1596 4247 Roman.
1617 4198 1646 4262 8,
1664 4199 1754 4250 1.32;
1777 4198 1917 4268 Proprias

208 4277 366 4328 uoetrotum
385 4272 524 4344 susceptio
547 4280 604 4328 tam
621 4291 699 4344 vera,
726 4275 809 4331 realis
832 4286 860 4332 et
878 4278 976 4334 efficax
1001 4287 1050 4346 est,
1078 4281 1136 4334 Dei
1147 4279 1241 4333 Filius
1252 4297 1310 4347 pro
1327 4280 1449 4332 nobaia
1466 4288 1582 4333 mortem
1600 4281 1734 4338 sannio.
1757 4288 1781 4337 1.
1795 4283 1915 4340 Corinth.

210 4364 242 4413 ut
265 4374 369 4429 poenus
393 4364 549 4414 nosmorum
570 4368 747 4431 peccatorum
766 4363 891 4419 Christus
914 4365 1049 4422 sustinere
1077 4373 1104 4435 2,
1128 4385 1152 4419 r.
1179 4371 1207 4420 8:
1237 4366 1387 4418 Dominam
1408 4365 1518 4432 pierias
1537 4367 1742 4436 crraeffisernnt.
1783 4368 1915 4437 Galstz,

210 4450 335 4516 cogatur,
354 4444 417 4501 Esa
431 4453 472 4516 53,
490 4465 514 4502 v.
531 4455 561 4502 5:
587 4449 753 4503 Volneratns
769 4460 936 4521 estpropter
947 4454 1049 4522 iniqni-
1075 4471 1100 4506 v.
1119 4459 1165 4507 2οι
1186 4451 1280 4504 Filius
1293 4452 1350 4504 Dei
1367 4451 1467 4505 diisait
1484 4468 1526 4506 ms
1544 4461 1570 4505 et
1586 4451 1707 4506 tradidit
1723 4464 1815 4510 sensa
1829 4458 1917 4527 ipsam

208 4537 280 4585 tates
297 4538 421 4594 nomas,
447 4534 559 4587 attritas
579 4543 696 4603 propin
717 4536 823 4590 scelera
844 4545 947 4592 nostra.
985 4538 1047 4594 Gal.
1071 4557 1127 4608 pro
1144 4555 1186 4591 me
1200 4536 1239 4603 (in
1254 4540 1388 4605 mortem).
1408 4536 1495 4592 Hebr.
1509 4544 1533 4601 5,
1549 4555 1573 4592 v.
1585 4540 1615 4591 8:
1635 4537 1769 4593 1111111111
1787 4544 1916 4596 adnm

209 4621 235 4689 3,
252 4636 278 4673 r.
298 4622 342 4673 13:
360 4619 469 4672 Factus
486 4627 527 4673 est
540 4638 596 4690 pro
615 4621 694 4675 nobis
711 4623 898 4680 maledictum.
917 4624 1047 4681 Vicissim
1059 4618 1062 4705 J
1074 4623 1169 4677 Filius
1179 4623 1330 4691 Deiiniis,
1345 4624 1705 4694 perspicacissimae
1716 4626 1913 4683 mansan.

208 4703 336 4785 Christus
355 4702 440 4759 donat
458 4721 536 4760 susm
553 4705 692 4774 justitiam
711 4709 894 4774 credentibus,
912 4728 946 4766 ac
962 4712 1047 4768 Pater
1076 4716 1097 4766 1.
1122 4710 1219 4765 Thess.
1245 4716 1275 4779 2,
1302 4729 1328 4763 v.
1358 4715 1402 4764 15:
1434 4710 1545 4763 Jndasi
1571 4711 1734 4766 οοοίοίοπιοι
1761 4716 1916 4770 Domitian

209 4790 336 4847 coelestis
354 4806 416 4845 eam
433 4789 553 4862 imputat
569 4792 764 4863 credentibus,
783 4795 861 4851 Rom.
881 4805 904 4862 4,
924 4816 948 4852 v.
968 4802 990 4868 5,
1010 4799 1047 4854 ob
1071 4799 1177 4852 Jesnnr.
1213 4796 1302 4869 Apoc.
1324 4801 1369 4864 11,
1388 4813 1412 4850 r.
1434 4801 1462 4850 8:
1488 4797 1629 4850 Daminns
1645 4807 1744 4852 noster
1766 4803 1969 4866 missuum

207 4894 291 4950 quam
316 4877 446 4932 dicuntur
465 4878 595 4946 justitia,
626 4878 656 4932 id
683 4885 741 4948 est,
771 4880 896 4951 perfecte
920 4885 991 4954 justi
1018 4885 1046 4938 in
1073 4892 1119 4938 ert.
1163 4884 1284 4939 Possunt
1313 4882 1395 4938 etiam
1426 4881 1481 4937 huc
1511 4881 1608 4937 referri
1635 4880 1725 4954 dicta,
1756 4886 1787 4942 in
1813 4888 1913 4960 quibus

207 4963 318 5020 Christo
337 4968 361 5018 2.
380 4962 502 5018 Corinth
522 4969 554 5030 5,
573 4980 598 5015 r.
619 4969 659 5019 21.
689 4964 767 5029 Quae
786 4967 932 5037 imputatio
951 4971 1046 5026 itidem
1072 4969 1199 5037 Christus
1217 4970 1319 5025 dicitur
1337 4986 1366 5023 se
1382 4969 1475 5038 ipsam
1491 4969 1648 5023 tradidisse
1659 4974 1822 5040 proruatis.
1844 4974 1913 5045 Eph.

208 5056 250 5105 est
265 5065 349 5118 vera,
366 5048 449 5104 realis
467 5054 495 5103 et
513 5047 713 5119 efficacissima,
734 5058 766 5106 ut
782 5054 908 5123 apoenis
921 5065 1046 5127 peccato
1073 5064 1096 5121 5,
1115 5075 1140 5114 v.
1164 5064 1185 5114 1.
1206 5063 1235 5112 et
1253 5063 1293 5113 25.
1313 5056 1399 5112 Hebr.
1419 5062 1444 5120 9,
1462 5074 1488 5112 v.
1508 5062 1549 5112 26.
1569 5062 1621 5112 etc.
1645 5059 1856 5115 tractasses
1871 5063 1913 5115 di·

206 5151 267 5190 rum
294 5135 472 5191 absolvamur
495 5140 523 5190 et
546 5134 680 5193 haeredes
705 5138 779 5193 vitae
797 5139 924 5195 coelestis
944 5143 1046 5198 scribe
1072 5145 1217 5199 stinctioae
1234 5144 1330 5199 itidem
1347 5143 1392 5198 hio
1411 5144 1577 5215 quaudoque
1595 5143 1774 5204 adhibentur.
1799 5148 1913 5204 Romsn

179 5262 186 5271 .
206 5236 275 5277 mur.
293 5222 377 5277 Luth.
396 5223 425 5276 in
442 5238 540 5276 comm.
560 5220 622 5277 Gal.
638 5229 667 5279 2:
688 5225 928 5288 Quemadmodrnn
947 5232 1047 5284 attinet
1076 5239 1098 5299 1,
1116 5249 1141 5284 v.
1161 5236 1191 5286 t:
1212 5232 1306 5286 attera
1325 5232 1384 5284 Dei
1400 5239 1483 5285 ndns
1501 5247 1533 5285 sn
1552 5232 1655 5285 semine
1674 5234 1804 5288 Doridis
1821 5251 1912 5290 wenr-

206 5308 249 5363 od
259 5309 500 5379 justificationem,
518 5317 625 5379 oportet
644 5310 786 5367 1111111111
804 5321 830 5366 et
847 5332 890 5368 rne
908 5331 966 5370 esse
984 5335 1047 5372 can·
1071 5320 1137 5371 clam
1161 5334 1282 5370 carnem.
1319 5319 1345 5369 6.
1370 5318 1459 5370 Dicta
1482 5318 1609 5370 Potrnm.
1646 5316 1795 5382 Quaedam
1819 5339 1913 5377 eorum

200 5393 403 5466 ⁸irritetissinsor,
423 5403 454 5449 nt
469 5397 530 5464 ipse
548 5396 578 5449 in
596 5413 639 5449 me
655 5398 730 5452 nient
741 5407 829 5482 stepo
844 5401 874 5454 in
887 5402 941 5457 itii.
974 5402 1046 5464 Qnia
1070 5409 1231 5458 enumerata
1248 5409 1313 5458 sunt
1330 5403 1359 5458 in
1377 5403 1493 5458 articulo
1512 5404 1547 5460 de
1564 5419 1684 5474 persona
1695 5404 1803 5464 Christi
1823 5406 1851 5485 ξ
1866 5415 1913 5476 tt,

206 5496 273 5537 cera
298 5481 329 5535 in
352 5498 394 5535 ms
412 5482 492 5552 aicit,
518 5483 584 5537 idea
601 5483 737 5552 qnicqnict
755 5487 842 5540 estin
866 5506 907 5543 me
923 5491 1044 5557 pretias,
1074 5488 1174 5560 quibus
1198 5489 1343 5560 sequentia
1367 5491 1585 5562 conjungantur:
1612 5489 1685 5548 lrsn.
1709 5491 1760 5549 lib.
1780 5502 1805 5565 5,
1830 5513 1856 5552 o.
1877 5503 1913 5553 11
