3984 6022
208 265 268 322 444
913 252 1035 312 nocua
1048 250 1218 327 ⁸uaeramus

207 407 373 465 Τ1444414441.
392 411 498 479 quaest.
513 414 554 464 68.
575 409 604 462 in
616 408 699 480 (1444.
719 409 851 466 Nazianz.
870 415 938 465 orat
960 416 984 465 2.
1005 409 1040 466 (14
1068 411 1185 479 paratae
1221 406 1250 459 in
1290 405 1428 475 baptismo
1463 410 1492 460 et
1525 402 1773 476 transfiguratione
1798 403 1906 460 (linisti.

204 493 287 551 theol
307 494 450 548 Constant
476 495 553 565 apud
576 494 678 550 Euseb.
703 494 750 551 lib.
776 500 798 551 3.
820 495 855 550 de
873 495 930 550 4114
947 495 1040 551 Const
1066 493 1163 549 Matth.
1185 498 1208 548 3.
1228 499 1255 547 et
1277 497 1315 547 11.
1341 491 1427 546 Mare.
1450 498 1472 546 1.
1490 499 1518 548 41
1535 499 1559 548 3.
1579 491 1648 547 Luc.
1667 497 1691 546 3.
1709 497 1738 546 41
1756 498 1783 559 9,
1803 491 1833 545 in
1848 491 1907 563 qui·

205 598 229 637 4
248 586 289 643 to,
309 585 337 634 et
354 579 441 650 ipsius
460 578 576 635 Eusebii
594 580 642 637 lib.
661 587 684 636 5.
705 582 840 639 demonst.
858 599 955 653 evang.
975 599 999 637 c
1018 589 1040 638 9.
1066 581 1119 637 bus
1137 580 1264 652 singulae
1283 578 1395 633 deitatis
1411 569 1547 649 personae
1562 577 1681 634 externis
1692 576 1831 648 symbolis
1844 575 1907 646 cip«-

206 671 258 723 etc.
285 672 341 722 1444
359 665 420 721 illos
438 667 511 723 41444
530 667 616 723 fuisse
634 669 689 723 Dei
706 668 809 724 Filium
829 668 939 724 duobus
956 685 1040 741 ange·
1065 673 1123 728 noir
1157 665 1202 721 441
1238 664 1383 725 rinoceros}
1419 682 1479 720 sese
1514 664 1643 719 (1141144414
1675 661 1906 718 'manifestarunt

205 752 239 808 114
257 750 425 808 comitatum.
461 752 557 809 Potest
572 753 659 825 igitur
676 755 712 809 ad
730 754 862 809 trinitatis
878 755 1040 825 mysterium
1068 759 1091 807 3.
1130 751 1274 817 Quaedam
1309 751 1440 806 disertam
1476 757 1504 806 41
1540 766 1696 821 expressam
1732 748 1819 804 trium
1852 748 1906 804 dei·

206 838 415 904 accommodari,
433 841 508 910 quod
519 840 608 895 Filius
617 842 672 897 Dei
683 861 740 898 non
756 842 883 913 pluribus
901 859 952 898 neo
972 860 1041 914 pau·
1067 838 1133 894 tatis
1169 855 1348 907 personarum
1387 837 1554 893 mentionem
1578 835 1704 903 faciunt,
1733 834 1837 890 Mattb
1868 840 1907 899 ²8,

205 925 326 982 tionibus
343 927 451 998 augelis
473 944 556 998 quam
576 928 684 984 duobus
701 929 848 984 comitatus
861 929 939 984 etsic
951 929 981 984 in
992 929 1040 984 tri·
1066 943 1092 978 v.
1128 929 1169 979 19.
1211 924 1279 978 Luc.
1307 931 1335 992 1,
1375 941 1401 978 4.
1426 929 1467 979 35.
1506 922 1625 978 lobaun.
1657 928 1705 990 14,
1742 939 1768 976 4.
1797 925 1837 976 16.
1869 928 1907 976 11.

205 1012 259 1068 bus
274 1012 341 1066 viris
357 1011 489 1078 Abrabae
505 1020 634 1083 apparet,
657 1014 707 1070 sed
725 1015 909 1085 apodicticum
927 1014 1041 1086 aliquod
1067 1028 1090 1064 4.
1119 1016 1164 1076 15,
1190 1028 1215 1062 4.
1243 1014 1282 1065 26.
1314 1009 1409 1064 Actor.
1437 1014 1482 1071 lo,
1505 1025 1530 1063 v.
1552 1013 1593 1063 36.
1620 1007 1699 1062 Rom
1729 1012 1760 1074 1,
1785 1024 1811 1063 4.
1831 1012 1857 1062 2.
1883 1012 1907 1062 3.

205 1103 400 1171 argumentum
433 1115 466 1153 ex
496 1116 528 1154 44
554 1099 600 1153 vix
629 1101 730 1169 poterit
756 1100 893 1171 depromi3
924 1107 948 1156 2.
976 1101 1042 1173 quia
1069 1101 1091 1151 4.
1111 1113 1134 1150 4.
1154 1100 1287 1159 8,4.11.
1312 1101 1336 1150 2.
1354 1093 1418 1150 (lor.
1437 1098 1482 1162 13,
1500 1112 1525 1147 4.
1547 1100 1586 1149 13.
1611 1091 1674 1147 Gal.
1694 1097 1724 1160 1,
1742 1110 1769 1146 4.
1789 1098 1813 1148 6.
1832 1091 1905 1165 pr.

204 1183 381 1240 Abrahamus
407 1183 471 1238 ideo
497 1201 611 1240 numero
636 1185 771 1257 singulari
794 1191 850 1242 1444
879 1187 941 1242 illos
968 1187 1041 1242 viros
1068 1189 1133 1249 2,4.
1154 1187 1194 1238 18.
1212 1180 1268 1236 Tit.
1289 1186 1313 1249 3,
1333 1200 1358 1234 4.
1377 1186 1401 1236 4.
1420 1187 1443 1235 5.
1462 1186 1486 1236 6.
1515 1186 1537 1234 1.
1554 1179 1619 1235 lob
1639 1186 1662 1237 5,
1681 1197 1708 1232 4.
1727 1185 1752 1233 1.
1773 1178 1864 1250 Apca
1885 1185 1906 1248 1,

206 1269 372 1342 quandoque
409 1270 571 1341 compellat,
603 1270 668 1342 quia
697 1271 815 1327 docente
844 1272 1041 1344 Chrysostomo
1067 1286 1092 1321 4.
1111 1274 1136 1325 4.
1155 1274 1224 1324 415.
1254 1265 1443 1332 1044411114
1459 1281 1509 1336 ptr
1525 1264 1612 1340 μόρια
1629 1264 1786 1339 <tatewit
1804 1266 1843 1329 it,
1858 1264 1906 1320 δυ’

205 1372 277 1410 unus
300 1371 333 1410 ex
352 1354 406 1410 illis
423 1362 520 1427 utpote
541 1355 594 1410 Dei
612 1356 701 1411 Filius
719 1364 779 1413 4441
796 1357 910 1430 reliquis
928 1358 1041 1433 ἓντιμιό-
1068 1357 1113 1406 καὶ
1135 1358 1173 1414 tlt
1194 1352 1357 1423 mysterium
1380 1351 1512 1407 trinitatis
1536 1351 1686 1406 insinuant
1720 1350 1839 1406 Romn-
1866 1357 1903 1419 11,

204 1462 290 1516 προς,
311 1442 465 1510 gloriosior
484 1461 517 1496 ae
535 1444 686 1512 illustrior,
704 1444 826 1500 undeex
844 1445 907 1516 ipsa
924 1445 1040 1501 visibilis
1068 1458 1094 1494 4.
1112 1445 1154 1496 35.
1174 1445 1215 1496 36.
1250 1438 1315 1495 Vid.
1333 1436 1399 1493 1444
1421 1434 1447 1512 ξ.
1473 1442 1510 1493 16.
1532 1443 1569 1492 11.
1589 1442 1675 1492 4119.

204 1527 309 1582 formae
332 1529 479 1597 majestate
509 1528 626 1602 aliisque
651 1529 761 1586 indiciis
784 1531 942 1600 patriarcba
966 1532 1041 1586 oolli-

205 1613 306 1686 gebat,
337 1631 424 1668 unum
453 1613 544 1682 illum,
578 1633 661 1687 quem
686 1615 827 1688 sigillatim
849 1617 1042 1688 compellabat,

205 1716 265 1755 4444
291 1700 364 1756 14144
390 1717 437 1756 444
464 1700 637 1771 primarium,
670 1719 752 1774 quem
780 1703 880 1774 reliqui
909 1703 965 1759 duo
990 1704 1043 1758 viri

205 1785 335 1842 colerent
376 1787 454 1843 Idem
484 1787 513 1842 in
538 1786 726 1859 legationibus
755 1789 916 1861 contingere
945 1795 1042 1845 notum

205 1878 261 1942 est3
291 1878 315 1929 3.
336 1872 403 1944 quia
426 1879 632 1929 unmtantnm
655 1891 688 1930 ex
705 1873 760 1928 illie
777 1881 892 1929 4444144
908 1875 1042 1946 Jebovah,

144 1997 149 2005 -
204 1963 237 2012 ut
254 1964 314 2014 tota
331 1965 477 2015 contextus
500 1959 584 2015 series
603 1959 728 2016 ostendit
762 1960 850 2032 Atqui
867 1961 891 2015 si
908 1967 963 2017 tres
981 1981 1042 2032 per·

204 2060 292 2099 sonae
308 2043 439 2098 trinitatis
451 2042 610 2099 abrahamo
627 2047 833 2116 apparuissent,
851 2047 966 2103 cuilibet
981 2047 1042 2101 illo·
1318 2084 1339 2144 0
1357 2085 1386 2143 Δ
1403 2084 1428 2144 1,
1445 2084 1473 2144 u
1492 2085 1517 2144 Τ
1551 2083 1646 2144 xm

203 2144 265 2182 rum
292 2129 376 2184 trium
405 2130 526 2185 virorum
555 2146 655 2186 nomen
681 2130 807 2187 lebovah
835 2133 1040 2201 attribueretur,
1647 2122 1656 2138 ’

204 2213 1515 2306 84414414444144441444441.3431441ᾱὶ14ΕείαωεὶΒΕὸΡΟΝὸῙΟΝΕΜ
1579 2236 1650 2302 AD
1706 2239 1903 2308 ΡΗΟΤΙ.

204 2316 300 2353 emm
323 2308 408 2368 441
437 2303 783 2372 4444441111
801 2305 1041 2404 ⁰”⁹⁶²¹'⁸⁸“⁶P‘I²‘⁸
1068 2341 1368 2408 44444444
1410 2339 1769 2407 4444444444
1811 2342 1902 2408 nx-

202 2387 301 2440 oocari
312 2388 463 2451 Jelooam,
486 2389 560 2442 nillil
576 2391 618 2441 ad
632 2403 691 2442 rem
703 2389 831 2455 fuceret,
856 2391 890 2443 id
906 2391 978 2443 caim
995 2393 1040 2443 sd·

203 2462 278 2526 circo
288 2473 360 2540 fieri
373 2473 520 2542 petiisset,
540 2476 617 2543 quod
632 2475 748 2544 qualibet
766 2491 862 2528 eorum
881 2492 900 2528 a
911 2475 1039 2530 Jeaooal
1374 2441 1595 2507 HIBENS·

202 2559 303 2612 44414444
320 2568 398 2615 mat.
418 2561 540 2614 Missum
558 2561 631 2613 caim
648 2560 780 2614 mittentia
796 2561 907 2615 4444144
923 2563 953 2614 ia
968 2563 1040 2616 414144·-

202 2644 355 2698 4141114414
373 2646 524 2714 appellari.
559 2644 615 2702 Sed
639 2645 709 2700 baec
729 2650 772 2701 est
788 2646 888 2716 petitio
903 2647 1039 2718 principii,
1104 2649 1159 2699 166.
1194 2643 1380 2714 Exposuimus
1405 2644 1538 2700 hactenus
1557 2643 1711 2699 membrum
1731 2644 1812 2716 priua
1837 2666 1902 2721 upa

203 2728 374 2784 ostendimus
392 2729 464 2784 enim
484 2730 615 2795 suoloeo,
633 2736 756 2786 creatum
769 2732 900 2803 angelum
912 2733 1039 2803 nuspiam
1065 2735 1265 2801 γμαιοὶογίας,
1302 2732 1377 2803 quod
1407 2732 1461 2786 fuit
1491 2727 1761 2795 earnemcarnem,
1780 2733 1902 2788 succedit

202 2814 297 2870 444441
312 2813 423 2870 nomine
438 2815 494 2870 Dei
511 2815 633 2887 proprio.
1066 2817 1218 2872 membrum
1240 2818 1389 2887 posterius,
1418 2818 1492 2890 quod
1515 2817 1568 2872 erit
1587 2816 1841 2886 414444444444464,
1859 2836 1902 2874 uo·

132 2927 144 2955 0
241 2903 298 2957 165.
331 2900 426 2973 Atque
443 2900 497 2956 bae
514 2908 581 2957 sunt
600 2904 673 2958 duae
691 2905 806 2972 classes,
825 2906 852 2959 in
872 2920 940 2976 quas
958 2905 992 2961 V.
1006 2904 1038 2959 T.
1066 2901 1197 2974 gentibus
1214 2902 1345 2957 minitatis
1363 2903 1525 2973 mysterium
1543 2903 1707 2974 oppositum.
1736 2904 1904 2959 Plotinioai

123 2994 129 3005 ’
162 2994 169 3008 ·
203 2986 293 3057 dicta,
321 3002 393 3058 quae
416 3003 468 3057 pro
486 2988 654 3044 adstruendo
671 2989 803 3045 trinitatis
824 2989 955 3062 mysterio
976 3007 1038 3061 pro-
1065 2988 1117 3042 1444
1143 2989 1305 3059 mysterium
1324 3003 1380 3042 non
1400 2989 1489 3042 solum
1508 2989 1687 3059 pertinaciter
1704 2995 1827 3060 negant,
1853 2989 1902 3045 sed

202 3073 343 3142 feruntur,
369 3072 497 3128 distribui
522 3082 653 3145 possunt;
676 3075 710 3131 N.
727 3075 761 3129 Τ.
777 3076 852 3131 dieta
875 3078 903 3131 in
921 3084 1039 3148 quatuor
1065 3075 1150 3129 etiam
1171 3074 1271 3128 acriter
1285 3074 1449 3145 impugnant
1461 3090 1494 3129 ac
1509 3074 1684 3144 impudenter
1695 3073 1902 3146 blasphemant
1913 3069 1928 3112 ¹·
1938 3068 1968 3118 ¹¹¹

202 3158 305 3215 classes
331 3159 466 3231 distingui
493 3168 623 3231 possunt:
662 3169 683 3217 1.
712 3162 855 3227 Quaedam
882 3163 910 3216 in
937 3180 1038 3235 genere
1064 3159 1239 3230 Argumenta
1255 3160 1378 3230 ipsorum
1397 3160 1433 3214 ad
1454 3159 1522 3214 duas
1542 3159 1637 3215 referri
1656 3167 1778 3230 possunt
1793 3125 1968 3262 annii}

200 3245 389 3317 pluralitatem
420 3263 601 3318 personarum
633 3248 662 3304 in
692 3249 792 3303 divinis
808 3249 936 3320 probant,
967 3266 1038 3320 quae
1068 3253 1089 3301 1.
1109 3246 1252 3310 Quaedam
1272 3244 1358 3315 potita
1375 3252 1440 3300 sunt
1457 3263 1489 3299 44
1504 3246 1669 3314 8441414444
1683 3247 1769 3300 diutia
1784 3225 1968 3326 pessime&

201 3330 307 3387 militet
328 3332 359 3387 in
378 3331 480 3403 plurali
503 3332 539 3388 de
557 3333 618 3388 Deo
639 3334 792 3407 loquuntur
808 3335 871 3390 Joh.
891 3341 921 3403 3,
946 3353 969 3390 4.
991 3342 1036 3391 114
1065 3331 1187 3387 detortis.
1232 3338 1255 3387 2.
1287 3332 1429 3398 Quaedam
1460 3351 1493 3388 ex
1519 3333 1673 3402 principib
1694 3332 1902 3405 plalcaopliois

204 3416 286 3481 Quod
302 3418 415 3481 scimus,
435 3419 592 3487 loquimur,
612 3428 638 3473 et
655 3424 732 3491 quod
748 3422 876 3489 vidimata,
897 3430 1037 3487 testamur,
1064 3417 1182 3488 pessime
1208 3418 1361 3489 applicatis.
1403 3418 1488 3473 Dicta
1510 3418 1682 3490 Scripturae,
1709 3436 1783 3491 quac
1806 3393 1968 3497 4441441411

202 3503 433 3557 armamentum
449 3512 572 3558 noctram
589 3522 670 3559 nemo
686 3507 796 3575 accipit.
831 3506 952 3571 Quidam
968 3509 1038 3562 refe·
1064 3505 1215 3558 trinitatem
1232 3521 1411 3574 personarum
1429 3511 1545 3576 urgent,
1563 3505 1631 3559 14444
1650 3512 1729 3574 sunt,
1751 3507 1782 3560 in
1798 3506 1901 3578 quibus
1911 3495 1968 3600 ffi

200 3594 267 3643 rrmt
294 3588 331 3643 ad
354 3588 521 3661 propbetas,
554 3591 693 3660 apostolos
721 3597 750 3646 et
780 3591 842 3648 Jou.
873 3592 1036 3662 Baptistam.
1064 3591 1148 3645 Pater
1165 3590 1276 3644 Domini
1294 3592 1381 3646 nostri
1390 3591 1459 3647 lesu
1473 3591 1664 3645 Christicolae
1682 3608 1717 3644 uc
1735 3609 1901 3646 4444444444

202 3673 321 3740 Quidam
339 3675 367 3728 in
384 3691 487 3746 genere
509 3675 544 3730 de
561 3676 689 3732 omnibus
710 3676 840 3732 fidelibus
857 3679 973 3733 testibus
993 3697 1037 3734 ex·
1066 3679 1145 3729 Deua
1159 3676 1261 3730 dicitur
1272 3676 1334 3731 Job.
1348 3683 1386 3744 11,
1402 3695 1427 3730 4.
1440 3682 1461 3732 3.
1475 3676 1574 3747 Ephea.
1584 3684 1608 3746 1,
1618 3695 1644 3730 4.
1657 3681 1682 3731 6.
1698 3683 1718 3731 1.
1729 3675 1794 3731 Cor.
1808 3683 1834 3746 8,
1847 3683 1900 3733 46.

201 3767 315 3834 ponunt.
351 3761 471 3826 Quidam
488 3761 629 3818 Christum
648 3763 682 3818 de
707 3780 737 3818 se
756 3764 814 3819 4414
831 3766 859 3819 in
878 3765 980 3835 plurali
998 3766 1037 3820 lo·
1065 3768 1115 3816 414.
1153 3762 1208 3817 Sed
1232 3763 1401 3818 ostendimus
1427 3763 1456 3817 in
1479 3768 1558 3817 tract.
1577 3761 1700 3833 proxime
1716 3763 1902 3832 praecedente

202 3852 296 3903 cutum
322 3852 474 3903 autumant.
510 3848 630 3914 Quidam
655 3856 685 3903 ut
704 3850 905 3920 proverbialem
921 3851 1036 3907 locutio·
1064 3848 1214 3918 particulas
1231 3848 1292 3902 illas
1314 3848 1481 3916 exclusiraa,
1499 3867 1583 3911 44444,
1603 3848 1688 3910 44144,
1707 3853 1763 3902 414.
1781 3865 1839 3903 non
1857 3866 1902 3920 op

202 3949 266 3989 nem
287 3932 435 4003 accipiunt.
471 3933 526 3990 Sed
543 3933 665 4004 cyrillus
683 3936 902 3990 commodissime
924 3937 961 3991 ad
977 3955 1037 4008 my·
1064 3933 1129 4003 poni
1153 3932 1266 4004 reliquis
1293 3933 1405 3988 deitatis
1430 3934 1568 4005 personis,
1592 3949 1689 3988 verum
1712 3933 1851 3988 creaturis
1876 3941 1902 3989 et

202 4018 316 4074 4144144444
339 4018 472 4073 trinitatis
498 4018 595 4088 refert,
624 4020 691 4091 quia
717 4020 792 4075 solus
817 4021 956 4086 Christus,
982 4039 1037 4077 non
1064 4018 1169 4073 fictitiis
1195 4019 1370 4086 numinibus,
1398 4036 1469 4091 quae
1493 4026 1558 4076 sunt
1581 4027 1658 4075 extra
1677 4019 1792 4074 deitatis
1813 4036 1900 4075 44444-

201 4111 294 4160 autem
312 4103 442 4174 Baptista
458 4104 503 4159 441
520 4105 594 4160 ullus
612 4105 682 4160 alius
700 4107 879 4179 evangelicae
895 4107 1037 4178 praedica·
1064 4105 1139 4159 tiam.
1180 4105 1253 4171 Quid
1281 4105 1310 4159 in
1337 4121 1438 4176 genere
1468 4107 1504 4160 ad
1528 4106 1729 4175 philosophica
1756 4107 1901 4176 principia

200 4190 283 4246 tionis
303 4189 428 4244 minister
449 4190 520 4244 vidit
542 4190 679 4246 coelestia
715 4192 778 4248 Joh.
802 4200 829 4262 1,
854 4210 880 4249 4.
905 4200 942 4249 16.
972 4200 1037 4259 43,
1065 4190 1129 4245 huie
1154 4191 1286 4261 mysterio
1309 4191 1428 4261 pessime
1451 4191 1591 4261 applicata
1613 4191 1841 4262 respondendnm
1859 4192 1899 4257 411,

85 4296 126 4341 m,
136 4282 188 4339 'aaa
200 4294 227 4333 4.
253 4283 291 4333 13.
322 4276 397 4330 solus
422 4274 548 4330 Christus
575 4294 646 4348 quae
671 4278 730 4348 ipae
754 4280 821 4346 scit,
847 4295 953 4349 quaeve
978 4281 1039 4351 ipse
1065 4275 1235 4332 ostendimus
1258 4276 1384 4346 superius
1408 4277 1437 4331 in
1462 4283 1624 4351 4443444414
1647 4276 1718 4332 thesi
1743 4283 1767 4333 6.
1796 4278 1899 4348 specia-

202 4360 282 4431 vidit,
299 4361 431 4434 loquitur,
450 4361 641 4432 prophetaeet
657 4363 773 4434 apostoli
792 4379 833 4432 ca,
852 4381 924 4434 quae
944 4382 977 4419 ex
997 4383 1038 4421 re-
1065 4363 1119 4418 lem
1145 4363 1315 4433 argutiarum
1339 4362 1565 4418 Photiuianorum
1595 4360 1810 4432 explicationem
1842 4379 1899 4435 pro

201 4446 340 4502 velatione
351 4447 525 4511 audiverunt,
544 4438 630 4503 locuti
645 4455 718 4517 sunt,
738 4448 812 4503 unde
826 4449 946 4519 ipsorum
958 4468 1037 4522 prac-
1065 4446 1206 4518 potuimus
1239 4447 1267 4500 in
1303 4447 1356 4502 144.
1386 4447 1420 4502 de
1449 4448 1538 4502 tribua
1572 4447 1681 4502 Elohim
1713 4444 1741 4521 ξ
1773 4453 1822 4517 833
1851 4447 1900 4502 141

201 4532 305 4589 dicatio
323 4539 439 4587 vocatur
455 4533 571 4587 44411144
591 4533 637 4589 Es.
657 4539 699 4601 5³,
718 4552 742 4587 4.
765 4540 791 4602 1;
819 4551 871 4591 nee
890 4535 957 4590 satis
975 4555 1038 4591 con·
1064 4534 1150 4604 igitur
1166 4533 1227 4586 loeo
1243 4540 1299 4587 tres
1318 4532 1451 4588 duntaxat
1464 4534 1587 4605 argutias
1605 4533 1634 4587 in
1652 4533 1747 4604 specie
1764 4535 1899 4590 examina·

200 4619 343 4674 renienter
365 4618 506 4687 Christus,
536 4636 719 4693 superquam
744 4622 893 4694 requiescit
920 4623 1037 4692 Spiritus
1064 4619 1163 4673 bimus.

200 4703 254 4762 Dei
272 4703 321 4762 Es.
343 4710 387 4768 11,
406 4723 430 4757 4.
453 4710 475 4760 2.
493 4720 516 4759 4.
534 4710 576 4772 61,
595 4723 620 4760 4.
643 4712 663 4764 l.
685 4707 798 4778 reliquis
816 4706 980 4779 vulgaribus
997 4715 1037 4763 te·

200 4791 290 4848 atr'bua
320 4796 563 4860 annumeraretur,
599 4792 702 4847 rectius
733 4793 819 4865 igitur
849 4795 884 4850 de
918 4796 1038 4852 testibus
1102 4795 1157 4846 161.
1197 4795 1216 4843 l.
1246 4789 1290 4842 Ab
1315 4789 1450 4842 carcallae
1475 4788 1588 4841 41141444
1609 4789 1725 4844 4411414.
1763 4788 1830 4847 Una
1852 4808 1898 4844 444·

199 4875 567 4933 mturaetessentiadivinis
577 4877 719 4948 accipitur,
733 4879 815 4948 juxte
826 4879 1037 4950 explicationem
1064 4893 1139 4930 mero
1159 4877 1279 4930 cosentia
1298 4882 1529 4944 conpetentem
1542 4875 1676 4944 plurimu
1685 4877 1819 4944 pmsoaia
1831 4894 1898 4931 eom·

199 4962 332 5019 “aditam
352 4961 417 5020 Joh.
436 4968 460 5030 5,
478 4979 505 5018 4.
525 4967 566 5017 31.
585 4969 614 5016 41
634 4969 654 5018 1.
674 4961 736 5018 1414.
757 4970 781 5031 5,
799 4982 824 5017 4.
843 4972 866 5020 1.
902 4966 948 5020 Ad
965 4966 1037 5022 144444
1064 4964 1164 5018 munia.
1201 4964 1328 5016 Peraoaa
1346 4961 1419 5014 caim
1435 4968 1474 5014 441
1492 4961 1651 5029 intelligens
1669 4961 1824 5017 individua
1841 4963 1898 5016 eut

200 5037 317 5105 4114444444
335 5047 476 5119 portinent
498 5047 581 5101 etiam
604 5046 674 5104 baec
694 5047 775 5107 ,dicta
791 5048 854 5104 lob.
876 5056 922 5121 10,
945 5069 971 5108 4.
990 5057 1037 5107 30:
1063 5051 1177 5103 4144114.
1214 5049 1293 5116 Ergo
1313 5048 1361 5101 abi
1378 5055 1435 5101 tres
1450 5062 1605 5116 perronae,
1623 5047 1664 5099 ibi
1681 5053 1739 5100 1444
1757 5049 1898 5102 caecator.

200 5134 264 5202 Epo
283 5141 310 5188 el
325 5135 518 5188 Paternacum
536 5134 721 5191 4444444141.
744 5140 783 5204 11,
803 5153 829 5188 4.
848 5141 897 5191 23:
923 5138 958 5192 Si
974 5139 1038 5208 quia
1063 5134 1147 5205 Reep.
1176 5141 1197 5189 1.
1223 5133 1369 5189 Galatinus
1393 5133 1454 5188 libr.
1480 5138 1503 5189 2.
1530 5132 1565 5186 de
1590 5132 1699 5186 arcanis
1724 5133 1798 5188 catlr.
1825 5133 1898 5189 verit

201 5219 297 5287 dilips't
315 5235 365 5288 mc,
383 5235 536 5274 sermonem
555 5236 645 5274 mcum
663 5223 791 5290 44444141,
811 5229 837 5275 41
854 5224 944 5277 Pater
961 5241 1038 5279 merra
1063 5238 1086 5276 4.
1112 5227 1135 5276 2.
1162 5219 1274 5290 profert.
1301 5220 1372 5274 hanc
1390 5218 1565 5274 instantiam:
1594 5219 1629 5272 Si
1650 5237 1709 5272 444
1726 5236 1844 5272 numero
1861 5236 1898 5272 ea

200 5305 298 5373 deligit
319 5321 387 5373 sara,
405 5313 432 5358 at
449 5308 490 5359 ad
506 5322 566 5360 eum
583 5308 721 5361 veniamus
735 5315 761 5362 et
774 5309 945 5364 4444414444
958 5312 1039 5382 apud
1063 5307 1154 5361 444114
1172 5308 1271 5361 divina
1288 5307 1348 5359 aiae
1366 5306 1412 5358 sui
1426 5304 1663 5374 multiplicatione
1680 5312 1775 5374 pateat
1795 5305 1899 5358 444414

200 5406 262 5445 44444
277 5389 425 5455 faciemus.
462 5396 486 5448 2.
506 5390 649 5455 Quaedam
668 5393 829 5449 describunt
848 5395 956 5452 divinas
973 5403 1037 5452 344-
1058 5394 1192 5462 plarilaa
1209 5393 1287 5460 14414,
1308 5393 1404 5462 ratique
1421 5394 1520 5446 cadem
1536 5390 1597 5443 aiae
1608 5391 1653 5443 444·
1664 5390 1900 5460 madtspls'eatiose
