<?xml version="1.0" encoding="UTF-8"?>
<!DOCTYPE html PUBLIC "-//W3C//DTD XHTML 1.0 Transitional//EN"
    "http://www.w3.org/TR/xhtml1/DTD/xhtml1-transitional.dtd">
<html xmlns="http://www.w3.org/1999/xhtml" xml:lang="en" lang="en">
 <head>
  <title>
</title>
<meta http-equiv="Content-Type" content="text/html;charset=utf-8" />
  <meta name='ocr-system' content='tesseract 3.04.00' />
  <meta name='ocr-capabilities' content='ocr_page ocr_carea ocr_par ocr_line ocrx_word'/>
</head>
<body>
  <div class='ocr_page' id='page_1' title='image "./locitheologicic00gerhgoog/locitheologicic00gerhgoog_0578.png"; bbox 0 0 3984 6022; ppageno 0'>
   <div class='ocr_carea' id='block_1_1' title="bbox 619 287 1790 363">
    <p class='ocr_par' dir='ltr' id='par_1_1' title="bbox 619 287 1790 363">
     <span class='ocr_line' id='line_1_1' title="bbox 619 287 1790 363; baseline 0.015 -16"><span class='ocrx_word' id='word_1_1' title='bbox 619 289 671 347; x_wconf 86' lang='lat' dir='ltr'>DE</span> <span class='ocrx_word' id='word_1_2' title='bbox 688 288 864 349; x_wconf 80' lang='lat' dir='ltr'><strong>PERSONA</strong></span> <span class='ocrx_word' id='word_1_3' title='bbox 882 288 933 344; x_wconf 81' lang='grc' dir='ltr'>ΕΤ</span> <span class='ocrx_word' id='word_1_4' title='bbox 949 287 1101 347; x_wconf 74' lang='lat' dir='ltr'>Officio</span> <span class='ocrx_word' id='word_1_5' title='bbox 1120 291 1281 349; x_wconf 79' lang='lat' dir='ltr'>CHRISTI.</span> <span class='ocrx_word' id='word_1_6' title='bbox 1731 307 1790 363; x_wconf 77' lang='lat'>549</span> 
     </span>
    </p>
   </div>
   <div class='ocr_carea' id='block_1_2' title="bbox 38 445 1904 5632">
    <p class='ocr_par' dir='ltr' id='par_1_2' title="bbox 38 445 1904 5632">
     <span class='ocr_line' id='line_1_2' title="bbox 99 445 1793 520; baseline 0.005 -21"><span class='ocrx_word' id='word_1_7' title='bbox 99 445 222 500; x_wconf 82' lang='lat' dir='ltr'>hamana</span> <span class='ocrx_word' id='word_1_8' title='bbox 246 454 348 501; x_wconf 83' lang='lat' dir='ltr'>natura</span> <span class='ocrx_word' id='word_1_9' title='bbox 361 447 444 518; x_wconf 73' lang='lat' dir='ltr'>psius</span> <span class='ocrx_word' id='word_1_10' title='bbox 463 450 660 510; x_wconf 84' lang='lat' dir='ltr'>condcrnnata,</span> <span class='ocrx_word' id='word_1_11' title='bbox 682 466 755 500; x_wconf 85' lang='lat' dir='ltr'>nanc</span> <span class='ocrx_word' id='word_1_12' title='bbox 774 447 856 501; x_wconf 72' lang='lat' dir='ltr'>anda</span> <span class='ocrx_word' id='word_1_13' title='bbox 875 446 935 513; x_wconf 86' lang='lat' dir='ltr'>Dei</span> <span class='ocrx_word' id='word_1_14' title='bbox 960 446 1038 499; x_wconf 87' lang='lat' dir='ltr'>coelo</span> <span class='ocrx_word' id='word_1_15' title='bbox 1063 447 1216 501; x_wconf 64' lang='grc'><strong>(1111111111.</strong></span> <span class='ocrx_word' id='word_1_16' title='bbox 1252 448 1391 520; x_wconf 87' lang='lat' dir='ltr'>Respond.</span> <span class='ocrx_word' id='word_1_17' title='bbox 1416 449 1445 504; x_wconf 90' lang='lat' dir='ltr'>in</span> <span class='ocrx_word' id='word_1_18' title='bbox 1469 466 1503 504; x_wconf 87' lang='lat' dir='ltr'>sa</span> <span class='ocrx_word' id='word_1_19' title='bbox 1525 450 1688 506; x_wconf 72' lang='lat' dir='ltr'><strong>describitur</strong></span> <span class='ocrx_word' id='word_1_20' title='bbox 1706 453 1793 507; x_wconf 69' lang='lat' dir='ltr'>incar</span> 
     </span>
     <span class='ocr_line' id='line_1_3' title="bbox 104 530 1810 611; baseline 0.005 -25"><span class='ocrx_word' id='word_1_21' title='bbox 104 534 192 587; x_wconf 84' lang='lat' dir='ltr'>Verbo</span> <span class='ocrx_word' id='word_1_22' title='bbox 209 534 398 603; x_wconf 84' lang='lat' dir='ltr'>personaliter</span> <span class='ocrx_word' id='word_1_23' title='bbox 428 535 458 587; x_wconf 91' lang='lat' dir='ltr'>in</span> <span class='ocrx_word' id='word_1_24' title='bbox 484 533 562 587; x_wconf 88' lang='lat' dir='ltr'>coeto</span> <span class='ocrx_word' id='word_1_25' title='bbox 588 534 678 602; x_wconf 81' lang='lat' dir='ltr'>sedet,</span> <span class='ocrx_word' id='word_1_26' title='bbox 708 541 735 586; x_wconf 91' lang='lat' dir='ltr'>et</span> <span class='ocrx_word' id='word_1_27' title='bbox 763 533 799 585; x_wconf 83' lang='lat' dir='ltr'>ab</span> <span class='ocrx_word' id='word_1_28' title='bbox 824 532 933 602; x_wconf 71' lang='lat' dir='ltr'>anystis</span> <span class='ocrx_word' id='word_1_29' title='bbox 958 530 1035 586; x_wconf 87' lang='lat' dir='ltr'>natio</span> <span class='ocrx_word' id='word_1_30' title='bbox 1058 536 1087 585; x_wconf 89' lang='lat' dir='ltr'>et</span> <span class='ocrx_word' id='word_1_31' title='bbox 1111 534 1258 588; x_wconf 74' lang='lat' dir='ltr'><em>inclinatio</em></span> <span class='ocrx_word' id='word_1_32' title='bbox 1280 534 1343 601; x_wconf 89' lang='lat' dir='ltr'>illa,</span> <span class='ocrx_word' id='word_1_33' title='bbox 1369 539 1402 589; x_wconf 90' lang='lat' dir='ltr'>ut</span> <span class='ocrx_word' id='word_1_34' title='bbox 1424 535 1576 607; x_wconf 89' lang='lat' dir='ltr'>loquuntur</span> <span class='ocrx_word' id='word_1_35' title='bbox 1593 544 1711 608; x_wconf 85' lang='lat' dir='ltr'>veteres,</span> <span class='ocrx_word' id='word_1_36' title='bbox 1739 554 1810 611; x_wconf 64' lang='lat' dir='ltr'>qua,</span> 
     </span>
     <span class='ocr_line' id='line_1_4' title="bbox 98 616 1792 694; baseline 0.005 -23"><span class='ocrx_word' id='word_1_37' title='bbox 98 621 247 688; x_wconf 82' lang='lat' dir='ltr'>adoratur,</span> <span class='ocrx_word' id='word_1_38' title='bbox 265 621 363 675; x_wconf 87' lang='lat' dir='ltr'>merito</span> <span class='ocrx_word' id='word_1_39' title='bbox 372 621 457 690; x_wconf 87' lang='lat' dir='ltr'>dicit:</span> <span class='ocrx_word' id='word_1_40' title='bbox 475 621 545 673; x_wconf 90' lang='lat' dir='ltr'>data</span> <span class='ocrx_word' id='word_1_41' title='bbox 565 627 605 672; x_wconf 89' lang='lat' dir='ltr'>est</span> <span class='ocrx_word' id='word_1_42' title='bbox 623 619 693 672; x_wconf 83' lang='lat' dir='ltr'>mitti</span> <span class='ocrx_word' id='word_1_43' title='bbox 708 619 798 673; x_wconf 87' lang='lat' dir='ltr'>omnis</span> <span class='ocrx_word' id='word_1_44' title='bbox 806 616 932 688; x_wconf 85' lang='lat' dir='ltr'>potestas</span> <span class='ocrx_word' id='word_1_45' title='bbox 959 617 1053 671; x_wconf 87' lang='lat' dir='ltr'>divina</span> <span class='ocrx_word' id='word_1_46' title='bbox 1074 620 1205 688; x_wconf 86' lang='lat' dir='ltr'>majestas</span> <span class='ocrx_word' id='word_1_47' title='bbox 1224 619 1287 674; x_wconf 81' lang='lat' dir='ltr'>Filii</span> <span class='ocrx_word' id='word_1_48' title='bbox 1312 621 1341 674; x_wconf 92' lang='lat' dir='ltr'>in</span> <span class='ocrx_word' id='word_1_49' title='bbox 1366 622 1430 690; x_wconf 88' lang='lat' dir='ltr'>ipsa</span> <span class='ocrx_word' id='word_1_50' title='bbox 1454 622 1622 694; x_wconf 74' lang='grc' dir='ltr'><strong><em>ἒνσαρκώσει</em></strong></span> <span class='ocrx_word' id='word_1_51' title='bbox 1645 624 1681 678; x_wconf 86' lang='lat' dir='ltr'>ad</span> <span class='ocrx_word' id='word_1_52' title='bbox 1702 626 1792 680; x_wconf 89' lang='lat' dir='ltr'>carnis</span> 
     </span>
     <span class='ocr_line' id='line_1_5' title="bbox 97 705 1792 782; baseline 0.006 -26"><span class='ocrx_word' id='word_1_53' title='bbox 97 706 129 757; x_wconf 90' lang='lat' dir='ltr'>in</span> <span class='ocrx_word' id='word_1_54' title='bbox 157 706 248 774; x_wconf 89' lang='lat' dir='ltr'>coelo,</span> <span class='ocrx_word' id='word_1_55' title='bbox 278 708 376 760; x_wconf 86' lang='lat' dir='ltr'>etenim</span> <span class='ocrx_word' id='word_1_56' title='bbox 403 708 525 760; x_wconf 81' lang='lat' dir='ltr'>bernano</span> <span class='ocrx_word' id='word_1_57' title='bbox 551 713 655 760; x_wconf 79' lang='grc'><strong>111111</strong></span> <span class='ocrx_word' id='word_1_58' title='bbox 675 706 760 776; x_wconf 86' lang='lat' dir='ltr'>prius</span> <span class='ocrx_word' id='word_1_59' title='bbox 786 706 930 774; x_wconf 74' lang='grc'><strong>1111111111,</strong></span> <span class='ocrx_word' id='word_1_60' title='bbox 957 708 1068 759; x_wconf 82' lang='grc'><strong>1011111</strong></span> <span class='ocrx_word' id='word_1_61' title='bbox 1085 705 1272 762; x_wconf 83' lang='lat' dir='ltr'>infirmitatem</span> <span class='ocrx_word' id='word_1_62' title='bbox 1291 724 1351 763; x_wconf 86' lang='lat' dir='ltr'>sese</span> <span class='ocrx_word' id='word_1_63' title='bbox 1375 707 1492 776; x_wconf 79' lang='lat' dir='ltr'>dimisit,</span> <span class='ocrx_word' id='word_1_64' title='bbox 1517 709 1592 764; x_wconf 89' lang='lat' dir='ltr'>unde</span> <span class='ocrx_word' id='word_1_65' title='bbox 1614 711 1641 764; x_wconf 90' lang='lat' dir='ltr'>in</span> <span class='ocrx_word' id='word_1_66' title='bbox 1666 713 1792 782; x_wconf 88' lang='lat' dir='ltr'>symbolo</span> 
     </span>
     <span class='ocr_line' id='line_1_6' title="bbox 97 787 1793 864; baseline 0.006 -21"><span class='ocrx_word' id='word_1_67' title='bbox 97 810 170 844; x_wconf 84' lang='lat' dir='ltr'>nanc</span> <span class='ocrx_word' id='word_1_68' title='bbox 194 794 232 863; x_wconf 83' lang='lat' dir='ltr'>in</span> <span class='ocrx_word' id='word_1_69' title='bbox 245 791 355 847; x_wconf 77' lang='lat' dir='ltr'>Christo</span> <span class='ocrx_word' id='word_1_70' title='bbox 382 792 502 863; x_wconf 88' lang='lat' dir='ltr'>imperat</span> <span class='ocrx_word' id='word_1_71' title='bbox 528 792 661 848; x_wconf 83' lang='lat' dir='ltr'>omnibus.</span> <span class='ocrx_word' id='word_1_72' title='bbox 696 791 730 846; x_wconf 92' lang='lat' dir='ltr'>In</span> <span class='ocrx_word' id='word_1_73' title='bbox 752 809 776 847; x_wconf 89' lang='lat' dir='ltr'>c.</span> <span class='ocrx_word' id='word_1_74' title='bbox 798 787 928 847; x_wconf 77' lang='grc'><strong>’1.111111.</strong></span> <span class='ocrx_word' id='word_1_75' title='bbox 956 789 1062 845; x_wconf 90' lang='lat' dir='ltr'>Niceno</span> <span class='ocrx_word' id='word_1_76' title='bbox 1097 793 1190 847; x_wconf 90' lang='lat' dir='ltr'>statim</span> <span class='ocrx_word' id='word_1_77' title='bbox 1229 793 1342 847; x_wconf 75' lang='lat' dir='ltr'>additur</span> <span class='ocrx_word' id='word_1_78' title='bbox 1379 794 1542 864; x_wconf 77' lang='lat' dir='ltr'>explicatio:</span> <span class='ocrx_word' id='word_1_79' title='bbox 1584 797 1641 849; x_wconf 88' lang='lat' dir='ltr'>ET</span> <span class='ocrx_word' id='word_1_80' title='bbox 1677 798 1793 854; x_wconf 86' lang='lat' dir='ltr'><em>HOMO</em></span> 
     </span>
     <span class='ocr_line' id='line_1_7' title="bbox 98 877 1793 952; baseline 0.004 -21"><span class='ocrx_word' id='word_1_81' title='bbox 98 895 182 948; x_wconf 92' lang='lat' dir='ltr'>super</span> <span class='ocrx_word' id='word_1_82' title='bbox 192 877 289 933; x_wconf 84' lang='lat' dir='ltr'>verba:</span> <span class='ocrx_word' id='word_1_83' title='bbox 309 879 457 934; x_wconf 83' lang='lat' dir='ltr'>Eacetsior</span> <span class='ocrx_word' id='word_1_84' title='bbox 470 878 556 933; x_wconf 87' lang='lat' dir='ltr'>coelis</span> <span class='ocrx_word' id='word_1_85' title='bbox 561 880 680 946; x_wconf 88' lang='lat' dir='ltr'>sactus:</span> <span class='ocrx_word' id='word_1_86' title='bbox 701 877 729 932; x_wconf 86' lang='lat' dir='ltr'>ni</span> <span class='ocrx_word' id='word_1_87' title='bbox 743 879 775 932; x_wconf 79' lang='lat' dir='ltr'>dl</span> <span class='ocrx_word' id='word_1_88' title='bbox 786 877 931 949; x_wconf 77' lang='grc' dir='ltr'><strong><em>γινόμενος</em></strong></span> <span class='ocrx_word' id='word_1_89' title='bbox 957 877 1115 933; x_wconf 82' lang='lat' dir='ltr'>FACTUS</span> <span class='ocrx_word' id='word_1_90' title='bbox 1140 880 1226 935; x_wconf 82' lang='lat' dir='ltr'>EST.</span> <span class='ocrx_word' id='word_1_91' title='bbox 1271 880 1396 936; x_wconf 87' lang='lat' dir='ltr'>Tertium</span> <span class='ocrx_word' id='word_1_92' title='bbox 1425 899 1458 935; x_wconf 82' lang='lat' dir='ltr'>ea</span> <span class='ocrx_word' id='word_1_93' title='bbox 1480 883 1736 952; x_wconf 70' lang='lat' dir='ltr'>propositionibus,</span> <span class='ocrx_word' id='word_1_94' title='bbox 1763 887 1793 938; x_wconf 88' lang='lat' dir='ltr'>in</span> 
     </span>
     <span class='ocr_line' id='line_1_8' title="bbox 95 962 1793 1039; baseline 0.005 -21"><span class='ocrx_word' id='word_1_95' title='bbox 95 966 181 1032; x_wconf 76' lang='grc' dir='ltr'><strong><em>δῆλον</em></strong></span> <span class='ocrx_word' id='word_1_96' title='bbox 201 964 299 1030; x_wconf 73' lang='grc' dir='ltr'>πάλιν,</span> <span class='ocrx_word' id='word_1_97' title='bbox 324 963 366 1019; x_wconf 79' lang='grc' dir='ltr'>ὅτι</span> <span class='ocrx_word' id='word_1_98' title='bbox 383 967 446 1037; x_wconf 71' lang='grc' dir='ltr'>περὶ</span> <span class='ocrx_word' id='word_1_99' title='bbox 464 967 514 1019; x_wconf 83' lang='lat' dir='ltr'>rori</span> <span class='ocrx_word' id='word_1_100' title='bbox 534 966 602 1019; x_wconf 77' lang='lat' dir='ltr'>rari</span> <span class='ocrx_word' id='word_1_101' title='bbox 621 963 719 1039; x_wconf 75' lang='grc' dir='ltr'><strong>σάρκα,</strong></span> <span class='ocrx_word' id='word_1_102' title='bbox 741 964 776 1026; x_wconf 78' lang='grc' dir='ltr'>ὠς</span> <span class='ocrx_word' id='word_1_103' title='bbox 792 962 847 1039; x_wconf 75' lang='grc' dir='ltr'>γὰρ</span> <span class='ocrx_word' id='word_1_104' title='bbox 866 965 930 1025; x_wconf 71' lang='grc' dir='ltr'>θεὸς</span> <span class='ocrx_word' id='word_1_105' title='bbox 956 965 1055 1033; x_wconf 83' lang='lat' dir='ltr'>quibas</span> <span class='ocrx_word' id='word_1_106' title='bbox 1073 963 1201 1019; x_wconf 77' lang='lat' dir='ltr'>Christus</span> <span class='ocrx_word' id='word_1_107' title='bbox 1219 968 1324 1020; x_wconf 85' lang='lat' dir='ltr'>dicitur</span> <span class='ocrx_word' id='word_1_108' title='bbox 1341 985 1391 1020; x_wconf 82' lang='lat' dir='ltr'>ren</span> <span class='ocrx_word' id='word_1_109' title='bbox 1411 976 1437 1021; x_wconf 89' lang='lat' dir='ltr'>et</span> <span class='ocrx_word' id='word_1_110' title='bbox 1454 971 1587 1022; x_wconf 84' lang='lat' dir='ltr'>sacerdos</span> <span class='ocrx_word' id='word_1_111' title='bbox 1605 978 1705 1025; x_wconf 77' lang='lat' dir='ltr'>nomer.</span> <span class='ocrx_word' id='word_1_112' title='bbox 1741 970 1793 1026; x_wconf 80' lang='lat' dir='ltr'>Rs-</span> 
     </span>
     <span class='ocr_line' id='line_1_9' title="bbox 96 1048 1793 1127; baseline 0.003 -20"><span class='ocrx_word' id='word_1_113' title='bbox 96 1052 191 1120; x_wconf 79' lang='grc' dir='ltr'><em>Λόγος</em></span> <span class='ocrx_word' id='word_1_114' title='bbox 214 1048 249 1119; x_wconf 76' lang='grc' dir='ltr'>ἦν</span> <span class='ocrx_word' id='word_1_115' title='bbox 273 1051 316 1107; x_wconf 78' lang='lat' dir='ltr'>ist</span> <span class='ocrx_word' id='word_1_116' title='bbox 341 1052 395 1106; x_wconf 77' lang='lat' dir='ltr'>suiv</span> <span class='ocrx_word' id='word_1_117' title='bbox 415 1050 542 1125; x_wconf 78' lang='grc' dir='ltr'><strong><em>οὐρανῶν</em></strong></span> <span class='ocrx_word' id='word_1_118' title='bbox 559 1048 738 1122; x_wconf 74' lang='grc' dir='ltr'><strong><em>ὑψηλότερος.</em></strong></span> <span class='ocrx_word' id='word_1_119' title='bbox 773 1051 929 1106; x_wconf 87' lang='lat' dir='ltr'>Theodore-</span> <span class='ocrx_word' id='word_1_120' title='bbox 956 1051 1138 1120; x_wconf 89' lang='lat' dir='ltr'>spondemus:</span> <span class='ocrx_word' id='word_1_121' title='bbox 1165 1053 1230 1106; x_wconf 88' lang='lat' dir='ltr'>illae</span> <span class='ocrx_word' id='word_1_122' title='bbox 1257 1054 1397 1123; x_wconf 89' lang='lat' dir='ltr'>pertinent</span> <span class='ocrx_word' id='word_1_123' title='bbox 1423 1054 1460 1108; x_wconf 88' lang='lat' dir='ltr'>ad</span> <span class='ocrx_word' id='word_1_124' title='bbox 1476 1055 1590 1110; x_wconf 88' lang='lat' dir='ltr'>tertium</span> <span class='ocrx_word' id='word_1_125' title='bbox 1610 1074 1698 1127; x_wconf 79' lang='lat' dir='ltr'>genus</span> <span class='ocrx_word' id='word_1_126' title='bbox 1719 1075 1793 1112; x_wconf 91' lang='lat' dir='ltr'>com-</span> 
     </span>
     <span class='ocr_line' id='line_1_10' title="bbox 96 1137 1792 1216; baseline 0.004 -23"><span class='ocrx_word' id='word_1_127' title='bbox 96 1146 140 1193; x_wconf 92' lang='lat' dir='ltr'>tus</span> <span class='ocrx_word' id='word_1_128' title='bbox 159 1139 232 1193; x_wconf 84' lang='lat' dir='ltr'>Dial.</span> <span class='ocrx_word' id='word_1_129' title='bbox 253 1146 283 1195; x_wconf 83' lang='lat'>2:</span> <span class='ocrx_word' id='word_1_130' title='bbox 309 1139 418 1209; x_wconf 83' lang='lat' dir='ltr'>Corpus</span> <span class='ocrx_word' id='word_1_131' title='bbox 442 1147 483 1192; x_wconf 89' lang='lat' dir='ltr'>est</span> <span class='ocrx_word' id='word_1_132' title='bbox 507 1139 605 1193; x_wconf 79' lang='lat' dir='ltr'>diuina</span> <span class='ocrx_word' id='word_1_133' title='bbox 629 1139 724 1207; x_wconf 81' lang='lat' dir='ltr'>qloria</span> <span class='ocrx_word' id='word_1_134' title='bbox 742 1138 930 1207; x_wconf 75' lang='lat' dir='ltr'>planificatum</span> <span class='ocrx_word' id='word_1_135' title='bbox 956 1137 1166 1199; x_wconf 87' lang='lat' dir='ltr'>manicationis,</span> <span class='ocrx_word' id='word_1_136' title='bbox 1205 1145 1271 1192; x_wconf 89' lang='lat' dir='ltr'>sunt</span> <span class='ocrx_word' id='word_1_137' title='bbox 1312 1140 1384 1193; x_wconf 86' lang='lat' dir='ltr'>enim</span> <span class='ocrx_word' id='word_1_138' title='bbox 1427 1142 1539 1195; x_wconf 87' lang='lat' dir='ltr'>nomina</span> <span class='ocrx_word' id='word_1_139' title='bbox 1580 1141 1677 1210; x_wconf 83' lang='lat' dir='ltr'>oflicii,</span> <span class='ocrx_word' id='word_1_140' title='bbox 1718 1147 1792 1216; x_wconf 90' lang='lat' dir='ltr'>quod</span> 
     </span>
     <span class='ocr_line' id='line_1_11' title="bbox 96 1223 1792 1300; baseline 0.005 -22"><span class='ocrx_word' id='word_1_141' title='bbox 96 1235 122 1278; x_wconf 86' lang='lat' dir='ltr'>et</span> <span class='ocrx_word' id='word_1_142' title='bbox 149 1245 168 1278; x_wconf 92' lang='lat' dir='ltr'>a</span> <span class='ocrx_word' id='word_1_143' title='bbox 191 1228 355 1281; x_wconf 80' lang='lat' dir='ltr'>coelestibus</span> <span class='ocrx_word' id='word_1_144' title='bbox 381 1228 522 1280; x_wconf 82' lang='lat' dir='ltr'>adoratur</span> <span class='ocrx_word' id='word_1_145' title='bbox 541 1227 733 1296; x_wconf 77' lang='lat' dir='ltr'>potestatibus.</span> <span class='ocrx_word' id='word_1_146' title='bbox 775 1223 928 1279; x_wconf 87' lang='lat' dir='ltr'>Primasius</span> <span class='ocrx_word' id='word_1_147' title='bbox 956 1225 1088 1293; x_wconf 85' lang='lat' dir='ltr'>competit</span> <span class='ocrx_word' id='word_1_148' title='bbox 1106 1223 1216 1279; x_wconf 85' lang='lat' dir='ltr'>Christo</span> <span class='ocrx_word' id='word_1_149' title='bbox 1236 1226 1388 1280; x_wconf 89' lang='lat' dir='ltr'>secundam</span> <span class='ocrx_word' id='word_1_150' title='bbox 1406 1234 1552 1300; x_wconf 86' lang='lat' dir='ltr'>utramque</span> <span class='ocrx_word' id='word_1_151' title='bbox 1571 1234 1707 1284; x_wconf 88' lang='lat' dir='ltr'>naturam.</span> <span class='ocrx_word' id='word_1_152' title='bbox 1735 1232 1792 1286; x_wconf 88' lang='lat' dir='ltr'>Alii</span> 
     </span>
     <span class='ocr_line' id='line_1_12' title="bbox 96 1298 1793 1388; baseline 0.004 -22"><span class='ocrx_word' id='word_1_153' title='bbox 96 1313 124 1366; x_wconf 91' lang='lat' dir='ltr'>in</span> <span class='ocrx_word' id='word_1_154' title='bbox 143 1330 166 1367; x_wconf 91' lang='lat' dir='ltr'>c.</span> <span class='ocrx_word' id='word_1_155' title='bbox 186 1319 209 1368; x_wconf 79' lang='lat'>2.</span> <span class='ocrx_word' id='word_1_156' title='bbox 227 1313 326 1368; x_wconf 74' lang='lat' dir='ltr'>Heba:</span> <span class='ocrx_word' id='word_1_157' title='bbox 345 1315 382 1367; x_wconf 89' lang='lat' dir='ltr'>Ia</span> <span class='ocrx_word' id='word_1_158' title='bbox 399 1313 457 1377; x_wconf 84' lang='lat' dir='ltr'>hoc,</span> <span class='ocrx_word' id='word_1_159' title='bbox 476 1313 649 1383; x_wconf 76' lang='lat' dir='ltr'>qaodhoma</span> <span class='ocrx_word' id='word_1_160' title='bbox 668 1321 714 1382; x_wconf 84' lang='lat' dir='ltr'>est,</span> <span class='ocrx_word' id='word_1_161' title='bbox 733 1313 841 1382; x_wconf 88' lang='lat' dir='ltr'>accepit</span> <span class='ocrx_word' id='word_1_162' title='bbox 854 1312 929 1367; x_wconf 82' lang='lat' dir='ltr'>ltere·</span> <span class='ocrx_word' id='word_1_163' title='bbox 956 1310 1064 1364; x_wconf 90' lang='lat' dir='ltr'>addunt</span> <span class='ocrx_word' id='word_1_164' title='bbox 1081 1311 1134 1364; x_wconf 92' lang='lat' dir='ltr'>hoc</span> <span class='ocrx_word' id='word_1_165' title='bbox 1152 1311 1307 1381; x_wconf 80' lang='lat' dir='ltr'>sophisma:</span> <span class='ocrx_word' id='word_1_166' title='bbox 1335 1314 1474 1384; x_wconf 75' lang='lat' dir='ltr'>Quicquid</span> <span class='ocrx_word' id='word_1_167' title='bbox 1492 1315 1604 1369; x_wconf 81' lang='lat' dir='ltr'>Christo</span> <span class='ocrx_word' id='word_1_168' title='bbox 1621 1318 1652 1370; x_wconf 90' lang='lat' dir='ltr'>in</span> <span class='ocrx_word' id='word_1_169' title='bbox 1672 1298 1793 1388; x_wconf 66' lang='lat' dir='ltr'>tempore</span> 
     </span>
     <span class='ocr_line' id='line_1_13' title="bbox 96 1398 1792 1473; baseline 0.005 -21"><span class='ocrx_word' id='word_1_170' title='bbox 96 1400 212 1452; x_wconf 79' lang='lat' dir='ltr'>ditatam</span> <span class='ocrx_word' id='word_1_171' title='bbox 232 1400 337 1468; x_wconf 84' lang='lat' dir='ltr'>maadi,</span> <span class='ocrx_word' id='word_1_172' title='bbox 356 1400 461 1454; x_wconf 80' lang='lat' dir='ltr'>honore</span> <span class='ocrx_word' id='word_1_173' title='bbox 477 1408 627 1455; x_wconf 84' lang='lat' dir='ltr'>coronatae</span> <span class='ocrx_word' id='word_1_174' title='bbox 646 1407 685 1451; x_wconf 82' lang='lat' dir='ltr'>eet</span> <span class='ocrx_word' id='word_1_175' title='bbox 704 1398 735 1451; x_wconf 86' lang='lat' dir='ltr'>in</span> <span class='ocrx_word' id='word_1_176' title='bbox 753 1399 929 1465; x_wconf 67' lang='lat' dir='ltr'>emisessione</span> <span class='ocrx_word' id='word_1_177' title='bbox 957 1398 1068 1464; x_wconf 84' lang='lat' dir='ltr'>datum,</span> <span class='ocrx_word' id='word_1_178' title='bbox 1095 1400 1247 1450; x_wconf 75' lang='grc'><strong>1111111111</strong></span> <span class='ocrx_word' id='word_1_179' title='bbox 1273 1399 1422 1453; x_wconf 75' lang='lat' dir='ltr'><strong><em>humanam</em></strong></span> <span class='ocrx_word' id='word_1_180' title='bbox 1448 1410 1581 1455; x_wconf 84' lang='lat' dir='ltr'>naturam</span> <span class='ocrx_word' id='word_1_181' title='bbox 1606 1404 1665 1473; x_wconf 84' lang='lat' dir='ltr'>ipsi</span> <span class='ocrx_word' id='word_1_182' title='bbox 1688 1406 1792 1461; x_wconf 80' lang='lat' dir='ltr'>clatum</span> 
     </span>
     <span class='ocr_line' id='line_1_14' title="bbox 95 1483 1792 1557; baseline 0.005 -19"><span class='ocrx_word' id='word_1_183' title='bbox 95 1496 228 1540; x_wconf 76' lang='lat' dir='ltr'>aeternae</span> <span class='ocrx_word' id='word_1_184' title='bbox 259 1486 425 1555; x_wconf 78' lang='lat' dir='ltr'>majestatie.</span> <span class='ocrx_word' id='word_1_185' title='bbox 475 1486 555 1541; x_wconf 76' lang='lat' dir='ltr'>Sistit</span> <span class='ocrx_word' id='word_1_186' title='bbox 587 1487 676 1540; x_wconf 82' lang='lat' dir='ltr'>Verbo</span> <span class='ocrx_word' id='word_1_187' title='bbox 709 1486 806 1540; x_wconf 85' lang='lat' dir='ltr'>omnic</span> <span class='ocrx_word' id='word_1_188' title='bbox 834 1494 929 1557; x_wconf 66' lang='lat' dir='ltr'>ereata</span> <span class='ocrx_word' id='word_1_189' title='bbox 961 1483 1031 1536; x_wconf 88' lang='lat' dir='ltr'>Unio</span> <span class='ocrx_word' id='word_1_190' title='bbox 1050 1486 1119 1537; x_wconf 87' lang='lat' dir='ltr'>data</span> <span class='ocrx_word' id='word_1_191' title='bbox 1138 1485 1197 1555; x_wconf 87' lang='lat' dir='ltr'>ipsi</span> <span class='ocrx_word' id='word_1_192' title='bbox 1214 1485 1243 1538; x_wconf 88' lang='lat' dir='ltr'>in</span> <span class='ocrx_word' id='word_1_193' title='bbox 1264 1495 1393 1556; x_wconf 87' lang='lat' dir='ltr'>tempore.</span> <span class='ocrx_word' id='word_1_194' title='bbox 1429 1491 1509 1557; x_wconf 79' lang='lat' dir='ltr'>Erqo</span> <span class='ocrx_word' id='word_1_195' title='bbox 1527 1493 1678 1544; x_wconf 77' lang='grc'><strong>1111111111</strong></span> <span class='ocrx_word' id='word_1_196' title='bbox 1697 1492 1792 1546; x_wconf 77' lang='lat' dir='ltr'>itama-</span> 
     </span>
     <span class='ocr_line' id='line_1_15' title="bbox 92 1570 1792 1649; baseline 0.004 -24"><span class='ocrx_word' id='word_1_197' title='bbox 92 1582 172 1643; x_wconf 83' lang='lat' dir='ltr'>sunt,</span> <span class='ocrx_word' id='word_1_198' title='bbox 197 1574 238 1627; x_wconf 88' lang='lat' dir='ltr'>ita</span> <span class='ocrx_word' id='word_1_199' title='bbox 263 1572 313 1627; x_wconf 82' lang='lat' dir='ltr'>ille</span> <span class='ocrx_word' id='word_1_200' title='bbox 335 1573 415 1628; x_wconf 83' lang='lat' dir='ltr'>homo</span> <span class='ocrx_word' id='word_1_201' title='bbox 440 1582 578 1628; x_wconf 83' lang='lat' dir='ltr'>assumtus</span> <span class='ocrx_word' id='word_1_202' title='bbox 604 1592 623 1626; x_wconf 89' lang='lat' dir='ltr'>a</span> <span class='ocrx_word' id='word_1_203' title='bbox 646 1574 733 1627; x_wconf 86' lang='lat' dir='ltr'>Verbo</span> <span class='ocrx_word' id='word_1_204' title='bbox 758 1590 819 1626; x_wconf 84' lang='lat' dir='ltr'>cum</span> <span class='ocrx_word' id='word_1_205' title='bbox 840 1573 929 1626; x_wconf 85' lang='lat' dir='ltr'>Verbo</span> <span class='ocrx_word' id='word_1_206' title='bbox 956 1588 1021 1622; x_wconf 91' lang='lat' dir='ltr'>nam</span> <span class='ocrx_word' id='word_1_207' title='bbox 1037 1579 1176 1624; x_wconf 80' lang='lat' dir='ltr'>naturam.</span> <span class='ocrx_word' id='word_1_208' title='bbox 1211 1570 1361 1626; x_wconf 79' lang='lat' dir='ltr'>Conclusio</span> <span class='ocrx_word' id='word_1_209' title='bbox 1380 1583 1421 1627; x_wconf 90' lang='lat' dir='ltr'>est</span> <span class='ocrx_word' id='word_1_210' title='bbox 1439 1576 1572 1630; x_wconf 84' lang='lat' dir='ltr'>absurda.</span> <span class='ocrx_word' id='word_1_211' title='bbox 1602 1578 1682 1646; x_wconf 63' lang='lat' dir='ltr'>ero</span> <span class='ocrx_word' id='word_1_212' title='bbox 1695 1579 1792 1649; x_wconf 79' lang='lat' dir='ltr'>aliqrsa</span> 
     </span>
     <span class='ocr_line' id='line_1_16' title="bbox 89 1657 1791 1736; baseline 0.004 -25"><span class='ocrx_word' id='word_1_213' title='bbox 89 1662 223 1730; x_wconf 78' lang='lat' dir='ltr'>possidet</span> <span class='ocrx_word' id='word_1_214' title='bbox 250 1661 351 1716; x_wconf 87' lang='lat' dir='ltr'>omnia.</span> <span class='ocrx_word' id='word_1_215' title='bbox 386 1661 446 1717; x_wconf 88' lang='lat' dir='ltr'>Leo</span> <span class='ocrx_word' id='word_1_216' title='bbox 469 1678 548 1731; x_wconf 80' lang='lat' dir='ltr'>serm.</span> <span class='ocrx_word' id='word_1_217' title='bbox 576 1665 600 1716; x_wconf 83' lang='lat'>3.</span> <span class='ocrx_word' id='word_1_218' title='bbox 619 1660 655 1713; x_wconf 89' lang='lat' dir='ltr'>de</span> <span class='ocrx_word' id='word_1_219' title='bbox 671 1677 746 1730; x_wconf 89' lang='lat' dir='ltr'>pass.</span> <span class='ocrx_word' id='word_1_220' title='bbox 765 1658 794 1713; x_wconf 90' lang='lat' dir='ltr'>iu</span> <span class='ocrx_word' id='word_1_221' title='bbox 811 1675 930 1731; x_wconf 87' lang='lat' dir='ltr'>persona</span> <span class='ocrx_word' id='word_1_222' title='bbox 957 1673 990 1709; x_wconf 79' lang='lat' dir='ltr'>ea</span> <span class='ocrx_word' id='word_1_223' title='bbox 1007 1657 1182 1726; x_wconf 82' lang='lat' dir='ltr'>praemissis.</span> <span class='ocrx_word' id='word_1_224' title='bbox 1219 1659 1285 1712; x_wconf 88' lang='lat' dir='ltr'>Non</span> <span class='ocrx_word' id='word_1_225' title='bbox 1303 1661 1408 1729; x_wconf 83' lang='lat' dir='ltr'>minor,</span> <span class='ocrx_word' id='word_1_226' title='bbox 1428 1680 1494 1728; x_wconf 82' lang='lat' dir='ltr'>erqo</span> <span class='ocrx_word' id='word_1_227' title='bbox 1514 1664 1615 1730; x_wconf 78' lang='lat' dir='ltr'>maior.</span> <span class='ocrx_word' id='word_1_228' title='bbox 1651 1663 1791 1736; x_wconf 83' lang='lat' dir='ltr'>Respond.</span> 
     </span>
     <span class='ocr_line' id='line_1_17' title="bbox 95 1743 1804 1818; baseline 0.002 -16"><span class='ocrx_word' id='word_1_229' title='bbox 95 1746 213 1802; x_wconf 92' lang='lat' dir='ltr'>Christi:</span> <span class='ocrx_word' id='word_1_230' title='bbox 248 1749 332 1802; x_wconf 85' lang='lat' dir='ltr'>Vobis</span> <span class='ocrx_word' id='word_1_231' title='bbox 346 1755 513 1817; x_wconf 77' lang='lat' dir='ltr'>promtatur</span> <span class='ocrx_word' id='word_1_232' title='bbox 539 1747 607 1800; x_wconf 82' lang='lat' dir='ltr'>baec</span> <span class='ocrx_word' id='word_1_233' title='bbox 636 1747 762 1800; x_wconf 87' lang='lat' dir='ltr'>ascensio</span> <span class='ocrx_word' id='word_1_234' title='bbox 792 1753 818 1799; x_wconf 89' lang='lat' dir='ltr'>et</span> <span class='ocrx_word' id='word_1_235' title='bbox 845 1763 930 1816; x_wconf 86' lang='lat' dir='ltr'>saper</span> <span class='ocrx_word' id='word_1_236' title='bbox 957 1743 1022 1797; x_wconf 90' lang='lat' dir='ltr'>unio</span> <span class='ocrx_word' id='word_1_237' title='bbox 1053 1743 1165 1814; x_wconf 88' lang='lat' dir='ltr'>proprie</span> <span class='ocrx_word' id='word_1_238' title='bbox 1200 1749 1229 1798; x_wconf 87' lang='lat' dir='ltr'>st</span> <span class='ocrx_word' id='word_1_239' title='bbox 1262 1753 1392 1801; x_wconf 86' lang='lat' dir='ltr'>accurate</span> <span class='ocrx_word' id='word_1_240' title='bbox 1429 1748 1568 1818; x_wconf 90' lang='lat' dir='ltr'>loquendo</span> <span class='ocrx_word' id='word_1_241' title='bbox 1604 1768 1659 1805; x_wconf 91' lang='lat' dir='ltr'>non</span> <span class='ocrx_word' id='word_1_242' title='bbox 1691 1751 1804 1806; x_wconf 90' lang='lat' dir='ltr'>dicitur.</span> 
     </span>
     <span class='ocr_line' id='line_1_18' title="bbox 94 1829 1792 1898; baseline 0.004 -12"><span class='ocrx_word' id='word_1_243' title='bbox 94 1852 188 1887; x_wconf 84' lang='lat' dir='ltr'>omnes</span> <span class='ocrx_word' id='word_1_244' title='bbox 215 1835 307 1888; x_wconf 86' lang='lat' dir='ltr'>coetos</span> <span class='ocrx_word' id='word_1_245' title='bbox 330 1836 372 1888; x_wconf 83' lang='lat' dir='ltr'>ad</span> <span class='ocrx_word' id='word_1_246' title='bbox 386 1835 486 1889; x_wconf 86' lang='lat' dir='ltr'>Patris</span> <span class='ocrx_word' id='word_1_247' title='bbox 504 1836 633 1897; x_wconf 74' lang='lat' dir='ltr'>dextram</span> <span class='ocrx_word' id='word_1_248' title='bbox 652 1833 821 1887; x_wconf 85' lang='lat' dir='ltr'>collocanda</span> <span class='ocrx_word' id='word_1_249' title='bbox 836 1842 929 1886; x_wconf 83' lang='lat' dir='ltr'>vestra</span> <span class='ocrx_word' id='word_1_250' title='bbox 958 1829 1068 1884; x_wconf 91' lang='lat' dir='ltr'>Christo</span> <span class='ocrx_word' id='word_1_251' title='bbox 1086 1831 1166 1898; x_wconf 89' lang='lat' dir='ltr'>data,</span> <span class='ocrx_word' id='word_1_252' title='bbox 1190 1831 1240 1885; x_wconf 90' lang='lat' dir='ltr'>sed</span> <span class='ocrx_word' id='word_1_253' title='bbox 1261 1831 1371 1888; x_wconf 87' lang='lat' dir='ltr'>divinae</span> <span class='ocrx_word' id='word_1_254' title='bbox 1389 1839 1417 1887; x_wconf 89' lang='lat' dir='ltr'>et</span> <span class='ocrx_word' id='word_1_255' title='bbox 1436 1833 1574 1889; x_wconf 88' lang='lat' dir='ltr'>humanae</span> <span class='ocrx_word' id='word_1_256' title='bbox 1590 1842 1708 1892; x_wconf 88' lang='lat' dir='ltr'>naturae</span> <span class='ocrx_word' id='word_1_257' title='bbox 1726 1837 1792 1893; x_wconf 89' lang='lat' dir='ltr'>unio</span> 
     </span>
     <span class='ocr_line' id='line_1_19' title="bbox 94 1916 1791 1993; baseline 0.003 -20"><span class='ocrx_word' id='word_1_258' title='bbox 94 1922 124 1973; x_wconf 89' lang='lat' dir='ltr'>in</span> <span class='ocrx_word' id='word_1_259' title='bbox 147 1939 189 1974; x_wconf 87' lang='lat' dir='ltr'>me</span> <span class='ocrx_word' id='word_1_260' title='bbox 214 1921 358 1974; x_wconf 78' lang='lat' dir='ltr'>humilitas</span> <span class='ocrx_word' id='word_1_261' title='bbox 384 1916 514 1975; x_wconf 81' lang='lat' dir='ltr'>eleustus.</span> <span class='ocrx_word' id='word_1_262' title='bbox 551 1919 639 1991; x_wconf 83' lang='lat' dir='ltr'>Epist.</span> <span class='ocrx_word' id='word_1_263' title='bbox 667 1924 713 1974; x_wconf 76' lang='lat'>41:</span> <span class='ocrx_word' id='word_1_264' title='bbox 743 1919 884 1988; x_wconf 74' lang='lat' dir='ltr'>Quicquid</span> <span class='ocrx_word' id='word_1_265' title='bbox 900 1920 929 1972; x_wconf 85' lang='lat' dir='ltr'>in</span> <span class='ocrx_word' id='word_1_266' title='bbox 956 1917 985 1970; x_wconf 92' lang='lat' dir='ltr'>in</span> <span class='ocrx_word' id='word_1_267' title='bbox 1014 1920 1136 1988; x_wconf 85' lang='lat' dir='ltr'>tempore</span> <span class='ocrx_word' id='word_1_268' title='bbox 1167 1916 1268 1971; x_wconf 88' lang='lat' dir='ltr'>dicitur</span> <span class='ocrx_word' id='word_1_269' title='bbox 1295 1919 1377 1973; x_wconf 84' lang='lat' dir='ltr'>facta.</span> <span class='ocrx_word' id='word_1_270' title='bbox 1424 1920 1497 1976; x_wconf 91' lang='lat' dir='ltr'>Unio</span> <span class='ocrx_word' id='word_1_271' title='bbox 1524 1940 1579 1976; x_wconf 91' lang='lat' dir='ltr'>non</span> <span class='ocrx_word' id='word_1_272' title='bbox 1605 1922 1726 1993; x_wconf 84' lang='lat' dir='ltr'>pertinet</span> <span class='ocrx_word' id='word_1_273' title='bbox 1754 1923 1791 1978; x_wconf 88' lang='lat' dir='ltr'>ad</span> 
     </span>
     <span class='ocr_line' id='line_1_20' title="bbox 93 2002 1792 2078; baseline 0.001 -15"><span class='ocrx_word' id='word_1_274' title='bbox 93 2016 216 2077; x_wconf 85' lang='lat' dir='ltr'>tempore</span> <span class='ocrx_word' id='word_1_275' title='bbox 230 2008 358 2064; x_wconf 79' lang='lat' dir='ltr'>Christus</span> <span class='ocrx_word' id='word_1_276' title='bbox 377 2009 488 2078; x_wconf 68' lang='lat' dir='ltr'>acepit,</span> <span class='ocrx_word' id='word_1_277' title='bbox 505 2008 656 2061; x_wconf 83' lang='lat' dir='ltr'>secundam</span> <span class='ocrx_word' id='word_1_278' title='bbox 667 2006 805 2061; x_wconf 87' lang='lat' dir='ltr'>hominem</span> <span class='ocrx_word' id='word_1_279' title='bbox 816 2006 929 2074; x_wconf 84' lang='lat' dir='ltr'>accipit,</span> <span class='ocrx_word' id='word_1_280' title='bbox 956 2002 1232 2057; x_wconf 83' lang='lat' dir='ltr'>communicationem</span> <span class='ocrx_word' id='word_1_281' title='bbox 1259 2002 1436 2074; x_wconf 88' lang='lat' dir='ltr'>idiomatum,</span> <span class='ocrx_word' id='word_1_282' title='bbox 1462 2008 1512 2062; x_wconf 87' lang='lat' dir='ltr'>scd</span> <span class='ocrx_word' id='word_1_283' title='bbox 1539 2016 1581 2063; x_wconf 89' lang='lat' dir='ltr'>est</span> <span class='ocrx_word' id='word_1_284' title='bbox 1606 2011 1792 2065; x_wconf 87' lang='lat' dir='ltr'>communica-</span> 
     </span>
     <span class='ocr_line' id='line_1_21' title="bbox 92 2088 1790 2167; baseline 0.002 -19"><span class='ocrx_word' id='word_1_285' title='bbox 92 2098 139 2148; x_wconf 85' lang='lat' dir='ltr'>cai</span> <span class='ocrx_word' id='word_1_286' title='bbox 163 2112 235 2167; x_wconf 86' lang='lat' dir='ltr'>qnae</span> <span class='ocrx_word' id='word_1_287' title='bbox 258 2114 314 2150; x_wconf 79' lang='lat' dir='ltr'>noer</span> <span class='ocrx_word' id='word_1_288' title='bbox 336 2095 432 2149; x_wconf 83' lang='lat' dir='ltr'>habuit</span> <span class='ocrx_word' id='word_1_289' title='bbox 457 2096 656 2163; x_wconf 74' lang='lat' dir='ltr'>conserantur,</span> <span class='ocrx_word' id='word_1_290' title='bbox 682 2110 754 2162; x_wconf 83' lang='lat' dir='ltr'>qaae</span> <span class='ocrx_word' id='word_1_291' title='bbox 779 2093 811 2146; x_wconf 89' lang='lat' dir='ltr'>in</span> <span class='ocrx_word' id='word_1_292' title='bbox 831 2095 927 2158; x_wconf 86' lang='lat' dir='ltr'>formo</span> <span class='ocrx_word' id='word_1_293' title='bbox 955 2088 1038 2142; x_wconf 90' lang='lat' dir='ltr'>tionis</span> <span class='ocrx_word' id='word_1_294' title='bbox 1067 2089 1140 2143; x_wconf 88' lang='lat' dir='ltr'>illius</span> <span class='ocrx_word' id='word_1_295' title='bbox 1168 2088 1395 2159; x_wconf 86' lang='lat' dir='ltr'>fundamentum,</span> <span class='ocrx_word' id='word_1_296' title='bbox 1424 2092 1490 2148; x_wconf 88' lang='lat' dir='ltr'>inde</span> <span class='ocrx_word' id='word_1_297' title='bbox 1518 2095 1590 2149; x_wconf 88' lang='lat' dir='ltr'>enim</span> <span class='ocrx_word' id='word_1_298' title='bbox 1616 2103 1701 2166; x_wconf 85' lang='lat' dir='ltr'>atque</span> <span class='ocrx_word' id='word_1_299' title='bbox 1727 2098 1790 2153; x_wconf 88' lang='lat' dir='ltr'>ideo</span> 
     </span>
     <span class='ocr_line' id='line_1_22' title="bbox 93 2175 1792 2252; baseline 0.001 -16"><span class='ocrx_word' id='word_1_300' title='bbox 93 2182 291 2251; x_wconf 80' lang='lat' dir='ltr'>serciaoeepit,</span> <span class='ocrx_word' id='word_1_301' title='bbox 310 2182 550 2246; x_wconf 76' lang='lat' dir='ltr'>eademinsorma</span> <span class='ocrx_word' id='word_1_302' title='bbox 560 2181 621 2234; x_wconf 89' lang='lat' dir='ltr'>Dei</span> <span class='ocrx_word' id='word_1_303' title='bbox 634 2179 719 2234; x_wconf 89' lang='lat' dir='ltr'>etiam</span> <span class='ocrx_word' id='word_1_304' title='bbox 733 2180 793 2249; x_wconf 85' lang='lat' dir='ltr'>ipse</span> <span class='ocrx_word' id='word_1_305' title='bbox 806 2181 927 2233; x_wconf 82' lang='lat' dir='ltr'>donacit.</span> <span class='ocrx_word' id='word_1_306' title='bbox 955 2191 1019 2229; x_wconf 89' lang='lat' dir='ltr'>caro</span> <span class='ocrx_word' id='word_1_307' title='bbox 1037 2175 1144 2229; x_wconf 87' lang='lat' dir='ltr'>divinas</span> <span class='ocrx_word' id='word_1_308' title='bbox 1162 2175 1257 2246; x_wconf 73' lang='grc' dir='ltr'><strong><em>ἐξοχὰς</em></strong></span> <span class='ocrx_word' id='word_1_309' title='bbox 1274 2178 1399 2246; x_wconf 83' lang='lat' dir='ltr'>accepit,</span> <span class='ocrx_word' id='word_1_310' title='bbox 1421 2179 1487 2249; x_wconf 87' lang='lat' dir='ltr'>quia</span> <span class='ocrx_word' id='word_1_311' title='bbox 1503 2179 1592 2250; x_wconf 80' lang='grc' dir='ltr'><em>Λόγῳ</em></span> <span class='ocrx_word' id='word_1_312' title='bbox 1612 2184 1792 2252; x_wconf 85' lang='lat' dir='ltr'>personaliter</span> 
     </span>
     <span class='ocr_line' id='line_1_23' title="bbox 93 2260 1789 2342; baseline 0.001 -19"><span class='ocrx_word' id='word_1_313' title='bbox 93 2269 179 2342; x_wconf 76' lang='lat' dir='ltr'>vigil.</span> <span class='ocrx_word' id='word_1_314' title='bbox 202 2268 264 2324; x_wconf 73' lang='lat' dir='ltr'>abr.</span> <span class='ocrx_word' id='word_1_315' title='bbox 285 2275 309 2325; x_wconf 87' lang='grc'>4.</span> <span class='ocrx_word' id='word_1_316' title='bbox 328 2275 426 2323; x_wconf 89' lang='lat' dir='ltr'>contra</span> <span class='ocrx_word' id='word_1_317' title='bbox 443 2267 575 2339; x_wconf 85' lang='lat' dir='ltr'>Eutych:</span> <span class='ocrx_word' id='word_1_318' title='bbox 603 2269 680 2333; x_wconf 75' lang='lat' dir='ltr'>Quae</span> <span class='ocrx_word' id='word_1_319' title='bbox 699 2276 804 2320; x_wconf 83' lang='lat' dir='ltr'>natare</span> <span class='ocrx_word' id='word_1_320' title='bbox 824 2274 865 2320; x_wconf 87' lang='lat' dir='ltr'>eet</span> <span class='ocrx_word' id='word_1_321' title='bbox 883 2267 930 2319; x_wconf 83' lang='lat' dir='ltr'>cai</span> <span class='ocrx_word' id='word_1_322' title='bbox 954 2266 997 2315; x_wconf 90' lang='lat' dir='ltr'>est</span> <span class='ocrx_word' id='word_1_323' title='bbox 1014 2260 1092 2315; x_wconf 81' lang='lat' dir='ltr'>unita</span> <span class='ocrx_word' id='word_1_324' title='bbox 1112 2266 1140 2315; x_wconf 89' lang='grc'>11</span> <span class='ocrx_word' id='word_1_325' title='bbox 1158 2262 1195 2316; x_wconf 92' lang='lat' dir='ltr'>ad</span> <span class='ocrx_word' id='word_1_326' title='bbox 1207 2261 1260 2316; x_wconf 92' lang='lat' dir='ltr'>Dei</span> <span class='ocrx_word' id='word_1_327' title='bbox 1279 2263 1404 2317; x_wconf 85' lang='lat' dir='ltr'>dextram</span> <span class='ocrx_word' id='word_1_328' title='bbox 1424 2265 1566 2323; x_wconf 87' lang='lat' dir='ltr'>collocata.</span> <span class='ocrx_word' id='word_1_329' title='bbox 1591 2265 1666 2324; x_wconf 89' lang='lat' dir='ltr'>Huic</span> <span class='ocrx_word' id='word_1_330' title='bbox 1686 2270 1789 2326; x_wconf 76' lang='grc'><strong>811111-</strong></span> 
     </span>
     <span class='ocr_line' id='line_1_24' title="bbox 93 2346 1788 2428; baseline 0.004 -22"><span class='ocrx_word' id='word_1_331' title='bbox 93 2358 176 2423; x_wconf 74' lang='lat' dir='ltr'>dicit,</span> <span class='ocrx_word' id='word_1_332' title='bbox 202 2358 268 2410; x_wconf 85' lang='lat' dir='ltr'>sede</span> <span class='ocrx_word' id='word_1_333' title='bbox 285 2358 326 2410; x_wconf 83' lang='lat' dir='ltr'>ad</span> <span class='ocrx_word' id='word_1_334' title='bbox 343 2357 470 2409; x_wconf 75' lang='grc'><strong>1111111111</strong></span> <span class='ocrx_word' id='word_1_335' title='bbox 488 2372 592 2428; x_wconf 79' lang='lat' dir='ltr'>meam,</span> <span class='ocrx_word' id='word_1_336' title='bbox 616 2363 673 2409; x_wconf 89' lang='lat' dir='ltr'>esto</span> <span class='ocrx_word' id='word_1_337' title='bbox 692 2371 770 2408; x_wconf 88' lang='lat' dir='ltr'>meae</span> <span class='ocrx_word' id='word_1_338' title='bbox 781 2355 928 2424; x_wconf 80' lang='lat' dir='ltr'>particeps</span> <span class='ocrx_word' id='word_1_339' title='bbox 955 2347 988 2399; x_wconf 84' lang='lat' dir='ltr'>lia</span> <span class='ocrx_word' id='word_1_340' title='bbox 1007 2346 1184 2401; x_wconf 71' lang='grc'><strong>1111111111</strong></span> <span class='ocrx_word' id='word_1_341' title='bbox 1207 2349 1330 2418; x_wconf 91' lang='lat' dir='ltr'>opinioni</span> <span class='ocrx_word' id='word_1_342' title='bbox 1353 2349 1445 2404; x_wconf 82' lang='lat' dir='ltr'>affinis</span> <span class='ocrx_word' id='word_1_343' title='bbox 1469 2358 1511 2406; x_wconf 88' lang='lat' dir='ltr'>est</span> <span class='ocrx_word' id='word_1_344' title='bbox 1529 2354 1691 2410; x_wconf 87' lang='lat' dir='ltr'>Bellarmini</span> <span class='ocrx_word' id='word_1_345' title='bbox 1711 2373 1788 2412; x_wconf 87' lang='lat' dir='ltr'>exce·</span> 
     </span>
     <span class='ocr_line' id='line_1_25' title="bbox 92 2433 1791 2519; baseline 0.001 -24"><span class='ocrx_word' id='word_1_346' title='bbox 92 2443 183 2509; x_wconf 70' lang='lat' dir='ltr'>sedis,</span> <span class='ocrx_word' id='word_1_347' title='bbox 209 2443 263 2495; x_wconf 82' lang='lat' dir='ltr'>itta</span> <span class='ocrx_word' id='word_1_348' title='bbox 282 2442 414 2495; x_wconf 76' lang='lat' dir='ltr'>nimirum</span> <span class='ocrx_word' id='word_1_349' title='bbox 433 2450 550 2509; x_wconf 86' lang='lat' dir='ltr'>natura,</span> <span class='ocrx_word' id='word_1_350' title='bbox 577 2459 648 2510; x_wconf 84' lang='lat' dir='ltr'>quae</span> <span class='ocrx_word' id='word_1_351' title='bbox 668 2441 829 2507; x_wconf 84' lang='lat' dir='ltr'>audiuerat,</span> <span class='ocrx_word' id='word_1_352' title='bbox 850 2447 927 2491; x_wconf 87' lang='lat' dir='ltr'>terra</span> <span class='ocrx_word' id='word_1_353' title='bbox 954 2434 1022 2503; x_wconf 80' lang='lat' dir='ltr'>ptio‚</span> <span class='ocrx_word' id='word_1_354' title='bbox 1043 2433 1158 2504; x_wconf 75' lang='lat' dir='ltr'>qualib.</span> <span class='ocrx_word' id='word_1_355' title='bbox 1172 2439 1195 2489; x_wconf 81' lang='lat'>3.</span> <span class='ocrx_word' id='word_1_356' title='bbox 1215 2435 1250 2519; x_wconf 78' lang='lat' dir='ltr'>de</span> <span class='ocrx_word' id='word_1_357' title='bbox 1263 2434 1373 2490; x_wconf 81' lang='lat' dir='ltr'>Christo</span> <span class='ocrx_word' id='word_1_358' title='bbox 1388 2454 1415 2491; x_wconf 83' lang='lat' dir='ltr'>c.</span> <span class='ocrx_word' id='word_1_359' title='bbox 1432 2443 1469 2492; x_wconf 84' lang='grc'>15.</span> <span class='ocrx_word' id='word_1_360' title='bbox 1490 2439 1622 2510; x_wconf 86' lang='lat' dir='ltr'>disputat,</span> <span class='ocrx_word' id='word_1_361' title='bbox 1641 2445 1791 2497; x_wconf 82' lang='lat' dir='ltr'>sessionem</span> 
     </span>
     <span class='ocr_line' id='line_1_26' title="bbox 93 2520 1790 2598; baseline 0.001 -17"><span class='ocrx_word' id='word_1_362' title='bbox 93 2546 123 2581; x_wconf 79' lang='lat' dir='ltr'>es</span> <span class='ocrx_word' id='word_1_363' title='bbox 151 2537 175 2581; x_wconf 91' lang='lat' dir='ltr'>et</span> <span class='ocrx_word' id='word_1_364' title='bbox 199 2530 229 2582; x_wconf 90' lang='lat' dir='ltr'>in</span> <span class='ocrx_word' id='word_1_365' title='bbox 256 2536 362 2582; x_wconf 85' lang='lat' dir='ltr'>terram</span> <span class='ocrx_word' id='word_1_366' title='bbox 381 2529 442 2582; x_wconf 85' lang='lat' dir='ltr'>ibis.</span> <span class='ocrx_word' id='word_1_367' title='bbox 478 2527 584 2583; x_wconf 88' lang='lat' dir='ltr'>Dacius</span> <span class='ocrx_word' id='word_1_368' title='bbox 604 2528 701 2582; x_wconf 81' lang='lat' dir='ltr'>Clarus</span> <span class='ocrx_word' id='word_1_369' title='bbox 722 2528 828 2582; x_wconf 82' lang='lat' dir='ltr'>advers.</span> <span class='ocrx_word' id='word_1_370' title='bbox 848 2525 928 2580; x_wconf 87' lang='lat' dir='ltr'>Vari·</span> <span class='ocrx_word' id='word_1_371' title='bbox 954 2520 995 2572; x_wconf 72' lang='lat' dir='ltr'>ad</span> <span class='ocrx_word' id='word_1_372' title='bbox 1018 2521 1146 2572; x_wconf 56' lang='lat' dir='ltr'>datram</span> <span class='ocrx_word' id='word_1_373' title='bbox 1167 2521 1247 2573; x_wconf 78' lang='lat' dir='ltr'>DEI</span> <span class='ocrx_word' id='word_1_374' title='bbox 1270 2522 1369 2575; x_wconf 73' lang='lat' dir='ltr'>datam</span> <span class='ocrx_word' id='word_1_375' title='bbox 1391 2524 1575 2594; x_wconf 79' lang='lat' dir='ltr'>humanitati,</span> <span class='ocrx_word' id='word_1_376' title='bbox 1601 2546 1656 2582; x_wconf 89' lang='lat' dir='ltr'>non</span> <span class='ocrx_word' id='word_1_377' title='bbox 1681 2530 1739 2598; x_wconf 76' lang='lat' dir='ltr'>spei</span> <span class='ocrx_word' id='word_1_378' title='bbox 1760 2531 1790 2584; x_wconf 87' lang='lat' dir='ltr'>in</span> 
     </span>
     <span class='ocr_line' id='line_1_27' title="bbox 93 2606 1789 2687; baseline 0.001 -18"><span class='ocrx_word' id='word_1_379' title='bbox 93 2616 187 2670; x_wconf 90' lang='lat' dir='ltr'>mund.</span> <span class='ocrx_word' id='word_1_380' title='bbox 206 2615 234 2669; x_wconf 91' lang='lat' dir='ltr'>in</span> <span class='ocrx_word' id='word_1_381' title='bbox 251 2615 357 2670; x_wconf 86' lang='lat' dir='ltr'>haeres.</span> <span class='ocrx_word' id='word_1_382' title='bbox 375 2615 426 2671; x_wconf 91' lang='lat' dir='ltr'>col.</span> <span class='ocrx_word' id='word_1_383' title='bbox 447 2634 474 2687; x_wconf 92' lang='lat' dir='ltr'>p.</span> <span class='ocrx_word' id='word_1_384' title='bbox 496 2620 560 2670; x_wconf 81' lang='lat'>258:</span> <span class='ocrx_word' id='word_1_385' title='bbox 582 2615 616 2668; x_wconf 82' lang='lat' dir='ltr'>Si</span> <span class='ocrx_word' id='word_1_386' title='bbox 627 2614 808 2684; x_wconf 86' lang='lat' dir='ltr'>opposuerint</span> <span class='ocrx_word' id='word_1_387' title='bbox 822 2613 929 2666; x_wconf 86' lang='lat' dir='ltr'>Ariani</span> <span class='ocrx_word' id='word_1_388' title='bbox 953 2623 991 2675; x_wconf 80' lang='lat' dir='ltr'>se,</span> <span class='ocrx_word' id='word_1_389' title='bbox 1008 2606 1107 2659; x_wconf 83' lang='lat' dir='ltr'>sedin</span> <span class='ocrx_word' id='word_1_390' title='bbox 1125 2608 1277 2676; x_wconf 75' lang='lat' dir='ltr'>supposito.</span> <span class='ocrx_word' id='word_1_391' title='bbox 1314 2610 1380 2663; x_wconf 88' lang='lat' dir='ltr'>Non</span> <span class='ocrx_word' id='word_1_392' title='bbox 1399 2611 1471 2664; x_wconf 88' lang='lat' dir='ltr'>enim</span> <span class='ocrx_word' id='word_1_393' title='bbox 1489 2613 1597 2676; x_wconf 83' lang='lat' dir='ltr'>sactum</span> <span class='ocrx_word' id='word_1_394' title='bbox 1616 2623 1669 2679; x_wconf 87' lang='lat' dir='ltr'>est,</span> <span class='ocrx_word' id='word_1_395' title='bbox 1692 2624 1722 2669; x_wconf 88' lang='lat' dir='ltr'>ut</span> <span class='ocrx_word' id='word_1_396' title='bbox 1741 2617 1789 2669; x_wconf 82' lang='lat' dir='ltr'>tta·</span> 
     </span>
     <span class='ocr_line' id='line_1_28' title="bbox 92 2693 1791 2770; baseline 0.006 -14"><span class='ocrx_word' id='word_1_397' title='bbox 92 2704 145 2756; x_wconf 85' lang='lat' dir='ltr'>tibi</span> <span class='ocrx_word' id='word_1_398' title='bbox 170 2703 246 2756; x_wconf 75' lang='lat' dir='ltr'>ittae</span> <span class='ocrx_word' id='word_1_399' title='bbox 273 2703 304 2754; x_wconf 88' lang='lat' dir='ltr'>in</span> <span class='ocrx_word' id='word_1_400' title='bbox 330 2702 423 2765; x_wconf 84' lang='lat' dir='ltr'>Actis,</span> <span class='ocrx_word' id='word_1_401' title='bbox 456 2701 611 2755; x_wconf 83' lang='lat' dir='ltr'>Dominam</span> <span class='ocrx_word' id='word_1_402' title='bbox 638 2709 664 2754; x_wconf 91' lang='lat' dir='ltr'>et</span> <span class='ocrx_word' id='word_1_403' title='bbox 693 2699 833 2753; x_wconf 73' lang='lat' dir='ltr'>Christum</span> <span class='ocrx_word' id='word_1_404' title='bbox 853 2699 927 2766; x_wconf 85' lang='lat' dir='ltr'>feeit</span> <span class='ocrx_word' id='word_1_405' title='bbox 955 2694 1075 2746; x_wconf 62' lang='grc' dir='ltr'><strong>1011011αέ</strong></span> <span class='ocrx_word' id='word_1_406' title='bbox 1093 2693 1170 2746; x_wconf 63' lang='grc'><strong>1086</strong></span> <span class='ocrx_word' id='word_1_407' title='bbox 1196 2695 1260 2764; x_wconf 65' lang='grc' dir='ltr'>ίΡΜ</span> <span class='ocrx_word' id='word_1_408' title='bbox 1287 2697 1384 2770; x_wconf 47' lang='lat' dir='ltr'>weitai</span> <span class='ocrx_word' id='word_1_409' title='bbox 1408 2701 1450 2751; x_wconf 67' lang='lat' dir='ltr'>ad</span> <span class='ocrx_word' id='word_1_410' title='bbox 1467 2701 1596 2753; x_wconf 60' lang='lat' dir='ltr'>mnam</span> <span class='ocrx_word' id='word_1_411' title='bbox 1620 2703 1711 2767; x_wconf 57' lang='lat' dir='ltr'><em>DEI,</em></span> <span class='ocrx_word' id='word_1_412' title='bbox 1738 2706 1791 2758; x_wconf 71' lang='grc' dir='ltr'>3θᾶ</span> 
     </span>
     <span class='ocr_line' id='line_1_29' title="bbox 93 2781 1882 2857; baseline 0.001 -15"><span class='ocrx_word' id='word_1_413' title='bbox 93 2791 187 2857; x_wconf 85' lang='lat' dir='ltr'>Deus,</span> <span class='ocrx_word' id='word_1_414' title='bbox 213 2790 365 2857; x_wconf 83' lang='lat' dir='ltr'>responde,</span> <span class='ocrx_word' id='word_1_415' title='bbox 392 2805 449 2841; x_wconf 91' lang='lat' dir='ltr'>non</span> <span class='ocrx_word' id='word_1_416' title='bbox 474 2790 625 2842; x_wconf 76' lang='lat' dir='ltr'>sermidam</span> <span class='ocrx_word' id='word_1_417' title='bbox 653 2787 769 2840; x_wconf 85' lang='lat' dir='ltr'>deitatis</span> <span class='ocrx_word' id='word_1_418' title='bbox 795 2794 927 2839; x_wconf 83' lang='lat' dir='ltr'>notarem</span> <span class='ocrx_word' id='word_1_419' title='bbox 954 2788 984 2832; x_wconf 72' lang='lat' dir='ltr'>ut</span> <span class='ocrx_word' id='word_1_420' title='bbox 1011 2781 1047 2833; x_wconf 73' lang='lat' dir='ltr'>tit</span> <span class='ocrx_word' id='word_1_421' title='bbox 1073 2781 1232 2834; x_wconf 72' lang='lat' dir='ltr'>humanitas</span> <span class='ocrx_word' id='word_1_422' title='bbox 1258 2783 1337 2837; x_wconf 84' lang='lat' dir='ltr'>iilius</span> <span class='ocrx_word' id='word_1_423' title='bbox 1358 2802 1513 2855; x_wconf 84' lang='lat' dir='ltr'>personae,</span> <span class='ocrx_word' id='word_1_424' title='bbox 1545 2805 1617 2856; x_wconf 83' lang='lat' dir='ltr'>qnae</span> <span class='ocrx_word' id='word_1_425' title='bbox 1645 2792 1723 2843; x_wconf 86' lang='lat' dir='ltr'>sedet</span> <span class='ocrx_word' id='word_1_426' title='bbox 1748 2792 1790 2844; x_wconf 84' lang='lat' dir='ltr'>ad</span> <span class='ocrx_word' id='word_1_427' title='bbox 1879 2827 1882 2838; x_wconf 85' lang='lat'>.</span> 
     </span>
     <span class='ocr_line' id='line_1_30' title="bbox 93 2867 1788 2942; baseline 0.001 -14"><span class='ocrx_word' id='word_1_428' title='bbox 93 2876 200 2928; x_wconf 83' lang='lat' dir='ltr'>dieitur</span> <span class='ocrx_word' id='word_1_429' title='bbox 219 2876 319 2942; x_wconf 75' lang='lat' dir='ltr'>saonis</span> <span class='ocrx_word' id='word_1_430' title='bbox 340 2874 423 2942; x_wconf 85' lang='lat' dir='ltr'>filius</span> <span class='ocrx_word' id='word_1_431' title='bbox 449 2875 603 2941; x_wconf 86' lang='lat' dir='ltr'>Dominae,</span> <span class='ocrx_word' id='word_1_432' title='bbox 632 2874 684 2925; x_wconf 87' lang='lat' dir='ltr'>scd</span> <span class='ocrx_word' id='word_1_433' title='bbox 707 2875 859 2925; x_wconf 79' lang='lat' dir='ltr'>secssndam</span> <span class='ocrx_word' id='word_1_434' title='bbox 882 2890 926 2925; x_wconf 85' lang='lat' dir='ltr'>as-</span> <span class='ocrx_word' id='word_1_435' title='bbox 953 2867 1086 2919; x_wconf 72' lang='lat' dir='ltr'>demean</span> <span class='ocrx_word' id='word_1_436' title='bbox 1100 2868 1186 2920; x_wconf 85' lang='lat' dir='ltr'>DEI.</span> <span class='ocrx_word' id='word_1_437' title='bbox 1222 2886 1246 2922; x_wconf 89' lang='lat' dir='ltr'>c.</span> <span class='ocrx_word' id='word_1_438' title='bbox 1273 2875 1312 2924; x_wconf 86' lang='grc'>16.</span> <span class='ocrx_word' id='word_1_439' title='bbox 1339 2872 1409 2924; x_wconf 87' lang='lat' dir='ltr'>data</span> <span class='ocrx_word' id='word_1_440' title='bbox 1431 2881 1472 2926; x_wconf 87' lang='lat' dir='ltr'>est</span> <span class='ocrx_word' id='word_1_441' title='bbox 1497 2874 1592 2941; x_wconf 75' lang='lat' dir='ltr'>pieria</span> <span class='ocrx_word' id='word_1_442' title='bbox 1612 2877 1671 2928; x_wconf 87' lang='lat' dir='ltr'>Dei</span> <span class='ocrx_word' id='word_1_443' title='bbox 1689 2876 1788 2930; x_wconf 86' lang='lat' dir='ltr'>Patris</span> 
     </span>
     <span class='ocr_line' id='line_1_31' title="bbox 94 2953 1787 3031; baseline 0.007 -27"><span class='ocrx_word' id='word_1_444' title='bbox 94 2963 179 3015; x_wconf 63' lang='lat' dir='ltr'>mmet</span> <span class='ocrx_word' id='word_1_445' title='bbox 199 2961 320 3016; x_wconf 57' lang='lat' dir='ltr'>hominis</span> <span class='ocrx_word' id='word_1_446' title='bbox 344 2961 476 3024; x_wconf 74' lang='lat' dir='ltr'>formam,</span> <span class='ocrx_word' id='word_1_447' title='bbox 514 2958 615 3014; x_wconf 69' lang='lat' dir='ltr'>confer</span> <span class='ocrx_word' id='word_1_448' title='bbox 634 2958 799 3013; x_wconf 66' lang='lat' dir='ltr'>Damascen.</span> <span class='ocrx_word' id='word_1_449' title='bbox 818 2975 868 3028; x_wconf 75' lang='lat' dir='ltr'>per</span> <span class='ocrx_word' id='word_1_450' title='bbox 885 2962 926 3013; x_wconf 75' lang='lat' dir='ltr'>to.</span> <span class='ocrx_word' id='word_1_451' title='bbox 953 2953 1123 3006; x_wconf 80' lang='lat' dir='ltr'>humanitati</span> <span class='ocrx_word' id='word_1_452' title='bbox 1141 2953 1261 3022; x_wconf 75' lang='lat' dir='ltr'>C&#39;hsieti,</span> <span class='ocrx_word' id='word_1_453' title='bbox 1288 2973 1344 3009; x_wconf 89' lang='lat' dir='ltr'>non</span> <span class='ocrx_word' id='word_1_454' title='bbox 1364 2959 1394 3009; x_wconf 87' lang='lat' dir='ltr'>in</span> <span class='ocrx_word' id='word_1_455' title='bbox 1419 2959 1492 3027; x_wconf 77' lang='lat' dir='ltr'>spec,</span> <span class='ocrx_word' id='word_1_456' title='bbox 1511 2963 1564 3014; x_wconf 87' lang='lat' dir='ltr'>ssd</span> <span class='ocrx_word' id='word_1_457' title='bbox 1583 2963 1613 3014; x_wconf 90' lang='lat' dir='ltr'>in</span> <span class='ocrx_word' id='word_1_458' title='bbox 1634 2964 1787 3031; x_wconf 84' lang='lat' dir='ltr'>supposito.</span> 
     </span>
     <span class='ocr_line' id='line_1_32' title="bbox 94 3039 1787 3120; baseline 0.001 -18"><span class='ocrx_word' id='word_1_459' title='bbox 94 3055 153 3102; x_wconf 87' lang='grc'><strong>1111</strong></span> <span class='ocrx_word' id='word_1_460' title='bbox 171 3048 219 3102; x_wconf 91' lang='lat' dir='ltr'>lib.</span> <span class='ocrx_word' id='word_1_461' title='bbox 237 3048 271 3101; x_wconf 90' lang='lat' dir='ltr'>de</span> <span class='ocrx_word' id='word_1_462' title='bbox 288 3046 358 3101; x_wconf 88' lang='lat' dir='ltr'>orth.</span> <span class='ocrx_word' id='word_1_463' title='bbox 376 3045 423 3101; x_wconf 88' lang='lat' dir='ltr'>fid.</span> <span class='ocrx_word' id='word_1_464' title='bbox 954 3039 1091 3109; x_wconf 87' lang='lat' dir='ltr'>Respond.</span> <span class='ocrx_word' id='word_1_465' title='bbox 1119 3040 1303 3096; x_wconf 85' lang='lat' dir='ltr'>Bellsrminns</span> <span class='ocrx_word' id='word_1_466' title='bbox 1321 3060 1354 3098; x_wconf 87' lang='lat' dir='ltr'>ex</span> <span class='ocrx_word' id='word_1_467' title='bbox 1372 3045 1558 3101; x_wconf 89' lang='lat' dir='ltr'>subordinatis</span> <span class='ocrx_word' id='word_1_468' title='bbox 1576 3049 1644 3103; x_wconf 87' lang='lat' dir='ltr'>facit</span> <span class='ocrx_word' id='word_1_469' title='bbox 1660 3067 1787 3120; x_wconf 86' lang='lat' dir='ltr'>pugnan-</span> 
     </span>
     <span class='ocr_line' id='line_1_33' title="bbox 38 3125 1788 3192; baseline 0.008 -14"><span class='ocrx_word' id='word_1_470' title='bbox 38 3146 80 3178; x_wconf 69' lang='lat'>1·&#39;</span> <span class='ocrx_word' id='word_1_471' title='bbox 130 3141 189 3191; x_wconf 72' lang='lat'>203,</span> <span class='ocrx_word' id='word_1_472' title='bbox 225 3134 384 3187; x_wconf 56' lang='grc'><strong>1111111111,</strong></span> <span class='ocrx_word' id='word_1_473' title='bbox 420 3132 553 3188; x_wconf 62' lang='lat' dir='ltr'>Veritatis</span> <span class='ocrx_word' id='word_1_474' title='bbox 576 3132 728 3186; x_wconf 68' lang='lat' dir='ltr'>adversarii</span> <span class='ocrx_word' id='word_1_475' title='bbox 752 3132 780 3186; x_wconf 83' lang='lat' dir='ltr'>in</span> <span class='ocrx_word' id='word_1_476' title='bbox 805 3132 927 3187; x_wconf 67' lang='lat' dir='ltr'>diversas</span> <span class='ocrx_word' id='word_1_477' title='bbox 953 3126 1000 3179; x_wconf 91' lang='lat' dir='ltr'>tia.</span> <span class='ocrx_word' id='word_1_478' title='bbox 1041 3125 1087 3180; x_wconf 86' lang='lat' dir='ltr'>Sic</span> <span class='ocrx_word' id='word_1_479' title='bbox 1113 3126 1186 3180; x_wconf 89' lang='lat' dir='ltr'>enim</span> <span class='ocrx_word' id='word_1_480' title='bbox 1212 3128 1413 3184; x_wconf 87' lang='lat' dir='ltr'>concludimus:</span> <span class='ocrx_word' id='word_1_481' title='bbox 1442 3132 1493 3187; x_wconf 91' lang='lat' dir='ltr'>Cui</span> <span class='ocrx_word' id='word_1_482' title='bbox 1519 3135 1720 3190; x_wconf 83' lang='lat' dir='ltr'>communicata</span> <span class='ocrx_word' id='word_1_483' title='bbox 1746 3142 1788 3192; x_wconf 86' lang='lat' dir='ltr'>est</span> 
     </span>
     <span class='ocr_line' id='line_1_34' title="bbox 94 3212 1789 3291; baseline 0.001 -15"><span class='ocrx_word' id='word_1_484' title='bbox 94 3223 141 3276; x_wconf 91' lang='lat' dir='ltr'>hic</span> <span class='ocrx_word' id='word_1_485' title='bbox 170 3223 274 3278; x_wconf 87' lang='lat' dir='ltr'>abeunt</span> <span class='ocrx_word' id='word_1_486' title='bbox 302 3226 408 3291; x_wconf 88' lang='lat' dir='ltr'>partes:</span> <span class='ocrx_word' id='word_1_487' title='bbox 444 3219 564 3284; x_wconf 86' lang='lat' dir='ltr'>Quidam</span> <span class='ocrx_word' id='word_1_488' title='bbox 595 3219 751 3274; x_wconf 88' lang='lat' dir='ltr'>concedunt</span> <span class='ocrx_word' id='word_1_489' title='bbox 777 3236 821 3288; x_wconf 84' lang='lat' dir='ltr'>aa,</span> <span class='ocrx_word' id='word_1_490' title='bbox 855 3237 927 3289; x_wconf 86' lang='lat' dir='ltr'>qaae</span> <span class='ocrx_word' id='word_1_491' title='bbox 954 3212 1048 3267; x_wconf 87' lang='lat' dir='ltr'>divina</span> <span class='ocrx_word' id='word_1_492' title='bbox 1072 3212 1246 3286; x_wconf 84' lang='lat' dir='ltr'>hypostasis,</span> <span class='ocrx_word' id='word_1_493' title='bbox 1272 3215 1312 3268; x_wconf 90' lang='lat' dir='ltr'>illi</span> <span class='ocrx_word' id='word_1_494' title='bbox 1333 3217 1416 3270; x_wconf 76' lang='lat' dir='ltr'>edam</span> <span class='ocrx_word' id='word_1_495' title='bbox 1433 3219 1519 3273; x_wconf 89' lang='lat' dir='ltr'>sessio</span> <span class='ocrx_word' id='word_1_496' title='bbox 1537 3220 1573 3273; x_wconf 87' lang='lat' dir='ltr'>ad</span> <span class='ocrx_word' id='word_1_497' title='bbox 1592 3221 1716 3276; x_wconf 83' lang='grc'><strong>(11111111</strong></span> <span class='ocrx_word' id='word_1_498' title='bbox 1734 3223 1789 3277; x_wconf 87' lang='lat' dir='ltr'>Dei</span> 
     </span>
     <span class='ocr_line' id='line_1_35' title="bbox 93 3298 1904 3377; baseline 0.002 -16"><span class='ocrx_word' id='word_1_499' title='bbox 93 3309 206 3363; x_wconf 80' lang='lat' dir='ltr'>Christo</span> <span class='ocrx_word' id='word_1_500' title='bbox 227 3308 257 3360; x_wconf 90' lang='lat' dir='ltr'>in</span> <span class='ocrx_word' id='word_1_501' title='bbox 274 3315 396 3377; x_wconf 90' lang='lat' dir='ltr'>tempore</span> <span class='ocrx_word' id='word_1_502' title='bbox 414 3307 545 3360; x_wconf 84' lang='lat' dir='ltr'>dicuntur</span> <span class='ocrx_word' id='word_1_503' title='bbox 562 3307 646 3374; x_wconf 88' lang='lat' dir='ltr'>data,</span> <span class='ocrx_word' id='word_1_504' title='bbox 664 3306 815 3359; x_wconf 75' lang='lat' dir='ltr'>amandam</span> <span class='ocrx_word' id='word_1_505' title='bbox 833 3306 927 3359; x_wconf 83' lang='lat' dir='ltr'>tuma·</span> <span class='ocrx_word' id='word_1_506' title='bbox 954 3298 1064 3370; x_wconf 83' lang='lat' dir='ltr'>obtigit,</span> <span class='ocrx_word' id='word_1_507' title='bbox 1081 3301 1201 3375; x_wconf 79' lang='lat' dir='ltr'>etdone</span> <span class='ocrx_word' id='word_1_508' title='bbox 1218 3317 1283 3356; x_wconf 87' lang='lat' dir='ltr'>vere</span> <span class='ocrx_word' id='word_1_509' title='bbox 1302 3301 1396 3357; x_wconf 89' lang='lat' dir='ltr'>divina</span> <span class='ocrx_word' id='word_1_510' title='bbox 1413 3311 1478 3358; x_wconf 89' lang='lat' dir='ltr'>sunt</span> <span class='ocrx_word' id='word_1_511' title='bbox 1491 3307 1701 3362; x_wconf 86' lang='lat' dir='ltr'>communicata.</span> <span class='ocrx_word' id='word_1_512' title='bbox 1734 3308 1789 3365; x_wconf 85' lang='lat' dir='ltr'>Sed</span> <span class='ocrx_word' id='word_1_513' title='bbox 1897 3298 1904 3307; x_wconf 47' lang='lat'><strong>⁴</strong></span> 
     </span>
     <span class='ocr_line' id='line_1_36' title="bbox 91 3386 1788 3465; baseline 0.004 -20"><span class='ocrx_word' id='word_1_514' title='bbox 91 3416 160 3449; x_wconf 74' lang='lat' dir='ltr'>nam</span> <span class='ocrx_word' id='word_1_515' title='bbox 183 3403 314 3448; x_wconf 84' lang='lat' dir='ltr'>naturam</span> <span class='ocrx_word' id='word_1_516' title='bbox 340 3396 447 3448; x_wconf 86' lang='lat' dir='ltr'>donata</span> <span class='ocrx_word' id='word_1_517' title='bbox 469 3395 535 3457; x_wconf 84' lang='lat' dir='ltr'>dici,</span> <span class='ocrx_word' id='word_1_518' title='bbox 554 3393 640 3462; x_wconf 78' lang='lat' dir='ltr'>(Besa</span> <span class='ocrx_word' id='word_1_519' title='bbox 661 3398 733 3463; x_wconf 89' lang='lat' dir='ltr'>part.</span> <span class='ocrx_word' id='word_1_520' title='bbox 760 3399 782 3446; x_wconf 92' lang='grc'>1.</span> <span class='ocrx_word' id='word_1_521' title='bbox 800 3410 871 3463; x_wconf 86' lang='lat' dir='ltr'>resp.</span> <span class='ocrx_word' id='word_1_522' title='bbox 891 3393 926 3446; x_wconf 80' lang='lat' dir='ltr'>sd</span> <span class='ocrx_word' id='word_1_523' title='bbox 953 3392 1092 3440; x_wconf 84' lang='lat' dir='ltr'>assumtae</span> <span class='ocrx_word' id='word_1_524' title='bbox 1110 3386 1213 3441; x_wconf 83' lang='lat' dir='ltr'>Christi</span> <span class='ocrx_word' id='word_1_525' title='bbox 1238 3388 1315 3442; x_wconf 89' lang='lat' dir='ltr'>carni</span> <span class='ocrx_word' id='word_1_526' title='bbox 1340 3391 1543 3446; x_wconf 84' lang='lat' dir='ltr'>communicata</span> <span class='ocrx_word' id='word_1_527' title='bbox 1567 3400 1609 3448; x_wconf 89' lang='lat' dir='ltr'>est</span> <span class='ocrx_word' id='word_1_528' title='bbox 1630 3394 1788 3465; x_wconf 86' lang='lat' dir='ltr'>hypostasis</span> 
     </span>
     <span class='ocr_line' id='line_1_37' title="bbox 93 3471 1787 3552; baseline -0.001 -15"><span class='ocrx_word' id='word_1_529' title='bbox 93 3490 146 3537; x_wconf 86' lang='lat' dir='ltr'>act.</span> <span class='ocrx_word' id='word_1_530' title='bbox 167 3482 235 3536; x_wconf 91' lang='lat' dir='ltr'>Coll.</span> <span class='ocrx_word' id='word_1_531' title='bbox 260 3499 287 3551; x_wconf 88' lang='lat' dir='ltr'>p.</span> <span class='ocrx_word' id='word_1_532' title='bbox 313 3487 371 3536; x_wconf 82' lang='lat'>231.</span> <span class='ocrx_word' id='word_1_533' title='bbox 397 3486 453 3536; x_wconf 79' lang='grc'><strong>114,</strong></span> <span class='ocrx_word' id='word_1_534' title='bbox 479 3484 687 3535; x_wconf 79' lang='lat'>115.146.148.</span> <span class='ocrx_word' id='word_1_535' title='bbox 710 3485 766 3535; x_wconf 83' lang='grc'><strong>161,</strong></span> <span class='ocrx_word' id='word_1_536' title='bbox 791 3484 848 3536; x_wconf 79' lang='grc'><strong>161,</strong></span> <span class='ocrx_word' id='word_1_537' title='bbox 871 3485 927 3534; x_wconf 83' lang='grc'><strong>110,</strong></span> <span class='ocrx_word' id='word_1_538' title='bbox 954 3471 1055 3526; x_wconf 87' lang='lat' dir='ltr'>divina.</span> <span class='ocrx_word' id='word_1_539' title='bbox 1091 3473 1175 3544; x_wconf 83' lang='lat' dir='ltr'>Ergo.</span> <span class='ocrx_word' id='word_1_540' title='bbox 1216 3474 1325 3530; x_wconf 85' lang='lat' dir='ltr'>Vitiosa</span> <span class='ocrx_word' id='word_1_541' title='bbox 1348 3477 1464 3546; x_wconf 85' lang='lat' dir='ltr'>proinde</span> <span class='ocrx_word' id='word_1_542' title='bbox 1492 3484 1535 3533; x_wconf 87' lang='lat' dir='ltr'>est</span> <span class='ocrx_word' id='word_1_543' title='bbox 1561 3479 1611 3535; x_wconf 88' lang='lat' dir='ltr'>illa</span> <span class='ocrx_word' id='word_1_544' title='bbox 1635 3482 1787 3552; x_wconf 90' lang='lat' dir='ltr'>oppositio:</span> 
     </span>
     <span class='ocr_line' id='line_1_38' title="bbox 92 3558 1789 3647; baseline 0 -24"><span class='ocrx_word' id='word_1_545' title='bbox 92 3570 224 3624; x_wconf 86' lang='lat' dir='ltr'>Danaeus</span> <span class='ocrx_word' id='word_1_546' title='bbox 252 3569 280 3623; x_wconf 92' lang='lat' dir='ltr'>in</span> <span class='ocrx_word' id='word_1_547' title='bbox 308 3584 394 3623; x_wconf 86' lang='lat' dir='ltr'>exam</span> <span class='ocrx_word' id='word_1_548' title='bbox 415 3565 553 3621; x_wconf 90' lang='lat' dir='ltr'>Chemnic.</span> <span class='ocrx_word' id='word_1_549' title='bbox 583 3582 610 3635; x_wconf 91' lang='lat' dir='ltr'>p.</span> <span class='ocrx_word' id='word_1_550' title='bbox 629 3569 688 3620; x_wconf 81' lang='grc'><strong>301.</strong></span> <span class='ocrx_word' id='word_1_551' title='bbox 716 3564 849 3634; x_wconf 69' lang='lat' dir='ltr'>Gener),</span> <span class='ocrx_word' id='word_1_552' title='bbox 877 3567 929 3618; x_wconf 85' lang='lat' dir='ltr'>sed</span> <span class='ocrx_word' id='word_1_553' title='bbox 953 3559 1028 3613; x_wconf 73' lang='lat' dir='ltr'>Date</span> <span class='ocrx_word' id='word_1_554' title='bbox 1053 3558 1123 3613; x_wconf 76' lang='lat' dir='ltr'>haec</span> <span class='ocrx_word' id='word_1_555' title='bbox 1148 3567 1213 3615; x_wconf 84' lang='lat' dir='ltr'>sunt</span> <span class='ocrx_word' id='word_1_556' title='bbox 1236 3562 1327 3631; x_wconf 80' lang='lat' dir='ltr'>cerni,</span> <span class='ocrx_word' id='word_1_557' title='bbox 1354 3570 1490 3634; x_wconf 85' lang='lat' dir='ltr'>quatenus</span> <span class='ocrx_word' id='word_1_558' title='bbox 1516 3565 1546 3620; x_wconf 89' lang='lat' dir='ltr'>in</span> <span class='ocrx_word' id='word_1_559' title='bbox 1571 3566 1715 3647; x_wconf 81' lang='lat' dir='ltr'>hypqstasi</span> <span class='ocrx_word' id='word_1_560' title='bbox 1740 3572 1789 3623; x_wconf 78' lang='lat' dir='ltr'>roi</span> 
     </span>
     <span class='ocr_line' id='line_1_39' title="bbox 92 3644 1784 3725; baseline -0.001 -16"><span class='ocrx_word' id='word_1_561' title='bbox 92 3666 195 3724; x_wconf 82' lang='lat' dir='ltr'>nsqant</span> <span class='ocrx_word' id='word_1_562' title='bbox 214 3656 267 3708; x_wconf 87' lang='lat' dir='ltr'>itta</span> <span class='ocrx_word' id='word_1_563' title='bbox 287 3673 344 3708; x_wconf 85' lang='lat' dir='ltr'>csse</span> <span class='ocrx_word' id='word_1_564' title='bbox 363 3656 438 3708; x_wconf 86' lang='lat' dir='ltr'>dona</span> <span class='ocrx_word' id='word_1_565' title='bbox 457 3669 519 3705; x_wconf 86' lang='lat' dir='ltr'>vere</span> <span class='ocrx_word' id='word_1_566' title='bbox 536 3652 634 3704; x_wconf 81' lang='lat' dir='ltr'>divina</span> <span class='ocrx_word' id='word_1_567' title='bbox 654 3658 679 3704; x_wconf 87' lang='lat' dir='ltr'>et</span> <span class='ocrx_word' id='word_1_568' title='bbox 693 3651 811 3721; x_wconf 82' lang='lat' dir='ltr'>infinita,</span> <span class='ocrx_word' id='word_1_569' title='bbox 831 3657 928 3705; x_wconf 86' lang='lat' dir='ltr'>contra</span> <span class='ocrx_word' id='word_1_570' title='bbox 954 3644 1052 3716; x_wconf 83' lang='grc' dir='ltr'><em>Λόγου</em></span> <span class='ocrx_word' id='word_1_571' title='bbox 1080 3645 1214 3700; x_wconf 91' lang='lat' dir='ltr'>subsistit.</span> <span class='ocrx_word' id='word_1_572' title='bbox 1256 3647 1331 3720; x_wconf 85' lang='lat' dir='ltr'>Ergo</span> <span class='ocrx_word' id='word_1_573' title='bbox 1357 3667 1411 3704; x_wconf 92' lang='lat' dir='ltr'>non</span> <span class='ocrx_word' id='word_1_574' title='bbox 1439 3656 1505 3705; x_wconf 91' lang='lat' dir='ltr'>sunt</span> <span class='ocrx_word' id='word_1_575' title='bbox 1530 3653 1597 3707; x_wconf 89' lang='lat' dir='ltr'>data</span> <span class='ocrx_word' id='word_1_576' title='bbox 1623 3654 1677 3725; x_wconf 93' lang='lat' dir='ltr'>ipsi</span> <span class='ocrx_word' id='word_1_577' title='bbox 1701 3657 1784 3710; x_wconf 89' lang='lat' dir='ltr'>carni.</span> 
     </span>
     <span class='ocr_line' id='line_1_40' title="bbox 38 3732 1788 3815; baseline -0.002 -14"><span class='ocrx_word' id='word_1_578' title='bbox 38 3756 78 3801; x_wconf 74' lang='grc' dir='ltr'>η.</span> <span class='ocrx_word' id='word_1_579' title='bbox 93 3761 162 3815; x_wconf 90' lang='lat' dir='ltr'>quos</span> <span class='ocrx_word' id='word_1_580' title='bbox 182 3742 253 3797; x_wconf 89' lang='lat' dir='ltr'>thesi</span> <span class='ocrx_word' id='word_1_581' title='bbox 272 3745 405 3814; x_wconf 85' lang='lat' dir='ltr'>sequente</span> <span class='ocrx_word' id='word_1_582' title='bbox 424 3738 619 3810; x_wconf 89' lang='lat' dir='ltr'>disputabitur.</span> <span class='ocrx_word' id='word_1_583' title='bbox 656 3743 679 3793; x_wconf 83' lang='grc'>1.</span> <span class='ocrx_word' id='word_1_584' title='bbox 701 3738 820 3804; x_wconf 86' lang='lat' dir='ltr'>Quidam</span> <span class='ocrx_word' id='word_1_585' title='bbox 843 3754 926 3808; x_wconf 86' lang='lat' dir='ltr'>agno-</span> <span class='ocrx_word' id='word_1_586' title='bbox 953 3732 1026 3787; x_wconf 88' lang='lat' dir='ltr'>Vide</span> <span class='ocrx_word' id='word_1_587' title='bbox 1045 3733 1116 3804; x_wconf 90' lang='lat' dir='ltr'>disp.</span> <span class='ocrx_word' id='word_1_588' title='bbox 1145 3738 1167 3787; x_wconf 82' lang='lat'>2.</span> <span class='ocrx_word' id='word_1_589' title='bbox 1192 3733 1227 3788; x_wconf 87' lang='lat' dir='ltr'>de</span> <span class='ocrx_word' id='word_1_590' title='bbox 1253 3735 1344 3804; x_wconf 80' lang='lat' dir='ltr'>gloria</span> <span class='ocrx_word' id='word_1_591' title='bbox 1361 3735 1415 3790; x_wconf 88' lang='lat' dir='ltr'>Dei</span> <span class='ocrx_word' id='word_1_592' title='bbox 1435 3735 1463 3811; x_wconf 91' lang='lat'>5.</span> <span class='ocrx_word' id='word_1_593' title='bbox 1484 3745 1523 3793; x_wconf 82' lang='grc'>11.</span> <span class='ocrx_word' id='word_1_594' title='bbox 1561 3741 1715 3807; x_wconf 84' lang='lat' dir='ltr'>3Quidam</span> <span class='ocrx_word' id='word_1_595' title='bbox 1741 3744 1788 3798; x_wconf 93' lang='lat' dir='ltr'>do·</span> 
     </span>
     <span class='ocr_line' id='line_1_41' title="bbox 93 3820 1788 3895; baseline 0 -11"><span class='ocrx_word' id='word_1_596' title='bbox 93 3837 176 3884; x_wconf 89' lang='lat' dir='ltr'>scunt</span> <span class='ocrx_word' id='word_1_597' title='bbox 193 3832 270 3883; x_wconf 88' lang='lat' dir='ltr'>dona</span> <span class='ocrx_word' id='word_1_598' title='bbox 283 3846 345 3882; x_wconf 86' lang='lat' dir='ltr'>cere</span> <span class='ocrx_word' id='word_1_599' title='bbox 358 3828 455 3880; x_wconf 82' lang='lat' dir='ltr'>divirm</span> <span class='ocrx_word' id='word_1_600' title='bbox 475 3835 501 3879; x_wconf 90' lang='lat' dir='ltr'>et</span> <span class='ocrx_word' id='word_1_601' title='bbox 514 3825 631 3895; x_wconf 77' lang='lat' dir='ltr'>infinita</span> <span class='ocrx_word' id='word_1_602' title='bbox 651 3823 762 3878; x_wconf 82' lang='lat' dir='ltr'>Christo</span> <span class='ocrx_word' id='word_1_603' title='bbox 780 3827 858 3892; x_wconf 88' lang='lat' dir='ltr'>data,</span> <span class='ocrx_word' id='word_1_604' title='bbox 877 3826 928 3879; x_wconf 88' lang='lat' dir='ltr'>ssd</span> <span class='ocrx_word' id='word_1_605' title='bbox 953 3826 1021 3874; x_wconf 85' lang='lat' dir='ltr'>nata</span> <span class='ocrx_word' id='word_1_606' title='bbox 1049 3820 1078 3873; x_wconf 92' lang='lat' dir='ltr'>in</span> <span class='ocrx_word' id='word_1_607' title='bbox 1105 3825 1229 3890; x_wconf 86' lang='lat' dir='ltr'>tempore</span> <span class='ocrx_word' id='word_1_608' title='bbox 1257 3821 1380 3877; x_wconf 84' lang='lat' dir='ltr'>referunt</span> <span class='ocrx_word' id='word_1_609' title='bbox 1408 3824 1444 3877; x_wconf 88' lang='lat' dir='ltr'>ad</span> <span class='ocrx_word' id='word_1_610' title='bbox 1472 3825 1612 3882; x_wconf 82' lang='lat' dir='ltr'>Christum</span> <span class='ocrx_word' id='word_1_611' title='bbox 1637 3833 1788 3885; x_wconf 86' lang='lat' dir='ltr'>secandam</span> 
     </span>
     <span class='ocr_line' id='line_1_42' title="bbox 91 3905 1789 3984; baseline 0.002 -15"><span class='ocrx_word' id='word_1_612' title='bbox 91 3925 194 3984; x_wconf 85' lang='lat' dir='ltr'>neqant</span> <span class='ocrx_word' id='word_1_613' title='bbox 220 3917 316 3969; x_wconf 86' lang='lat' dir='ltr'>eadem</span> <span class='ocrx_word' id='word_1_614' title='bbox 341 3915 398 3984; x_wconf 84' lang='lat' dir='ltr'>ipsi</span> <span class='ocrx_word' id='word_1_615' title='bbox 420 3921 451 3966; x_wconf 85' lang='lat' dir='ltr'>at</span> <span class='ocrx_word' id='word_1_616' title='bbox 468 3911 576 3966; x_wconf 83' lang='lat' dir='ltr'>bomini</span> <span class='ocrx_word' id='word_1_617' title='bbox 591 3912 649 3964; x_wconf 84' lang='lat' dir='ltr'>sies</span> <span class='ocrx_word' id='word_1_618' title='bbox 666 3912 814 3964; x_wconf 77' lang='lat' dir='ltr'>seermdam</span> <span class='ocrx_word' id='word_1_619' title='bbox 832 3912 926 3964; x_wconf 80' lang='grc'><strong>111111-</strong></span> <span class='ocrx_word' id='word_1_620' title='bbox 954 3908 1085 3960; x_wconf 85' lang='lat' dir='ltr'>deitatem</span> <span class='ocrx_word' id='word_1_621' title='bbox 1102 3905 1170 3960; x_wconf 73' lang='lat' dir='ltr'>acroi</span> <span class='ocrx_word' id='word_1_622' title='bbox 1187 3927 1213 3961; x_wconf 79' lang='lat' dir='ltr'>st</span> <span class='ocrx_word' id='word_1_623' title='bbox 1228 3917 1348 3978; x_wconf 81' lang='lat' dir='ltr'>prepter</span> <span class='ocrx_word' id='word_1_624' title='bbox 1365 3920 1555 3979; x_wconf 82' lang='lat' dir='ltr'>anthressam</span> <span class='ocrx_word' id='word_1_625' title='bbox 1572 3917 1789 3972; x_wconf 74' lang='lat' dir='ltr'>exinanitionem</span> 
     </span>
     <span class='ocr_line' id='line_1_43' title="bbox 47 3994 1788 4074; baseline 0.002 -19"><span class='ocrx_word' id='word_1_626' title='bbox 47 4057 51 4067; x_wconf 67' lang='grc'><strong>,</strong></span> <span class='ocrx_word' id='word_1_627' title='bbox 90 4020 158 4055; x_wconf 90' lang='lat' dir='ltr'>nam</span> <span class='ocrx_word' id='word_1_628' title='bbox 179 4010 311 4055; x_wconf 81' lang='lat' dir='ltr'>naturam</span> <span class='ocrx_word' id='word_1_629' title='bbox 336 4017 392 4053; x_wconf 89' lang='lat' dir='ltr'>esse</span> <span class='ocrx_word' id='word_1_630' title='bbox 416 4000 498 4062; x_wconf 88' lang='lat' dir='ltr'>data,</span> <span class='ocrx_word' id='word_1_631' title='bbox 525 3996 668 4068; x_wconf 86' lang='lat' dir='ltr'>disputant</span> <span class='ocrx_word' id='word_1_632' title='bbox 693 3997 766 4052; x_wconf 86' lang='lat' dir='ltr'>enim</span> <span class='ocrx_word' id='word_1_633' title='bbox 787 4013 927 4067; x_wconf 87' lang='lat' dir='ltr'>personae</span> <span class='ocrx_word' id='word_1_634' title='bbox 953 4002 979 4046; x_wconf 91' lang='lat' dir='ltr'>et</span> <span class='ocrx_word' id='word_1_635' title='bbox 1008 4002 1131 4047; x_wconf 84' lang='lat' dir='ltr'>secutam</span> <span class='ocrx_word' id='word_1_636' title='bbox 1158 3994 1268 4062; x_wconf 84' lang='lat' dir='ltr'>qloriae</span> <span class='ocrx_word' id='word_1_637' title='bbox 1293 3998 1557 4065; x_wconf 84' lang='lat' dir='ltr'>manifestationem.</span> <span class='ocrx_word' id='word_1_638' title='bbox 1608 4003 1685 4058; x_wconf 80' lang='lat' dir='ltr'>Besa</span> <span class='ocrx_word' id='word_1_639' title='bbox 1710 4022 1736 4074; x_wconf 92' lang='lat' dir='ltr'>p.</span> <span class='ocrx_word' id='word_1_640' title='bbox 1765 4011 1788 4060; x_wconf 90' lang='lat'>1.</span> 
     </span>
     <span class='ocr_line' id='line_1_44' title="bbox 90 4080 1788 4157; baseline 0.001 -14"><span class='ocrx_word' id='word_1_641' title='bbox 90 4089 258 4143; x_wconf 85' lang='lat' dir='ltr'>mediatoris</span> <span class='ocrx_word' id='word_1_642' title='bbox 293 4103 350 4141; x_wconf 87' lang='lat' dir='ltr'>esse</span> <span class='ocrx_word' id='word_1_643' title='bbox 386 4087 470 4152; x_wconf 85' lang='lat' dir='ltr'>data,</span> <span class='ocrx_word' id='word_1_644' title='bbox 504 4083 596 4153; x_wconf 82' lang='lat' dir='ltr'>ibique</span> <span class='ocrx_word' id='word_1_645' title='bbox 629 4087 688 4136; x_wconf 83' lang='lat' dir='ltr'>esse</span> <span class='ocrx_word' id='word_1_646' title='bbox 715 4083 926 4139; x_wconf 68' lang='lat' dir='ltr'>minuendum.</span> <span class='ocrx_word' id='word_1_647' title='bbox 953 4096 1024 4151; x_wconf 87' lang='lat' dir='ltr'>resp.</span> <span class='ocrx_word' id='word_1_648' title='bbox 1050 4080 1348 4151; x_wconf 70' lang='lat' dir='ltr'>idemipsum:</span> <span class='ocrx_word' id='word_1_649' title='bbox 1384 4085 1487 4138; x_wconf 86' lang='lat' dir='ltr'>Deitas</span> <span class='ocrx_word' id='word_1_650' title='bbox 1504 4104 1562 4140; x_wconf 90' lang='lat' dir='ltr'>sese</span> <span class='ocrx_word' id='word_1_651' title='bbox 1582 4091 1788 4157; x_wconf 82' lang='lat' dir='ltr'>quodammodo</span> 
     </span>
     <span class='ocr_line' id='line_1_45' title="bbox 89 4168 1788 4242; baseline 0 -12"><span class='ocrx_word' id='word_1_652' title='bbox 89 4173 360 4230; x_wconf 74' lang='grc'><strong>’111111111111101</strong></span> <span class='ocrx_word' id='word_1_653' title='bbox 381 4176 574 4242; x_wconf 68' lang='grc'><strong>11511159,</strong></span> <span class='ocrx_word' id='word_1_654' title='bbox 602 4174 699 4223; x_wconf 69' lang='lat' dir='ltr'>cenna</span> <span class='ocrx_word' id='word_1_655' title='bbox 717 4186 786 4240; x_wconf 89' lang='lat' dir='ltr'>quos</span> <span class='ocrx_word' id='word_1_656' title='bbox 805 4169 833 4223; x_wconf 94' lang='lat' dir='ltr'>in</span> <span class='ocrx_word' id='word_1_657' title='bbox 849 4170 926 4226; x_wconf 80' lang='lat' dir='ltr'>artic</span> <span class='ocrx_word' id='word_1_658' title='bbox 954 4168 1120 4235; x_wconf 75' lang='lat' dir='ltr'>exinaniuit,</span> <span class='ocrx_word' id='word_1_659' title='bbox 1142 4185 1169 4236; x_wconf 94' lang='lat' dir='ltr'>p.</span> <span class='ocrx_word' id='word_1_660' title='bbox 1196 4172 1258 4222; x_wconf 76' lang='lat'>145:</span> <span class='ocrx_word' id='word_1_661' title='bbox 1294 4169 1384 4222; x_wconf 91' lang='lat' dir='ltr'>Nemo</span> <span class='ocrx_word' id='word_1_662' title='bbox 1401 4181 1483 4239; x_wconf 76' lang='lat' dir='ltr'>nepot</span> <span class='ocrx_word' id='word_1_663' title='bbox 1504 4173 1576 4227; x_wconf 80' lang='lat' dir='ltr'>tanc</span> <span class='ocrx_word' id='word_1_664' title='bbox 1600 4176 1684 4228; x_wconf 86' lang='lat' dir='ltr'>Verbi</span> <span class='ocrx_word' id='word_1_665' title='bbox 1702 4179 1788 4230; x_wconf 80' lang='lat' dir='ltr'>onini-</span> 
     </span>
     <span class='ocr_line' id='line_1_46' title="bbox 89 4254 1788 4333; baseline -0.001 -16"><span class='ocrx_word' id='word_1_666' title='bbox 89 4265 127 4317; x_wconf 90' lang='lat' dir='ltr'>de</span> <span class='ocrx_word' id='word_1_667' title='bbox 143 4277 261 4331; x_wconf 89' lang='lat' dir='ltr'>persona</span> <span class='ocrx_word' id='word_1_668' title='bbox 278 4258 380 4315; x_wconf 88' lang='lat' dir='ltr'>Christi</span> <span class='ocrx_word' id='word_1_669' title='bbox 400 4254 427 4332; x_wconf 87' lang='lat'>5</span> <span class='ocrx_word' id='word_1_670' title='bbox 450 4263 507 4314; x_wconf 92' lang='grc'><strong>100.</strong></span> <span class='ocrx_word' id='word_1_671' title='bbox 527 4256 602 4311; x_wconf 90' lang='lat' dir='ltr'>etin</span> <span class='ocrx_word' id='word_1_672' title='bbox 619 4254 715 4310; x_wconf 85' lang='lat' dir='ltr'>Herm.</span> <span class='ocrx_word' id='word_1_673' title='bbox 735 4256 769 4311; x_wconf 97' lang='lat' dir='ltr'>de</span> <span class='ocrx_word' id='word_1_674' title='bbox 782 4263 924 4311; x_wconf 88' lang='lat' dir='ltr'>resurrect.</span> <span class='ocrx_word' id='word_1_675' title='bbox 951 4256 1103 4321; x_wconf 82' lang='lat' dir='ltr'>potentiam</span> <span class='ocrx_word' id='word_1_676' title='bbox 1126 4254 1328 4322; x_wconf 82' lang='lat' dir='ltr'>quadamtenus</span> <span class='ocrx_word' id='word_1_677' title='bbox 1350 4256 1400 4308; x_wconf 83' lang='lat' dir='ltr'>sub</span> <span class='ocrx_word' id='word_1_678' title='bbox 1422 4259 1482 4311; x_wconf 85' lang='lat' dir='ltr'>celo</span> <span class='ocrx_word' id='word_1_679' title='bbox 1506 4262 1599 4312; x_wconf 70' lang='lat' dir='ltr'>carnis</span> <span class='ocrx_word' id='word_1_680' title='bbox 1621 4263 1663 4313; x_wconf 85' lang='lat' dir='ltr'>ad</span> <span class='ocrx_word' id='word_1_681' title='bbox 1682 4269 1788 4333; x_wconf 81' lang='lat' dir='ltr'>tempas</span> 
     </span>
     <span class='ocr_line' id='line_1_47' title="bbox 89 4340 1788 4415; baseline -0.001 -10"><span class='ocrx_word' id='word_1_682' title='bbox 89 4368 115 4405; x_wconf 89' lang='lat' dir='ltr'>c.</span> <span class='ocrx_word' id='word_1_683' title='bbox 146 4351 183 4401; x_wconf 82' lang='grc'>11.</span> <span class='ocrx_word' id='word_1_684' title='bbox 209 4364 236 4415; x_wconf 89' lang='lat' dir='ltr'>p.</span> <span class='ocrx_word' id='word_1_685' title='bbox 260 4350 317 4402; x_wconf 83' lang='grc'><strong>438.</strong></span> <span class='ocrx_word' id='word_1_686' title='bbox 335 4345 514 4415; x_wconf 87' lang='lat' dir='ltr'>produximus</span> <span class='ocrx_word' id='word_1_687' title='bbox 531 4343 603 4397; x_wconf 84' lang='lat' dir='ltr'>hanc</span> <span class='ocrx_word' id='word_1_688' title='bbox 622 4343 759 4414; x_wconf 79' lang='lat' dir='ltr'>regulam:</span> <span class='ocrx_word' id='word_1_689' title='bbox 788 4343 927 4415; x_wconf 83' lang='lat' dir='ltr'>Quicquid</span> <span class='ocrx_word' id='word_1_690' title='bbox 954 4340 1099 4393; x_wconf 83' lang='lat' dir='ltr'>delituisse</span> <span class='ocrx_word' id='word_1_691' title='bbox 1119 4347 1144 4391; x_wconf 91' lang='lat' dir='ltr'>et</span> <span class='ocrx_word' id='word_1_692' title='bbox 1163 4341 1378 4409; x_wconf 82' lang='lat' dir='ltr'>quodammodo,</span> <span class='ocrx_word' id='word_1_693' title='bbox 1397 4346 1474 4411; x_wconf 84' lang='lat' dir='ltr'>qaod</span> <span class='ocrx_word' id='word_1_694' title='bbox 1482 4347 1524 4397; x_wconf 88' lang='lat' dir='ltr'>ad</span> <span class='ocrx_word' id='word_1_695' title='bbox 1534 4347 1788 4412; x_wconf 75' lang='lat' dir='ltr'>manifestationem</span> 
     </span>
     <span class='ocr_line' id='line_1_48' title="bbox 89 4427 1788 4504; baseline 0.002 -18"><span class='ocrx_word' id='word_1_696' title='bbox 89 4437 128 4490; x_wconf 81' lang='lat' dir='ltr'>de</span> <span class='ocrx_word' id='word_1_697' title='bbox 149 4447 268 4504; x_wconf 88' lang='lat' dir='ltr'>persona</span> <span class='ocrx_word' id='word_1_698' title='bbox 284 4430 386 4485; x_wconf 88' lang='lat' dir='ltr'>Christi</span> <span class='ocrx_word' id='word_1_699' title='bbox 410 4429 600 4501; x_wconf 75' lang='lat' dir='ltr'>praedicatum,</span> <span class='ocrx_word' id='word_1_700' title='bbox 621 4429 690 4484; x_wconf 91' lang='lat' dir='ltr'>illud</span> <span class='ocrx_word' id='word_1_701' title='bbox 710 4429 755 4485; x_wconf 87' lang='lat' dir='ltr'>vel</span> <span class='ocrx_word' id='word_1_702' title='bbox 775 4431 925 4484; x_wconf 90' lang='lat' dir='ltr'>secundum</span> <span class='ocrx_word' id='word_1_703' title='bbox 953 4427 1058 4490; x_wconf 85' lang='lat' dir='ltr'>attinet,</span> <span class='ocrx_word' id='word_1_704' title='bbox 1069 4427 1161 4480; x_wconf 83' lang='lat' dir='ltr'>videri</span> <span class='ocrx_word' id='word_1_705' title='bbox 1167 4444 1252 4497; x_wconf 89' lang='lat' dir='ltr'>posse</span> <span class='ocrx_word' id='word_1_706' title='bbox 1266 4427 1323 4495; x_wconf 83' lang='lat' dir='ltr'>ipsi</span> <span class='ocrx_word' id='word_1_707' title='bbox 1333 4430 1371 4498; x_wconf 77' lang='lat' dir='ltr'>:qi</span> <span class='ocrx_word' id='word_1_708' title='bbox 1379 4429 1466 4500; x_wconf 77' lang='grc' dir='ltr'>Λόγῳ</span> <span class='ocrx_word' id='word_1_709' title='bbox 1475 4432 1586 4485; x_wconf 86' lang='lat' dir='ltr'>ratione</span> <span class='ocrx_word' id='word_1_710' title='bbox 1595 4444 1662 4486; x_wconf 84' lang='lat' dir='ltr'>suae</span> <span class='ocrx_word' id='word_1_711' title='bbox 1672 4437 1788 4490; x_wconf 85' lang='lat' dir='ltr'>deitatis</span> 
     </span>
     <span class='ocr_line' id='line_1_49' title="bbox 90 4513 1789 4586; baseline -0.001 -10"><span class='ocrx_word' id='word_1_712' title='bbox 90 4522 216 4576; x_wconf 84' lang='lat' dir='ltr'>divinam</span> <span class='ocrx_word' id='word_1_713' title='bbox 246 4521 354 4571; x_wconf 89' lang='lat' dir='ltr'>tantum</span> <span class='ocrx_word' id='word_1_714' title='bbox 387 4516 433 4570; x_wconf 88' lang='lat' dir='ltr'>vel</span> <span class='ocrx_word' id='word_1_715' title='bbox 460 4517 611 4572; x_wconf 76' lang='lat' dir='ltr'>emendum</span> <span class='ocrx_word' id='word_1_716' title='bbox 639 4514 787 4570; x_wconf 88' lang='lat' dir='ltr'>humanam</span> <span class='ocrx_word' id='word_1_717' title='bbox 817 4521 925 4571; x_wconf 90' lang='lat' dir='ltr'>tantum</span> <span class='ocrx_word' id='word_1_718' title='bbox 946 4515 1041 4581; x_wconf 71' lang='lat' dir='ltr'>sitisse</span> <span class='ocrx_word' id='word_1_719' title='bbox 1061 4513 1224 4581; x_wconf 67' lang='lat' dir='ltr'>restitantem,</span> <span class='ocrx_word' id='word_1_720' title='bbox 1244 4531 1304 4565; x_wconf 76' lang='lat' dir='ltr'>crim</span> <span class='ocrx_word' id='word_1_721' title='bbox 1321 4513 1352 4566; x_wconf 88' lang='lat' dir='ltr'>in</span> <span class='ocrx_word' id='word_1_722' title='bbox 1369 4515 1422 4568; x_wconf 81' lang='lat' dir='ltr'>iac</span> <span class='ocrx_word' id='word_1_723' title='bbox 1441 4535 1549 4586; x_wconf 82' lang='lat' dir='ltr'>qnoque</span> <span class='ocrx_word' id='word_1_724' title='bbox 1562 4536 1647 4572; x_wconf 89' lang='lat' dir='ltr'>carne</span> <span class='ocrx_word' id='word_1_725' title='bbox 1661 4523 1789 4577; x_wconf 68' lang='lat' dir='ltr'>Christum</span> 
     </span>
     <span class='ocr_line' id='line_1_50' title="bbox 90 4599 1788 4674; baseline 0 -12"><span class='ocrx_word' id='word_1_726' title='bbox 90 4607 136 4662; x_wconf 87' lang='lat' dir='ltr'>vel</span> <span class='ocrx_word' id='word_1_727' title='bbox 172 4603 324 4660; x_wconf 88' lang='lat' dir='ltr'>secundum</span> <span class='ocrx_word' id='word_1_728' title='bbox 360 4607 507 4673; x_wconf 83' lang='lat' dir='ltr'>utramque</span> <span class='ocrx_word' id='word_1_729' title='bbox 539 4608 668 4656; x_wconf 75' lang='lat' dir='ltr'>naturam</span> <span class='ocrx_word' id='word_1_730' title='bbox 702 4603 755 4673; x_wconf 90' lang='lat' dir='ltr'>ipsi</span> <span class='ocrx_word' id='word_1_731' title='bbox 785 4602 924 4674; x_wconf 76' lang='lat' dir='ltr'>tribuimur.</span> <span class='ocrx_word' id='word_1_732' title='bbox 948 4601 1075 4670; x_wconf 84' lang='lat' dir='ltr'>peractis</span> <span class='ocrx_word' id='word_1_733' title='bbox 1092 4599 1181 4669; x_wconf 84' lang='lat' dir='ltr'>ipsius</span> <span class='ocrx_word' id='word_1_734' title='bbox 1198 4600 1370 4668; x_wconf 82' lang='lat' dir='ltr'>infirmitatis</span> <span class='ocrx_word' id='word_1_735' title='bbox 1387 4603 1483 4656; x_wconf 80' lang='lat' dir='ltr'>diebus</span> <span class='ocrx_word' id='word_1_736' title='bbox 1501 4622 1588 4674; x_wconf 76' lang='lat' dir='ltr'>aspra</span> <span class='ocrx_word' id='word_1_737' title='bbox 1601 4625 1679 4660; x_wconf 89' lang='lat' dir='ltr'>omne</span> <span class='ocrx_word' id='word_1_738' title='bbox 1690 4627 1788 4662; x_wconf 87' lang='lat' dir='ltr'>nomen</span> 
     </span>
     <span class='ocr_line' id='line_1_51' title="bbox 92 4684 1788 4760; baseline 0 -11"><span class='ocrx_word' id='word_1_739' title='bbox 92 4691 193 4750; x_wconf 86' lang='lat' dir='ltr'>Sadcel</span> <span class='ocrx_word' id='word_1_740' title='bbox 212 4688 328 4760; x_wconf 90' lang='lat' dir='ltr'>opponit</span> <span class='ocrx_word' id='word_1_741' title='bbox 345 4688 512 4742; x_wconf 87' lang='lat' dir='ltr'>contrarium</span> <span class='ocrx_word' id='word_1_742' title='bbox 529 4687 671 4743; x_wconf 88' lang='lat' dir='ltr'>theorema</span> <span class='ocrx_word' id='word_1_743' title='bbox 690 4687 718 4741; x_wconf 92' lang='lat' dir='ltr'>in</span> <span class='ocrx_word' id='word_1_744' title='bbox 737 4687 785 4745; x_wconf 92' lang='lat' dir='ltr'>lib.</span> <span class='ocrx_word' id='word_1_745' title='bbox 805 4688 839 4743; x_wconf 90' lang='lat' dir='ltr'>de</span> <span class='ocrx_word' id='word_1_746' title='bbox 856 4689 925 4743; x_wconf 86' lang='lat' dir='ltr'>veri-</span> <span class='ocrx_word' id='word_1_747' title='bbox 953 4687 1117 4741; x_wconf 72' lang='lat' dir='ltr'>estimetur.</span> <span class='ocrx_word' id='word_1_748' title='bbox 1138 4684 1428 4759; x_wconf 75' lang='lat' dir='ltr'>Sohninsinexegp.</span> <span class='ocrx_word' id='word_1_749' title='bbox 1443 4688 1649 4746; x_wconf 65' lang='grc'><strong>1110111111</strong></span> <span class='ocrx_word' id='word_1_750' title='bbox 1661 4703 1726 4748; x_wconf 88' lang='lat' dir='ltr'>actu</span> <span class='ocrx_word' id='word_1_751' title='bbox 1740 4697 1788 4749; x_wconf 82' lang='lat' dir='ltr'>lra-</span> 
     </span>
     <span class='ocr_line' id='line_1_52' title="bbox 91 4773 1826 4850; baseline -0.001 -15"><span class='ocrx_word' id='word_1_752' title='bbox 91 4786 142 4835; x_wconf 88' lang='lat' dir='ltr'>tat.</span> <span class='ocrx_word' id='word_1_753' title='bbox 168 4779 306 4833; x_wconf 86' lang='lat' dir='ltr'>humanae</span> <span class='ocrx_word' id='word_1_754' title='bbox 333 4780 465 4844; x_wconf 86' lang='lat' dir='ltr'>naturae,</span> <span class='ocrx_word' id='word_1_755' title='bbox 501 4776 639 4844; x_wconf 85' lang='lat' dir='ltr'>quaedam</span> <span class='ocrx_word' id='word_1_756' title='bbox 665 4776 701 4827; x_wconf 86' lang='lat' dir='ltr'>de</span> <span class='ocrx_word' id='word_1_757' title='bbox 724 4773 835 4828; x_wconf 80' lang='lat' dir='ltr'>Christo</span> <span class='ocrx_word' id='word_1_758' title='bbox 860 4776 927 4843; x_wconf 85' lang='lat' dir='ltr'>dici,</span> <span class='ocrx_word' id='word_1_759' title='bbox 953 4775 1011 4828; x_wconf 82' lang='lat' dir='ltr'>buit</span> <span class='ocrx_word' id='word_1_760' title='bbox 1027 4773 1148 4841; x_wconf 77' lang='lat' dir='ltr'>pieriam</span> <span class='ocrx_word' id='word_1_761' title='bbox 1168 4773 1312 4840; x_wconf 79' lang='lat' dir='ltr'>aeqrealem</span> <span class='ocrx_word' id='word_1_762' title='bbox 1329 4791 1390 4827; x_wconf 78' lang='lat' dir='ltr'>mim</span> <span class='ocrx_word' id='word_1_763' title='bbox 1409 4776 1472 4828; x_wconf 85' lang='lat' dir='ltr'>Deo</span> <span class='ocrx_word' id='word_1_764' title='bbox 1485 4777 1580 4842; x_wconf 85' lang='lat' dir='ltr'>Patre,</span> <span class='ocrx_word' id='word_1_765' title='bbox 1597 4782 1649 4832; x_wconf 83' lang='lat' dir='ltr'>sed</span> <span class='ocrx_word' id='word_1_766' title='bbox 1668 4783 1787 4835; x_wconf 78' lang='grc'><strong>1111111-</strong></span> <span class='ocrx_word' id='word_1_767' title='bbox 1822 4831 1826 4850; x_wconf 78' lang='grc'><strong>,</strong></span> 
     </span>
     <span class='ocr_line' id='line_1_53' title="bbox 92 4854 1786 4938; baseline 0.002 -20"><span class='ocrx_word' id='word_1_768' title='bbox 92 4884 165 4938; x_wconf 83' lang='lat' dir='ltr'>qnae</span> <span class='ocrx_word' id='word_1_769' title='bbox 188 4865 340 4918; x_wconf 84' lang='lat' dir='ltr'>secandum</span> <span class='ocrx_word' id='word_1_770' title='bbox 365 4854 426 4929; x_wconf 75' lang='lat' dir='ltr'>eius</span> <span class='ocrx_word' id='word_1_771' title='bbox 438 4877 591 4931; x_wconf 85' lang='lat' dir='ltr'>personam</span> <span class='ocrx_word' id='word_1_772' title='bbox 609 4868 716 4913; x_wconf 85' lang='lat' dir='ltr'>tantum</span> <span class='ocrx_word' id='word_1_773' title='bbox 734 4860 926 4929; x_wconf 80' lang='lat' dir='ltr'>intelliqenda,</span> <span class='ocrx_word' id='word_1_774' title='bbox 951 4880 1013 4930; x_wconf 77' lang='lat' dir='ltr'>pris,</span> <span class='ocrx_word' id='word_1_775' title='bbox 1032 4877 1118 4930; x_wconf 86' lang='lat' dir='ltr'>eaque</span> <span class='ocrx_word' id='word_1_776' title='bbox 1135 4877 1164 4911; x_wconf 86' lang='lat' dir='ltr'>se</span> <span class='ocrx_word' id='word_1_777' title='bbox 1184 4859 1332 4912; x_wconf 76' lang='lat' dir='ltr'>abdicarit.</span> <span class='ocrx_word' id='word_1_778' title='bbox 1370 4859 1473 4916; x_wconf 88' lang='lat' dir='ltr'>Contra</span> <span class='ocrx_word' id='word_1_779' title='bbox 1493 4880 1562 4934; x_wconf 89' lang='lat' dir='ltr'>quos</span> <span class='ocrx_word' id='word_1_780' title='bbox 1583 4866 1786 4935; x_wconf 82' lang='lat' dir='ltr'>disputavimus</span> 
     </span>
     <span class='ocr_line' id='line_1_54' title="bbox 92 4944 1786 5020; baseline 0.002 -15"><span class='ocrx_word' id='word_1_781' title='bbox 92 4952 213 5020; x_wconf 81' lang='lat' dir='ltr'>horest,</span> <span class='ocrx_word' id='word_1_782' title='bbox 236 4966 307 5020; x_wconf 88' lang='lat' dir='ltr'>qaae</span> <span class='ocrx_word' id='word_1_783' title='bbox 327 4947 464 5019; x_wconf 86' lang='lat' dir='ltr'>privatim</span> <span class='ocrx_word' id='word_1_784' title='bbox 483 4955 510 4999; x_wconf 90' lang='lat' dir='ltr'>et</span> <span class='ocrx_word' id='word_1_785' title='bbox 521 4948 641 5016; x_wconf 87' lang='lat' dir='ltr'>proprie</span> <span class='ocrx_word' id='word_1_786' title='bbox 658 4965 714 5001; x_wconf 92' lang='lat' dir='ltr'>non</span> <span class='ocrx_word' id='word_1_787' title='bbox 729 4948 870 5016; x_wconf 86' lang='lat' dir='ltr'>pertinent</span> <span class='ocrx_word' id='word_1_788' title='bbox 887 4950 928 5002; x_wconf 84' lang='lat' dir='ltr'>ad</span> <span class='ocrx_word' id='word_1_789' title='bbox 953 4951 1004 5002; x_wconf 87' lang='lat' dir='ltr'>art.</span> <span class='ocrx_word' id='word_1_790' title='bbox 1023 4946 1195 5016; x_wconf 88' lang='lat' dir='ltr'>depersona</span> <span class='ocrx_word' id='word_1_791' title='bbox 1214 4944 1316 4998; x_wconf 87' lang='lat' dir='ltr'>Christi</span> <span class='ocrx_word' id='word_1_792' title='bbox 1336 4963 1364 5015; x_wconf 91' lang='lat' dir='ltr'>p.</span> <span class='ocrx_word' id='word_1_793' title='bbox 1384 4947 1600 5017; x_wconf 79' lang='lat' dir='ltr'>1013h0cloco</span> <span class='ocrx_word' id='word_1_794' title='bbox 1619 4951 1786 5009; x_wconf 80' lang='grc'><strong>111111111-</strong></span> 
     </span>
     <span class='ocr_line' id='line_1_55' title="bbox 92 5030 1787 5105; baseline 0.002 -14"><span class='ocrx_word' id='word_1_795' title='bbox 92 5038 211 5091; x_wconf 87' lang='lat' dir='ltr'>alteram</span> <span class='ocrx_word' id='word_1_796' title='bbox 244 5055 275 5091; x_wconf 84' lang='lat' dir='ltr'>es</span> <span class='ocrx_word' id='word_1_797' title='bbox 301 5035 418 5089; x_wconf 75' lang='lat' dir='ltr'>natur-is.</span> <span class='ocrx_word' id='word_1_798' title='bbox 463 5031 518 5089; x_wconf 86' lang='lat' dir='ltr'>Sed</span> <span class='ocrx_word' id='word_1_799' title='bbox 545 5050 680 5105; x_wconf 86' lang='lat' dir='ltr'>negamus</span> <span class='ocrx_word' id='word_1_800' title='bbox 707 5033 759 5093; x_wconf 89' lang='lat' dir='ltr'>hoc</span> <span class='ocrx_word' id='word_1_801' title='bbox 786 5033 927 5089; x_wconf 87' lang='lat' dir='ltr'>theorema</span> <span class='ocrx_word' id='word_1_802' title='bbox 953 5034 1050 5087; x_wconf 89' lang='lat' dir='ltr'>dimus.</span> <span class='ocrx_word' id='word_1_803' title='bbox 1087 5030 1242 5086; x_wconf 83' lang='lat' dir='ltr'>Secundum</span> <span class='ocrx_word' id='word_1_804' title='bbox 1260 5047 1343 5102; x_wconf 85' lang='lat' dir='ltr'>quam</span> <span class='ocrx_word' id='word_1_805' title='bbox 1369 5038 1496 5088; x_wconf 77' lang='lat' dir='ltr'>natunm</span> <span class='ocrx_word' id='word_1_806' title='bbox 1515 5035 1640 5092; x_wconf 87' lang='lat' dir='ltr'>Christus</span> <span class='ocrx_word' id='word_1_807' title='bbox 1666 5040 1787 5095; x_wconf 85' lang='lat' dir='ltr'>exinani·</span> 
     </span>
     <span class='ocr_line' id='line_1_56' title="bbox 91 5101 1787 5200; baseline 0 -20"><span class='ocrx_word' id='word_1_808' title='bbox 91 5125 191 5182; x_wconf 87' lang='lat' dir='ltr'>idoneo</span> <span class='ocrx_word' id='word_1_809' title='bbox 224 5124 317 5197; x_wconf 84' lang='lat' dir='ltr'>aliquo</span> <span class='ocrx_word' id='word_1_810' title='bbox 349 5121 474 5193; x_wconf 88' lang='lat' dir='ltr'>exemplo</span> <span class='ocrx_word' id='word_1_811' title='bbox 506 5120 661 5176; x_wconf 85' lang='lat' dir='ltr'>confirmari</span> <span class='ocrx_word' id='word_1_812' title='bbox 688 5137 777 5191; x_wconf 88' lang='lat' dir='ltr'>posse.</span> <span class='ocrx_word' id='word_1_813' title='bbox 827 5121 927 5177; x_wconf 86' lang='lat' dir='ltr'>Sadeel</span> <span class='ocrx_word' id='word_1_814' title='bbox 953 5125 1011 5182; x_wconf 87' lang='lat' dir='ltr'>tus,</span> <span class='ocrx_word' id='word_1_815' title='bbox 1034 5118 1186 5172; x_wconf 87' lang='lat' dir='ltr'>secundum</span> <span class='ocrx_word' id='word_1_816' title='bbox 1211 5118 1328 5172; x_wconf 88' lang='lat' dir='ltr'>eandem</span> <span class='ocrx_word' id='word_1_817' title='bbox 1353 5101 1435 5172; x_wconf 82' lang='grc'><strong>111111</strong></span> <span class='ocrx_word' id='word_1_818' title='bbox 1458 5127 1501 5176; x_wconf 90' lang='lat' dir='ltr'>est</span> <span class='ocrx_word' id='word_1_819' title='bbox 1519 5122 1663 5179; x_wconf 88' lang='lat' dir='ltr'>exaltatus.</span> <span class='ocrx_word' id='word_1_820' title='bbox 1698 5127 1787 5200; x_wconf 75' lang='lat' dir='ltr'>Atqui</span> 
     </span>
     <span class='ocr_line' id='line_1_57' title="bbox 91 5203 1787 5285; baseline 0.003 -19"><span class='ocrx_word' id='word_1_821' title='bbox 91 5210 220 5285; x_wconf 89' lang='lat' dir='ltr'>producit</span> <span class='ocrx_word' id='word_1_822' title='bbox 247 5210 406 5282; x_wconf 87' lang='lat' dir='ltr'>sequentis:</span> <span class='ocrx_word' id='word_1_823' title='bbox 438 5207 562 5262; x_wconf 84' lang='lat' dir='ltr'>Primum</span> <span class='ocrx_word' id='word_1_824' title='bbox 589 5223 622 5262; x_wconf 88' lang='lat' dir='ltr'>ex</span> <span class='ocrx_word' id='word_1_825' title='bbox 649 5206 747 5261; x_wconf 87' lang='lat' dir='ltr'>Matth.</span> <span class='ocrx_word' id='word_1_826' title='bbox 777 5212 817 5273; x_wconf 85' lang='grc'>17,</span> <span class='ocrx_word' id='word_1_827' title='bbox 843 5225 869 5263; x_wconf 85' lang='lat' dir='ltr'>v.</span> <span class='ocrx_word' id='word_1_828' title='bbox 896 5213 926 5264; x_wconf 77' lang='lat' dir='ltr'>t:</span> <span class='ocrx_word' id='word_1_829' title='bbox 952 5221 1008 5259; x_wconf 90' lang='lat' dir='ltr'>non</span> <span class='ocrx_word' id='word_1_830' title='bbox 1022 5204 1174 5260; x_wconf 86' lang='lat' dir='ltr'>secundum</span> <span class='ocrx_word' id='word_1_831' title='bbox 1186 5203 1539 5270; x_wconf 84' lang='lat' dir='ltr'>divinam,sedsecundum</span> <span class='ocrx_word' id='word_1_832' title='bbox 1556 5209 1704 5268; x_wconf 87' lang='lat' dir='ltr'>humanam</span> <span class='ocrx_word' id='word_1_833' title='bbox 1718 5215 1787 5271; x_wconf 90' lang='lat' dir='ltr'>dun-</span> 
     </span>
     <span class='ocr_line' id='line_1_58' title="bbox 91 5290 1785 5364; baseline 0.004 -11"><span class='ocrx_word' id='word_1_834' title='bbox 91 5300 148 5353; x_wconf 86' lang='lat' dir='ltr'>Hic</span> <span class='ocrx_word' id='word_1_835' title='bbox 175 5306 215 5353; x_wconf 90' lang='lat' dir='ltr'>est</span> <span class='ocrx_word' id='word_1_836' title='bbox 241 5299 336 5352; x_wconf 71' lang='lat' dir='ltr'>iilius</span> <span class='ocrx_word' id='word_1_837' title='bbox 362 5314 440 5351; x_wconf 83' lang='lat' dir='ltr'>meas</span> <span class='ocrx_word' id='word_1_838' title='bbox 462 5294 588 5350; x_wconf 74' lang='lat' dir='ltr'>dilectiss.</span> <span class='ocrx_word' id='word_1_839' title='bbox 628 5292 767 5364; x_wconf 85' lang='lat' dir='ltr'>Respond.</span> <span class='ocrx_word' id='word_1_840' title='bbox 782 5299 836 5349; x_wconf 81' lang='grc'><strong>,111</strong></span> <span class='ocrx_word' id='word_1_841' title='bbox 858 5294 926 5350; x_wconf 86' lang='lat' dir='ltr'>hacc</span> <span class='ocrx_word' id='word_1_842' title='bbox 952 5297 1030 5346; x_wconf 87' lang='lat' dir='ltr'>taxat</span> <span class='ocrx_word' id='word_1_843' title='bbox 1058 5298 1185 5346; x_wconf 88' lang='lat' dir='ltr'>naturam</span> <span class='ocrx_word' id='word_1_844' title='bbox 1215 5296 1258 5345; x_wconf 89' lang='lat' dir='ltr'>est</span> <span class='ocrx_word' id='word_1_845' title='bbox 1287 5290 1459 5362; x_wconf 77' lang='lat' dir='ltr'>exinanitus,</span> <span class='ocrx_word' id='word_1_846' title='bbox 1488 5300 1521 5348; x_wconf 89' lang='grc'>11</span> <span class='ocrx_word' id='word_1_847' title='bbox 1551 5297 1634 5352; x_wconf 90' lang='lat' dir='ltr'>docet</span> <span class='ocrx_word' id='word_1_848' title='bbox 1662 5300 1785 5360; x_wconf 88' lang='lat' dir='ltr'>definitio</span> 
     </span>
     <span class='ocr_line' id='line_1_59' title="bbox 90 5376 1784 5458; baseline 0.001 -19"><span class='ocrx_word' id='word_1_849' title='bbox 90 5385 243 5457; x_wconf 90' lang='lat' dir='ltr'>propositio</span> <span class='ocrx_word' id='word_1_850' title='bbox 264 5382 417 5456; x_wconf 87' lang='lat' dir='ltr'>personalis</span> <span class='ocrx_word' id='word_1_851' title='bbox 434 5382 552 5451; x_wconf 89' lang='lat' dir='ltr'>ideoque</span> <span class='ocrx_word' id='word_1_852' title='bbox 566 5381 601 5434; x_wconf 88' lang='lat' dir='ltr'>ad</span> <span class='ocrx_word' id='word_1_853' title='bbox 614 5378 724 5434; x_wconf 90' lang='lat' dir='ltr'>unionis</span> <span class='ocrx_word' id='word_1_854' title='bbox 735 5380 927 5452; x_wconf 82' lang='lat' dir='ltr'>hypostaticas</span> <span class='ocrx_word' id='word_1_855' title='bbox 953 5378 1145 5434; x_wconf 84' lang='lat' dir='ltr'>exinanitionis</span> <span class='ocrx_word' id='word_1_856' title='bbox 1162 5376 1266 5432; x_wconf 90' lang='lat' dir='ltr'>tradita</span> <span class='ocrx_word' id='word_1_857' title='bbox 1284 5377 1320 5432; x_wconf 85' lang='lat' dir='ltr'>eb</span> <span class='ocrx_word' id='word_1_858' title='bbox 1340 5381 1464 5447; x_wconf 89' lang='lat' dir='ltr'>apostolo</span> <span class='ocrx_word' id='word_1_859' title='bbox 1482 5380 1551 5436; x_wconf 93' lang='lat' dir='ltr'>Phil.</span> <span class='ocrx_word' id='word_1_860' title='bbox 1574 5390 1597 5445; x_wconf 83' lang='lat'>2,</span> <span class='ocrx_word' id='word_1_861' title='bbox 1616 5402 1641 5439; x_wconf 89' lang='lat' dir='ltr'>v.</span> <span class='ocrx_word' id='word_1_862' title='bbox 1660 5392 1683 5453; x_wconf 86' lang='lat'>9,</span> <span class='ocrx_word' id='word_1_863' title='bbox 1710 5389 1784 5458; x_wconf 91' lang='lat' dir='ltr'>quod</span> 
     </span>
     <span class='ocr_line' id='line_1_60' title="bbox 91 5462 1786 5548; baseline 0.001 -22"><span class='ocrx_word' id='word_1_864' title='bbox 91 5471 306 5542; x_wconf 88' lang='lat' dir='ltr'>descriptionem</span> <span class='ocrx_word' id='word_1_865' title='bbox 323 5471 454 5542; x_wconf 89' lang='lat' dir='ltr'>pertinet,</span> <span class='ocrx_word' id='word_1_866' title='bbox 479 5485 533 5522; x_wconf 91' lang='lat' dir='ltr'>non</span> <span class='ocrx_word' id='word_1_867' title='bbox 552 5471 644 5521; x_wconf 88' lang='lat' dir='ltr'>autem</span> <span class='ocrx_word' id='word_1_868' title='bbox 671 5467 706 5521; x_wconf 91' lang='lat' dir='ltr'>de</span> <span class='ocrx_word' id='word_1_869' title='bbox 724 5466 842 5522; x_wconf 82' lang='grc'><strong>(1111111</strong></span> <span class='ocrx_word' id='word_1_870' title='bbox 859 5474 926 5524; x_wconf 90' lang='lat' dir='ltr'>tem-</span> <span class='ocrx_word' id='word_1_871' title='bbox 954 5468 990 5521; x_wconf 89' lang='lat' dir='ltr'>sit</span> <span class='ocrx_word' id='word_1_872' title='bbox 1002 5465 1104 5520; x_wconf 91' lang='lat' dir='ltr'>Christi</span> <span class='ocrx_word' id='word_1_873' title='bbox 1121 5462 1309 5530; x_wconf 71' lang='lat' dir='ltr'>trnvtpdnov</span> <span class='ocrx_word' id='word_1_874' title='bbox 1328 5462 1357 5516; x_wconf 91' lang='lat' dir='ltr'>in</span> <span class='ocrx_word' id='word_1_875' title='bbox 1375 5465 1465 5519; x_wconf 88' lang='lat' dir='ltr'>forma</span> <span class='ocrx_word' id='word_1_876' title='bbox 1481 5468 1574 5523; x_wconf 89' lang='lat' dir='ltr'>servili</span> <span class='ocrx_word' id='word_1_877' title='bbox 1592 5469 1703 5548; x_wconf 86' lang='lat' dir='ltr'>humilis</span> <span class='ocrx_word' id='word_1_878' title='bbox 1723 5475 1786 5529; x_wconf 92' lang='lat' dir='ltr'>obe-</span> 
     </span>
     <span class='ocr_line' id='line_1_61' title="bbox 91 5550 1786 5632; baseline 0.001 -20"><span class='ocrx_word' id='word_1_879' title='bbox 91 5574 161 5632; x_wconf 86' lang='lat' dir='ltr'>pcrs</span> <span class='ocrx_word' id='word_1_880' title='bbox 187 5556 254 5629; x_wconf 79' lang='lat' dir='ltr'>agit.</span> <span class='ocrx_word' id='word_1_881' title='bbox 298 5556 456 5613; x_wconf 74' lang='lat' dir='ltr'>Secundum</span> <span class='ocrx_word' id='word_1_882' title='bbox 483 5571 516 5610; x_wconf 87' lang='lat' dir='ltr'>ox</span> <span class='ocrx_word' id='word_1_883' title='bbox 540 5552 647 5624; x_wconf 86' lang='lat' dir='ltr'>phrasi:</span> <span class='ocrx_word' id='word_1_884' title='bbox 677 5553 770 5608; x_wconf 69' lang='lat' dir='ltr'>ritem</span> <span class='ocrx_word' id='word_1_885' title='bbox 792 5556 874 5610; x_wconf 86' lang='lat' dir='ltr'>DEI</span> <span class='ocrx_word' id='word_1_886' title='bbox 893 5556 928 5609; x_wconf 85' lang='lat' dir='ltr'>de</span> <span class='ocrx_word' id='word_1_887' title='bbox 955 5552 1060 5608; x_wconf 85' lang='lat' dir='ltr'>dientia</span> <span class='ocrx_word' id='word_1_888' title='bbox 1076 5567 1164 5623; x_wconf 86' lang='lat' dir='ltr'>usqne</span> <span class='ocrx_word' id='word_1_889' title='bbox 1182 5550 1220 5605; x_wconf 84' lang='lat' dir='ltr'>ad</span> <span class='ocrx_word' id='word_1_890' title='bbox 1242 5553 1358 5606; x_wconf 87' lang='lat' dir='ltr'>mortem</span> <span class='ocrx_word' id='word_1_891' title='bbox 1379 5552 1475 5608; x_wconf 79' lang='grc'><strong>111111.</strong></span> <span class='ocrx_word' id='word_1_892' title='bbox 1512 5555 1541 5612; x_wconf 86' lang='lat' dir='ltr'>Si</span> <span class='ocrx_word' id='word_1_893' title='bbox 1566 5556 1712 5614; x_wconf 82' lang='lat' dir='ltr'>obvertunt</span> <span class='ocrx_word' id='word_1_894' title='bbox 1730 5577 1786 5628; x_wconf 87' lang='lat' dir='ltr'>per</span> 
     </span>
    </p>
   </div>
   <div class='ocr_carea' id='block_1_3' title="bbox 0 0 1996 6022">
    <p class='ocr_par' dir='ltr' id='par_1_3' title="bbox 0 0 1996 6022">
     <span class='ocr_line' id='line_1_62' title="bbox 0 0 1996 6022; baseline 0 0"><span class='ocrx_word' id='word_1_895' title='bbox 0 0 1996 6022; x_wconf 95' lang='lat' dir='ltr'> </span> 
     </span>
    </p>
   </div>
  </div>
 </body>
</html>
