3984 6022
135 234 141 242 ’
189 267 250 328 sor
449 303 450 307 ι
874 260 995 318 uacus
1015 259 1193 325 cusanus

194 417 309 474 tionem.
346 417 435 474 Actus
455 420 631 475 assumtionis
654 419 779 491 procedit
802 437 834 474 er
857 417 952 473 divina
974 415 1027 469 vir·
1053 434 1152 469 manns
1176 417 1279 486 tampsi,
1305 426 1418 472 resonat
1442 417 1558 471 chorda.
1597 416 1669 472 Tria
1690 417 1803 487 pariter
1823 434 1884 488 opt·
1897 434 1930 477 111.

197 509 257 559 tute
274 505 362 561 tribus
384 504 508 576 personis
526 506 680 572 communi,
699 505 832 560 terminus
851 501 1027 558 assumtionis
1051 511 1168 571 rantnr,
1194 507 1246 558 scd
1262 506 1327 558 sola
1352 506 1456 558 chorda
1470 512 1622 573 paeones,
1648 507 1728 574 qaod
1746 506 1886 569 audiatsa,

197 596 240 646 est
259 590 407 651 ὑπόστασις
420 591 491 647 Filio
505 592 624 663 propria.
651 591 805 648 Concilium
819 590 943 646 Taleton.
958 592 1026 644 sext.
1051 605 1101 642 nec
1112 607 1161 643 ars
1172 608 1221 645 nee
1234 609 1332 645 manas
1345 610 1442 645 sonam
1452 592 1582 658 reddant,
1595 593 1647 644 sed
1659 608 1694 646 ea
1705 610 1770 646 ram
1782 593 1886 645 olorda

197 677 273 732 artic.
297 685 323 732 l:
352 676 421 730 Cum
439 685 497 731 tota
517 687 667 748 cooperata
684 678 722 731 sit
743 678 857 731 trinitas
871 676 1026 743 sarmatio-
1048 677 1158 744 pariter
1186 686 1354 746 operantur.-
1384 678 1426 731 sic
1451 694 1501 731 nec
1528 679 1618 733 Pater
1641 697 1692 733 nee
1719 679 1846 750 Spiritu
1864 699 1884 732 ι.

195 780 256 817 nem
274 764 395 833 suscepti
411 765 544 833 laminis,
573 767 705 834 quoniam
732 765 938 834 inseparabilia
962 771 1027 816 sant
1051 773 1228 832 accceperant
1248 781 1359 819 carnem
1377 775 1403 818 et
1424 773 1516 819 tamen
1529 785 1589 820 asam
1605 767 1684 821 Filio
1700 767 1815 836 pariter
1828 784 1886 837 ope·

193 867 280 920 opera
292 851 437 920 trinitatis,
457 853 534 906 solas
545 861 636 907 tamen
648 854 743 907 illins
760 854 880 922 accepit
899 851 1026 905 inmani·
1052 857 1158 905 σανίσιν,
1198 850 1303 904 &anm
1319 852 1382 905 sola
1401 851 1509 906 chorda
1527 854 1645 921 σσσιιίίί,
1672 869 1790 907 carnem
1813 853 1886 907 solas

193 944 277 990 tatem
295 938 325 990 in
343 938 542 1006 sinpularitate
557 957 703 1010 personae.
738 938 857 1003 Quidam
874 938 913 992 sic
931 937 1026 991 distin·
1053 934 1179 989 Carnem
1203 939 1328 1007 accepit,
1354 940 1483 1007 operatio
1506 941 1537 992 in
1562 941 1650 993 tribas
1676 947 1797 993 constat
1834 939 1887 994 sss

119 1083 120 1090 ,
192 1009 298 1094 gaunt:
334 1022 428 1094 Opera
446 1025 577 1080 trinitatis
595 1033 660 1081 sunt
677 1026 813 1097 triplicia:
833 1031 856 1079 1.
876 1027 917 1078 ad
933 1026 1028 1088 intra;
1052 1025 1190 1092 quomodo
1209 1026 1251 1076 ad
1269 1024 1359 1077 solam
1381 1025 1517 1078 chordam
1529 1027 1654 1095 pertinet
1672 1027 1739 1079 coni
1756 1026 1886 1094 redditio,

194 1112 220 1165 2.
238 1111 280 1163 ad
297 1117 377 1164 satra
392 1113 418 1163 3.
439 1111 543 1179 mixta,
572 1129 644 1183 quae
667 1110 735 1184 πρὸς
761 1114 815 1166 ἔσω
839 1113 950 1165 ratione
973 1120 1026 1165 ter-
1050 1109 1090 1160 εἰσ
1113 1110 1235 1178 pertinet
1264 1112 1305 1162 ad
1333 1111 1477 1165 Christum
1504 1113 1593 1165 solnm
1624 1114 1722 1166 carnis
1752 1113 1887 1166 inmanes

193 1196 277 1264 mini,
303 1196 371 1270 πρὸς
396 1197 446 1259 ἔξω
470 1199 579 1252 ratione
603 1200 747 1269 principii.
788 1199 841 1254 Illa
864 1197 1027 1269 personalia,
1051 1196 1195 1265 anceptio.
1234 1197 1355 1252 Anselm.
1373 1198 1409 1252 de
1418 1198 1551 1255 incarnat.
1573 1217 1596 1254 c.
1611 1207 1634 1255 4.
1654 1200 1745 1254 utitur
1764 1198 1884 1253 similitu·

192 1281 247 1338 ista
272 1281 447 1352 essentialia,
476 1283 544 1339 haec
569 1290 598 1339 et
626 1284 782 1356 personalia
806 1290 834 1339 et
861 1283 1026 1340 essentialia
1052 1281 1117 1336 dine
1134 1283 1234 1347 fontis,
1252 1274 1309 1336 rivi
1325 1293 1351 1338 et
1368 1285 1456 1348 laesa
1476 1285 1535 1340 solo
1557 1286 1617 1339 rivo
1632 1292 1684 1357 per
1701 1285 1825 1340 fistulam
1842 1286 1885 1340 ue—

192 1368 309 1423 Mirtum
329 1385 398 1439 opus
417 1376 459 1424 est
475 1370 637 1431 incarnatio,
658 1387 729 1441 quae
746 1371 829 1426 trium
847 1387 1026 1442 personarum
1052 1373 1188 1424 currente.
1225 1369 1336 1426 Weidn.
1356 1371 1385 1423 in
1400 1371 1450 1425 loc.
1470 1371 1518 1426 fid.
1541 1371 1642 1427 Christ
1661 1372 1786 1442 praecip.
1811 1378 1885 1426 tract

193 1461 235 1510 est
254 1455 409 1524 efficienter
428 1464 454 1509 et
472 1457 644 1522 inclinatae,
665 1457 752 1512 solius
772 1462 865 1513 autem
884 1457 947 1510 Filii
966 1459 1026 1520 for·
1052 1460 1075 1510 2.
1095 1473 1122 1525 p.
1143 1460 1204 1510 tas:
1226 1455 1304 1510 Sient
1323 1457 1352 1509 in
1372 1458 1444 1525 igne,
1464 1459 1515 1528 qni
1532 1467 1573 1512 ert
1588 1459 1764 1527 mdaantia,
1782 1475 1886 1527 semper

192 1543 307 1596 maiiter
323 1550 350 1595 et
368 1543 549 1597 terminatioe.
586 1543 627 1597 Es
647 1543 806 1614 Scripturas
827 1543 926 1610 dictis,
955 1559 1026 1614 quae
1052 1540 1122 1594 inest
1141 1542 1258 1596 claritas
1278 1561 1339 1596 orem
1363 1544 1475 1609 calore,
1502 1561 1589 1615 nepae
1611 1547 1685 1598 enim
1707 1545 1886 1598 mamam

193 1626 228 1682 de
255 1626 451 1682 incarnationis
476 1634 558 1699 opero
585 1629 752 1700 loquuntur,
782 1629 928 1683 discrimen
957 1628 1025 1682 illud
1052 1628 1246 1696 ipnis=absqne
1266 1630 1396 1684 claritate
1415 1640 1441 1685 et
1458 1631 1568 1698 calore,
1593 1650 1642 1684 nea
1658 1634 1720 1685 sine
1739 1632 1808 1699 ipsis
1824 1632 1886 1684 aab·

192 1713 336 1769 manifeste
353 1714 501 1787 colligitur.
532 1715 616 1770 Pater
634 1715 709 1770 misit
721 1715 822 1770 Filium
840 1717 869 1769 in
883 1715 1023 1769 mundum.
1053 1715 1159 1767 stantia
1176 1715 1333 1770 claritatem
1352 1717 1436 1770 simul
1453 1718 1572 1770 invenies
1590 1735 1651 1770 cnm
1670 1718 1777 1771 calore.
1809 1718 1886 1771 Venit

193 1797 345 1870 spirituas.
360 1801 557 1871 superveniens
574 1808 668 1873 guttas
685 1802 747 1856 illas
765 1801 908 1874 sanguinis
926 1802 1026 1857 sancti·
1054 1809 1145 1855 antam
1169 1804 1211 1854 ad
1232 1820 1284 1855 nos
1307 1803 1464 1871 aliqnando
1490 1805 1571 1857 calor
1593 1805 1654 1859 cine
1679 1805 1820 1861 amman.
1856 1804 1887 1858 ss·

192 1883 285 1941 licerit
311 1893 340 1941 ot
364 1903 381 1940 a
403 1894 519 1958 peccata
543 1887 700 1952 mundavit,
737 1904 770 1942 ex
802 1888 902 1960 quibus
925 1905 1026 1958 corpus
1054 1888 1126 1940 enim
1138 1890 1174 1941 de
1186 1888 1308 1941 metallis
1327 1890 1439 1958 aliquid
1456 1891 1598 1959 acceperis
1618 1899 1643 1944 et
1663 1891 1743 1944 illud
1759 1893 1800 1945 ric
1817 1891 1885 1945 eale-

193 1971 295 2028 (lhristi
312 1973 473 2042 formatum,
497 1978 541 2043 ut,
566 1975 641 2046 quod
660 1991 693 2029 ex
711 1974 800 2030 Maria
818 1982 913 2030 natum
935 1975 1026 2044 fuerit,
1052 1975 1171 2039 saeris,
1199 1976 1311 2028 atinde
1330 1977 1414 2029 aliud
1437 1994 1538 2045 corpm
1562 1976 1723 2038 calefacere
1745 1980 1840 2047 paens
1864 1986 1886 2030 a

193 2058 230 2113 sit
245 2065 387 2128 sanctum,
410 2076 444 2113 ac
462 2058 555 2113 divina
574 2059 675 2115 virtute
692 2060 721 2114 in
740 2060 823 2116 beata
840 2062 947 2133 virgine
973 2062 1025 2117 hoc
1053 2061 1141 2113 eidem
1164 2069 1187 2113 te
1208 2063 1523 2131 adlibaeme,ncalorem
1542 2064 1655 2132 qrtidem
1674 2069 1788 2132 radies,
1807 2065 1886 2119 dari·

138 2213 146 2227 .
194 2151 324 2214 operatus
342 2151 399 2213 est,
424 2149 456 2198 ut
472 2152 582 2215 praeter
599 2151 716 2201 naturae
733 2147 856 2203 ordinem
875 2149 934 2203 sino
953 2148 1026 2201 virili
1055 2153 1138 2198 tatem
1158 2155 1250 2200 antem
1269 2167 1324 2201 non
1342 2149 1456 2216 videbis,
1476 2152 1529 2202 sed
1546 2150 1703 2219 aliqreando
1719 2159 1814 2206 tamen
1833 2152 1886 2205 cla-

194 2229 299 2311 semine
316 2230 421 2286 loetum
439 2231 603 2302 conciperet.
623 2231 868 2288 Filiusdescendit
886 2234 921 2289 de
940 2234 1026 2296 coelo,
1054 2233 1127 2285 ritas
1147 2235 1229 2287 etiam
1246 2235 1305 2287 sine
1326 2236 1422 2288 calare
1447 2244 1493 2288 est.
1531 2237 1607 2289 Nam
1630 2255 1750 2291 measse
1773 2240 1886 2293 cassen

196 2315 373 2373 obumbravit
389 2316 538 2388 viginem
556 2318 632 2373 venit
650 2318 679 2372 in
699 2335 825 2386 carnem,
843 2320 934 2374 sactus
953 2337 1027 2389 caro,
1056 2318 1214 2372 claritatem
1231 2321 1344 2388 quidem
1361 2321 1486 2373 videmiae
1504 2339 1522 2373 a
1542 2322 1634 2390 lonpe,
1662 2327 1716 2377 sed
1735 2344 1792 2378 non
1810 2326 1887 2379 emti·

195 2403 285 2458 eidem
303 2403 511 2474 participando,
531 2404 560 2458 in
579 2421 612 2459 ea
629 2423 659 2460 se
676 2405 891 2475 manifestando,
918 2423 979 2462 eam
999 2408 1027 2461 in
1055 2424 1115 2457 mar
1134 2407 1263 2459 calorem.
1300 2409 1339 2459 Et
1356 2408 1620 2478 sicia-piandoqne
1642 2410 1767 2465 claritas
1790 2414 1887 2481 abipsa

193 2506 327 2561 personae
356 2490 491 2546 unitatem
521 2493 702 2561 assumendo,
733 2499 784 2548 eto.
838 2493 1027 2548 Damascenus
1055 2491 1149 2543 calore
1162 2493 1280 2545 etcalor
1293 2494 1423 2561 provenit
1441 2495 1544 2565 absque
1561 2496 1701 2563 claritate,
1726 2516 1784 2551 nan
1801 2494 1888 2553 tamea

192 2577 255 2633 libr.
277 2582 298 2634 l.
318 2577 387 2632 orth.
405 2577 451 2642 fic
471 2594 494 2632 c.
515 2583 560 2633 ts:
585 2579 615 2633 le
634 2580 771 2652 σαρκώσει,
786 2581 835 2633 τοῦ
854 2578 938 2649 λόγου
964 2577 1026 2633 οὔτε
1054 2586 1224 2645 separantur
1241 2579 1276 2630 ab
1295 2579 1372 2646 ipne,
1396 2582 1436 2634 ita
1460 2589 1485 2635 et
1510 2583 1603 2635 illins
1629 2584 1737 2654 chemae
1760 2587 1849 2639 Patre
1866 2594 1888 2639 et

193 2661 309 2737 ὁσστὴρ
328 2661 389 2717 οὔτε
410 2663 440 2718 τὸ
460 2665 572 2730 πνεῦμα
596 2664 651 2719 καί
672 2664 775 2720 οὐδένα
793 2665 879 2736 λόγον
896 2665 1028 2721 κεκοινώ-
1057 2662 1204 2732 spiritns
1234 2682 1347 2718 carnem
1371 2668 1504 2736 smoepit,
1531 2685 1581 2721 nea
1597 2676 1688 2722 tamen
1702 2688 1763 2738 per
1788 2674 1840 2725 boe
1857 2672 1888 2724 al

195 2767 286 2818 νηκεν,
305 2753 329 2803 sl
346 2748 385 2824 μὴ
399 2750 453 2805 καί
469 2749 599 2807 εὐδοκίαν
614 2757 661 2806 ant
679 2751 746 2806 rarsi
766 2751 814 2821 τὴν
831 2751 1027 2828 ἅῤῥητονθαυ-
1055 2750 1095 2801 tit
1118 2752 1231 2804 retersit
1255 2761 1304 2805 ant
1323 2753 1665 2820 marcianitarum,
1694 2775 1771 2826 qaae
1791 2777 1849 2812 nra
1866 2767 1888 2812 a

192 2843 376 2911 ματουργίαν.
396 2835 457 2892 libr.
481 2843 505 2893 3.
532 2855 556 2893 c.
578 2845 616 2898 11.
642 2839 671 2893 in
696 2838 756 2893 fin:
774 2839 795 2894 ’ὁ
820 2838 908 2912 πατὴρ
935 2843 980 2893 xnl
997 2841 1027 2895 τὸ
1054 2837 1237 2890 indivisibilis
1256 2846 1305 2906 est,
1323 2842 1472 2909 separarit.
1500 2841 1639 2896 Lutherus
1658 2859 1691 2898 ox
1713 2842 1888 2900 Scholasticis

194 2927 306 2991 πνεῦμα
325 2925 354 2978 τὸ
373 2923 455 2996 ἅγιον
469 2924 524 2980 κατ’
545 2925 646 2982 οὐδένα
666 2927 752 2998 λόγον
770 2929 802 3001 τῇ
815 2930 897 3000 σαρκὶ
916 2929 965 2981 τοῦ
985 2928 1027 2982 ld·
1054 2922 1141 2976 utitur
1158 2923 1338 2980 similitudine
1349 2926 1432 2978 triam
1445 2928 1615 2995 psallantm,
1635 2946 1707 2997 qnae
1727 2933 1780 2984 nni
1791 2948 1888 2984 eam

194 3031 246 3082 yon
266 3008 471 3079 κεκοινώνηκεν,
491 3016 516 3065 al
532 3011 571 3081 μὴ
589 3013 657 3067 rard
676 3014 724 3074 τὰς
741 3020 893 3086 θεοσημίας
912 3018 957 3067 καί
969 3013 1025 3068 κατ’
1054 3017 1152 3062 nesam
1184 3011 1303 3064 induunt
1335 3021 1385 3064 aut
1417 3030 1549 3066 coronam
1586 3014 1742 3084 imponant.
1798 3017 1888 3074 Potest

193 3096 324 3152 εὐδοκίαν
334 3103 381 3152 καὶ
392 3098 530 3168 βούλησιν.
559 3099 604 3154 Pii
617 3107 723 3156 veteres
736 3100 787 3155 hoc
806 3100 973 3173 quibusdam
992 3101 1027 3155 si·
1055 3095 1137 3150 etiam
1155 3096 1263 3150 institui
1281 3097 1392 3152 collatio
1409 3099 1482 3153 inter
1500 3100 1679 3171 θεοφιὲνεισν.
1716 3102 1886 3173 Οοίσωίισιι,

195 3185 396 3241 militudinibus
415 3186 564 3242 declarant
594 3186 715 3258 August.
736 3204 814 3241 serm.
835 3195 858 3243 3.
877 3187 912 3242 de
929 3193 1027 3257 temp:
1054 3182 1083 3235 in
1101 3197 1158 3252 qus
1176 3182 1294 3252 Spiritus
1314 3201 1335 3236 s.
1354 3185 1497 3254 apparuit,
1518 3186 1673 3242 formarunt
1693 3188 1783 3246 Pater
1802 3197 1831 3247 et
1847 3191 1887 3246 li-

194 3272 287 3327 Aliad
304 3272 464 3336 estanima,
485 3273 661 3341 aliadratio,
679 3281 815 3327 ettamen
833 3275 862 3326 in
879 3275 1028 3327 animaest
1054 3268 1124 3336 lius,
1145 3275 1286 3325 ettamen
1312 3269 1366 3326 mit
1388 3272 1528 3341 peculiare
1551 3274 1708 3344 symbolum
1731 3277 1852 3349 Spiritus
1868 3298 1887 3333 a

193 3361 270 3412 ratio
295 3367 321 3412 ct
346 3377 405 3412 nna
430 3367 472 3411 est
499 3360 602 3412 anima.
641 3359 701 3413 Sed
727 3360 811 3414 alind
838 3362 935 3414 anima
961 3362 1028 3429 opit,
1055 3354 1156 3410 confer
1172 3355 1268 3410 Lomb.
1286 3356 1333 3410 lib.
1353 3364 1378 3416 3.
1396 3363 1466 3412 sent.
1485 3358 1547 3414 dist.
1568 3365 1591 3414 2.
1610 3360 1651 3417 lit.
1668 3361 1699 3416 C.
1713 3361 1814 3419 Thana
1826 3371 1885 3436 p.3.

118 3508 123 3519 Ι
195 3445 280 3499 alind
297 3447 384 3514 ratio,
411 3446 508 3499 anima
527 3447 605 3512 civit,
629 3446 704 3500 ratio
723 3448 807 3516 sapit.
843 3449 882 3500 Et
908 3451 949 3501 aal
966 3449 1026 3502 ani·
1055 3461 1081 3513 q.
1101 3448 1123 3498 3.
1140 3449 1191 3497 art.
1210 3449 1233 3498 4.

195 3550 270 3586 mam
284 3533 407 3601 partinet
422 3533 493 3601 vita,
519 3535 561 3585 ad
582 3533 720 3586 rationem
734 3534 858 3603 pertinet
878 3535 1028 3603 saps'entia.
1093 3534 1148 3584 104.
1183 3530 1234 3595 Qu.
1255 3535 1278 3585 2.
1307 3532 1398 3592 Quare
1415 3531 1516 3600 Filiae,
1535 3551 1591 3586 non
1612 3535 1702 3588 Pater
1729 3554 1781 3589 nec
1802 3538 1886 3607 Spiri-

197 3620 237 3673 ln
254 3637 315 3673 eran
331 3637 416 3672 rmum
433 3619 496 3688 sint,
515 3620 611 3672 anima
629 3619 692 3672 sola
711 3621 827 3690 morpit
842 3623 935 3689 eitam,
955 3623 1028 3675 ratio
1055 3623 1100 3668 lus
1114 3634 1135 3668 8.
1155 3634 1267 3670 tamem
1284 3620 1488 3687 menapenses
1522 3619 1661 3690 Respond.
1682 3627 1704 3676 l.
1731 3625 1766 3675 ob
1783 3642 1886 3678 recrea·

196 3705 259 3759 sola
278 3705 393 3775 ancipit
410 3706 596 3774 sapientiam,
622 3714 647 3759 et
666 3713 758 3759 tamen
774 3724 823 3760 naa
849 3708 946 3760 anima
968 3709 1028 3761 aine
1055 3704 1158 3756 tionem
1182 3704 1240 3759 sive
1266 3705 1416 3759 secandam
1442 3706 1616 3762 creationem.
1653 3708 1709 3763 Per
1735 3710 1837 3766 Filium
1861 3711 1886 3764 in

196 3792 314 3858 radone,
331 3809 379 3846 nea
396 3793 471 3846 ratio
489 3793 549 3846 sine
562 3794 665 3853 anima.
698 3793 746 3847 Sic
759 3801 784 3846 et
796 3795 884 3847 Pater
896 3803 922 3846 et
934 3795 1029 3848 Filias
1054 3789 1190 3867 principio
1209 3791 1301 3844 omnia
1319 3790 1431 3845 condita
1448 3790 1512 3846 Joh.
1526 3798 1548 3859 1,
1565 3810 1592 3847 v.
1606 3799 1636 3862 33
1656 3797 1828 3852 conveniens
1842 3797 1886 3868 igi·

197 3878 263 3932 licet
280 3897 364 3932 ιιιινιιι
381 3881 445 3947 rint,
464 3887 490 3932 et
507 3898 579 3932 nnnc
598 3882 677 3933 Deua
695 3881 739 3948 sit,
760 3882 800 3933 ad
822 3881 960 3934 Christum
985 3899 1028 3936 so*-
1055 3882 1101 3930 tur
1119 3883 1191 3944 erat,
1216 3883 1248 3932 ut
1265 3879 1345 3947 cujus
1363 3884 1424 3932 eret
1441 3877 1456 3944 ἡ
1476 3885 1560 3940 κτίσις
1577 3879 1657 3946 καὶὴ
1677 3883 1793 3952 κλάσις,
1819 3884 1885 3954 ejus·

196 3965 384 4034 lampertinet
401 3984 477 4036 caro,
497 3968 568 4019 siena
587 3967 627 4018 ad
645 3966 736 4019 salam
753 3967 890 4020 rationem
903 3969 1029 4037 pertinet
1056 3964 1118 4018 dem
1145 3964 1229 4017 etiam
1254 3968 1327 4017 esset
1351 3962 1366 4030 ὴ
1391 3962 1530 4026 ieiunare
1556 3970 1603 4019 καὶ
1629 3966 1885 4039 inimicantium

196 4052 344 4122 sapientia,
363 4053 426 4106 licet
443 4071 499 4106 non
516 4053 621 4107 recedit
639 4052 676 4105 ab
692 4053 794 4108 anima.
829 4054 936 4107 Insole
949 4055 1029 4109 calor
1055 4049 1160 4119 inexp·
1178 4048 1246 4119 fidi,
1267 4066 1301 4104 ac
1325 4051 1399 4117 quod
1422 4052 1551 4122 inopere
1569 4053 1623 4109 Dei
1642 4062 1824 4128 corruptum,
1844 4075 1886 4130 per

198 4148 224 4192 a
243 4141 376 4209 sponda
394 4141 424 4193 in
440 4157 497 4193 aaa
512 4139 599 4193 raaia
616 4148 694 4209 sant,
720 4141 772 4193 sea
798 4140 878 4194 calor
900 4142 1027 4210 naccae,
1055 4137 1146 4205 ipsum
1162 4135 1364 4192 reformaretur.
1391 4137 1560 4199 Athanasio
1579 4140 1764 4212 adEpicteta
1784 4145 1886 4198 Missa

196 4228 332 4296 splendor
343 4227 493 4294 illuminat,
513 4226 596 4279 alind
607 4227 725 4296 concipit
736 4227 825 4293 calor,
844 4226 927 4280 aliud
937 4228 1028 4296 splen-
1056 4230 1095 4275 eet
1113 4222 1224 4290 Filias,
1250 4230 1281 4276 at
1307 4224 1368 4291 ejas
1394 4232 1465 4277 meet
1487 4224 1656 4290 ἀνακτίζειν,
1682 4232 1769 4298 majas
1789 4234 1886 4298 suerat

198 4315 258 4367 dor.
295 4316 334 4367 Et
357 4314 422 4368 licet
447 4313 527 4366 calor
552 4321 578 4366 et
604 4314 741 4382 splendor
766 4314 802 4366 ab
829 4313 946 4367 invicem
973 4333 1029 4368 non
1057 4314 1168 4377 urtica,
1200 4309 1267 4362 inde
1296 4327 1428 4363 vocamur
1458 4310 1487 4365 in
1520 4312 1629 4368 Christo
1659 4329 1736 4369 nova
1766 4325 1886 4373 creatam

132 4408 135 4412 ’
197 4408 300 4470 queant
320 4400 465 4470 separari,
490 4400 607 4468 emcipit
629 4400 765 4468 spkndor
787 4398 1028 4469 illuminationem,
1056 4395 1149 4450 Galat.
1167 4400 1200 4463 6,
1226 4413 1251 4448 v.
1274 4400 1310 4448 15.
1359 4394 1480 4467 Augud.
1504 4398 1533 4451 in
1557 4417 1604 4470 qq.
1627 4416 1660 4454 ex
1684 4409 1809 4474 utroque
1831 4407 1885 4458 tert

196 4503 254 4539 non
265 4487 412 4554 servorem,
426 4486 545 4555 mercipit
558 4487 798 4554 calorsernorem,
815 4504 871 4539 non
887 4486 1029 4542 illumina·
1056 4489 1161 4554 quaest.
1186 4486 1246 4535 11³:
1273 4483 1324 4534 Ad
1341 4483 1477 4550 injuriam
1498 4485 1559 4551 eires
1574 4486 1743 4556 pertineret,
1768 4490 1798 4543 si
1825 4505 1886 4558 opas

197 4574 306 4642 ίίσσσσι,
325 4572 408 4626 alind
418 4573 509 4639 amul,
527 4573 611 4627 aliud
627 4573 785 4640 sinpnlares
801 4581 888 4641 apsent
901 4582 1029 4629 ettamen
1052 4587 1106 4640 per
1131 4586 1191 4622 eum
1211 4570 1324 4635 factam
1348 4585 1402 4637 per
1429 4571 1517 4623 alium
1544 4574 1768 4641 reformaretur;
1805 4582 1831 4629 2.
1858 4576 1886 4628 ol

196 4661 233 4712 ab
250 4659 367 4712 invicem
385 4676 441 4712 non
465 4667 650 4727 reparantur:
675 4658 718 4712 cic
746 4666 772 4711 et
792 4659 886 4712 atim
908 4663 1030 4732 macepit
1056 4656 1186 4724 inopinis
1204 4655 1317 4708 divinae
1335 4656 1543 4710 restitutionem.
1579 4658 1691 4713 conditi
1718 4676 1831 4716 eramus
1853 4662 1888 4715 ad

197 4762 310 4799 carnem
333 4752 359 4797 et
386 4761 442 4797 non
468 4745 589 4798 ἀσσσηιίί
615 4745 731 4798 Patrem
756 4760 806 4798 nec
831 4762 860 4798 se
887 4746 982 4799 dicirit
1011 4765 1030 4800 a
1056 4744 1114 4797 Dei
1137 4741 1285 4809 imapinem
1305 4739 1375 4796 Gen.
1399 4747 1428 4810 l,
1448 4760 1474 4796 v.
1493 4749 1533 4798 27.
1554 4757 1607 4813 per
1627 4747 1753 4815 Filiam,
1778 4749 1827 4819 qui
1851 4754 1888 4804 cst

197 4833 293 4886 Patre.
321 4830 458 4898 &acepit
476 4831 597 4898 inqrcam,
615 4830 710 4884 hiliae
727 4849 837 4885 carnem
856 4832 885 4885 in
899 4833 1029 4902 proprie·
1056 4827 1245 4884 substantialis
1264 4827 1318 4882 Dei
1336 4827 1428 4899 imago
1446 4828 1504 4884 Col.
1527 4836 1553 4898 1,
1572 4848 1598 4884 v.
1620 4835 1658 4886 15.
1694 4830 1850 4890 Hebraoor.
1868 4841 1887 4901 1,

197 4927 267 4985 tata,
289 4919 341 4972 sed
357 4924 451 4970 tamen
471 4925 498 4969 et
515 4918 603 4970 Pater
617 4924 647 4969 et
666 4916 791 4986 Spiritus
815 4937 837 4970 ι.
858 4935 915 4971 non
936 4920 1029 4982 defurit
1055 4934 1079 4972 v.
1101 4922 1125 4982 3,
1143 4914 1192 4969 sed
1209 4913 1281 4968 hanc
1302 4913 1449 4985 imaginem
1467 4933 1517 4986 per
1534 4917 1641 4988 lapsum
1658 4916 1743 4974 homo
1761 4921 1888 4977 amiserit

196 5006 350 5074 majestate.
385 5004 423 5056 In
440 5002 587 5056 divinitate
606 5003 781 5072 aeqrralitaa,
806 5003 836 5056 in
863 5021 947 5058 carne
966 5005 1029 5057 sola
1054 5002 1155 5074 Ephes.
1173 5007 1204 5067 4,
1229 5018 1254 5054 v.
1274 5005 1323 5070 ²43
1355 5001 1520 5057 conveniens
1537 5002 1625 5074 igitur
1642 5010 1720 5072 erat,
1747 5012 1781 5062 ut
1800 5008 1887 5080 imago

197 5091 270 5144 Filii
283 5091 460 5160 proprietas,
483 5106 540 5143 nan
557 5096 648 5143 antem
666 5089 701 5140 ab
726 5106 757 5141 eo
776 5090 874 5144 Patris
896 5100 945 5144 ant
965 5092 1030 5161 Spi·
1055 5088 1149 5142 divina
1166 5088 1195 5141 in
1214 5085 1293 5140 nobis
1311 5086 1511 5143 instauraretur
1528 5105 1578 5158 per
1594 5105 1666 5157 eum,
1691 5091 1742 5162 qui
1767 5101 1812 5151 est
1828 5094 1885 5149 sub·

197 5177 270 5229 ritas
283 5194 304 5228 r.
324 5177 437 5231 recessit
455 5176 612 5245 aliqnando
630 5175 772 5228 divinitae.
803 5175 872 5230 Cam
888 5194 953 5244 erpo
971 5196 1028 5231 nna
1056 5174 1192 5231 stantialis
1211 5174 1302 5244 imago
1315 5172 1421 5242 Patris3
1438 5177 1464 5227 3.
1479 5183 1598 5244 propter
1615 5184 1743 5231 nostram
1761 5181 1885 5251 adoptio

159 5266 161 5275 '
197 5261 235 5313 sit
253 5262 360 5333 ἀσίίσι,
385 5280 443 5316 ana
460 5262 613 5328 divinitas,
637 5261 762 5331 implerit
786 5262 898 5330 pridem
916 5281 1030 5319 amnem
1055 5280 1124 5315 nem.
1165 5261 1281 5314 litamus
1296 5268 1401 5314 natura
1412 5261 1473 5330 filii
1489 5263 1551 5315 iras
1569 5261 1668 5333 Ephes.
1689 5269 1714 5328 ²,
1733 5281 1758 5319 ν.
1780 5273 1811 5335 3,
1829 5284 1888 5322 con·

177 5352 183 5362 ⁴
200 5346 305 5403 Christi
321 5357 347 5402 et
365 5351 453 5404 Pater
470 5357 496 5403 at
514 5350 639 5419 spiritns
658 5366 688 5416 a,
717 5349 768 5401 red
784 5348 949 5417 majestate,
974 5369 1031 5404 non
1056 5347 1167 5403 veniens
1190 5345 1275 5417 igitur
1293 5354 1360 5415 erat,
1379 5353 1411 5402 ut
1428 5363 1461 5401 er
1482 5346 1546 5401 filiis
1564 5347 1621 5402 irae
1643 5349 1827 5408 redderemur
1844 5352 1890 5408 lilii

197 5434 377 5500 memiana.
414 5436 451 5488 In
469 5436 581 5489 athara
600 5435 656 5486 tria
682 5435 777 5487 sant!
790 5452 857 5501 arr,
883 5453 981 5489 amnas
1005 5444 1031 5489 et
1057 5432 1164 5505 gratim
1182 5439 1210 5487 et
1228 5435 1374 5486 υίσθισίαν
1386 5449 1616 5506 consequeremur
1635 5451 1684 5505 per
1697 5452 1773 5508 eum,
1790 5441 1840 5512 qui
1853 5444 1890 5496 ast

197 5519 323 5590 maan,
349 5528 375 5575 st
391 5529 483 5577 tameo
503 5540 576 5580 nnuc
592 5538 676 5576 constr
702 5521 835 5589 andan,
859 5540 908 5576 ars
933 5523 1030 5590 dictat,
1057 5518 1468 5592 naturalisstunigenitsu'Dei
1484 5519 1557 5575 iilius
1574 5520 1636 5577 loia
1655 5527 1677 5590 1,
1693 5540 1722 5576 v.
1738 5529 1776 5583 ta
1793 5524 1857 5583 Gal
1871 5532 1891 5590 ί,
