<?xml version="1.0" encoding="UTF-8"?>
<!DOCTYPE html PUBLIC "-//W3C//DTD XHTML 1.0 Transitional//EN"
    "http://www.w3.org/TR/xhtml1/DTD/xhtml1-transitional.dtd">
<html xmlns="http://www.w3.org/1999/xhtml" xml:lang="en" lang="en">
 <head>
  <title>
</title>
<meta http-equiv="Content-Type" content="text/html;charset=utf-8" />
  <meta name='ocr-system' content='tesseract 3.04.00' />
  <meta name='ocr-capabilities' content='ocr_page ocr_carea ocr_par ocr_line ocrx_word'/>
</head>
<body>
  <div class='ocr_page' id='page_1' title='image "./locitheologicic00gerhgoog/locitheologicic00gerhgoog_0609.png"; bbox 0 0 3984 6022; ppageno 0'>
   <div class='ocr_carea' id='block_1_1' title="bbox 175 261 1190 342">
    <p class='ocr_par' dir='ltr' id='par_1_1' title="bbox 175 261 1190 342">
     <span class='ocr_line' id='line_1_1' title="bbox 175 261 1190 342; baseline -0.006 -17"><span class='ocrx_word' id='word_1_1' title='bbox 175 285 234 342; x_wconf 69' lang='lat'><strong>500</strong></span> <span class='ocrx_word' id='word_1_2' title='bbox 869 262 991 321; x_wconf 77' lang='lat' dir='ltr'><strong>Locus</strong></span> <span class='ocrx_word' id='word_1_3' title='bbox 1010 261 1190 330; x_wconf 76' lang='lat' dir='ltr'><strong>QUARTUS</strong></span> 
     </span>
    </p>
   </div>
   <div class='ocr_carea' id='block_1_2' title="bbox 173 407 1934 671">
    <p class='ocr_par' dir='ltr' id='par_1_2' title="bbox 173 407 1934 665">
     <span class='ocr_line' id='line_1_2' title="bbox 173 407 1876 499; baseline -0.009 -17"><span class='ocrx_word' id='word_1_4' title='bbox 173 427 328 499; x_wconf 84' lang='lat' dir='ltr'><strong>supposito.</strong></span> <span class='ocrx_word' id='word_1_5' title='bbox 364 425 430 478; x_wconf 84' lang='lat' dir='ltr'><strong>Nou</strong></span> <span class='ocrx_word' id='word_1_6' title='bbox 449 424 519 477; x_wconf 76' lang='lat' dir='ltr'><strong>mira</strong></span> <span class='ocrx_word' id='word_1_7' title='bbox 536 421 647 486; x_wconf 83' lang='lat' dir='ltr'><strong>factum</strong></span> <span class='ocrx_word' id='word_1_8' title='bbox 666 427 718 488; x_wconf 79' lang='lat' dir='ltr'><strong>est,</strong></span> <span class='ocrx_word' id='word_1_9' title='bbox 744 426 773 472; x_wconf 89' lang='lat' dir='ltr'><strong>ut</strong></span> <span class='ocrx_word' id='word_1_10' title='bbox 796 416 992 471; x_wconf 76' lang='lat' dir='ltr'><strong>humanitas</strong></span> <span class='ocrx_word' id='word_1_11' title='bbox 979 433 1011 468; x_wconf 89' lang='lat' dir='ltr'><strong>m</strong></span> <span class='ocrx_word' id='word_1_12' title='bbox 1037 431 1132 470; x_wconf 88' lang='lat' dir='ltr'><strong>eorum</strong></span> <span class='ocrx_word' id='word_1_13' title='bbox 1150 415 1256 472; x_wconf 87' lang='lat' dir='ltr'><strong>cohors</strong></span> <span class='ocrx_word' id='word_1_14' title='bbox 1291 413 1372 470; x_wconf 79' lang='lat' dir='ltr'><strong>Cani.</strong></span> <span class='ocrx_word' id='word_1_15' title='bbox 1390 418 1469 469; x_wconf 85' lang='lat' dir='ltr'><strong>tract</strong></span> <span class='ocrx_word' id='word_1_16' title='bbox 1491 412 1525 470; x_wconf 86' lang='lat' dir='ltr'><strong>de</strong></span> <span class='ocrx_word' id='word_1_17' title='bbox 1550 430 1625 484; x_wconf 89' lang='lat' dir='ltr'><strong>pers.</strong></span> <span class='ocrx_word' id='word_1_18' title='bbox 1642 412 1750 469; x_wconf 74' lang='lat' dir='ltr'><strong>Christi</strong></span> <span class='ocrx_word' id='word_1_19' title='bbox 1771 407 1801 487; x_wconf 57' lang='grc' dir='ltr'>ᾖ</span> <span class='ocrx_word' id='word_1_20' title='bbox 1822 416 1876 469; x_wconf 82' lang='grc' dir='ltr'><strong>ιιι</strong></span> 
     </span>
     <span class='ocr_line' id='line_1_3' title="bbox 173 500 1581 584; baseline -0.011 -14"><span class='ocrx_word' id='word_1_21' title='bbox 173 532 204 570; x_wconf 85' lang='lat' dir='ltr'><strong>ss</strong></span> <span class='ocrx_word' id='word_1_22' title='bbox 222 515 287 584; x_wconf 83' lang='lat' dir='ltr'><strong>ipsa</strong></span> <span class='ocrx_word' id='word_1_23' title='bbox 303 514 400 566; x_wconf 82' lang='lat' dir='ltr'><strong>sedeat</strong></span> <span class='ocrx_word' id='word_1_24' title='bbox 420 511 461 563; x_wconf 84' lang='lat' dir='ltr'><strong>ad</strong></span> <span class='ocrx_word' id='word_1_25' title='bbox 477 509 603 561; x_wconf 76' lang='lat' dir='ltr'><strong>deutrum</strong></span> <span class='ocrx_word' id='word_1_26' title='bbox 621 506 714 575; x_wconf 85' lang='lat' dir='ltr'><strong><em>DEI,</em></strong></span> <span class='ocrx_word' id='word_1_27' title='bbox 743 507 796 558; x_wconf 82' lang='lat' dir='ltr'><strong>sed</strong></span> <span class='ocrx_word' id='word_1_28' title='bbox 812 512 842 558; x_wconf 93' lang='lat' dir='ltr'><strong>ut</strong></span> <span class='ocrx_word' id='word_1_29' title='bbox 859 504 897 557; x_wconf 80' lang='lat' dir='ltr'><strong>eit</strong></span> <span class='ocrx_word' id='word_1_30' title='bbox 915 503 1010 555; x_wconf 84' lang='lat' dir='ltr'><strong>huma-</strong></span> <span class='ocrx_word' id='word_1_31' title='bbox 1037 501 1107 573; x_wconf 91' lang='lat' dir='ltr'><strong>disp.</strong></span> <span class='ocrx_word' id='word_1_32' title='bbox 1127 502 1161 556; x_wconf 92' lang='grc' dir='ltr'><strong>Ι).</strong></span> <span class='ocrx_word' id='word_1_33' title='bbox 1182 502 1274 574; x_wconf 86' lang='lat' dir='ltr'><strong>Rung.</strong></span> <span class='ocrx_word' id='word_1_34' title='bbox 1294 501 1329 557; x_wconf 88' lang='lat' dir='ltr'><strong>de</strong></span> <span class='ocrx_word' id='word_1_35' title='bbox 1345 500 1581 572; x_wconf 82' lang='lat' dir='ltr'><strong>Eutychianisma</strong></span> 
     </span>
     <span class='ocr_line' id='line_1_4' title="bbox 174 578 1934 671; baseline -0.01 -16"><span class='ocrx_word' id='word_1_36' title='bbox 174 600 250 655; x_wconf 77' lang='lat' dir='ltr'><strong>uitas</strong></span> <span class='ocrx_word' id='word_1_37' title='bbox 267 598 347 652; x_wconf 84' lang='lat' dir='ltr'><strong>illius</strong></span> <span class='ocrx_word' id='word_1_38' title='bbox 359 611 517 665; x_wconf 77' lang='lat' dir='ltr'><strong>personae,</strong></span> <span class='ocrx_word' id='word_1_39' title='bbox 544 609 616 662; x_wconf 77' lang='lat' dir='ltr'><strong>quae</strong></span> <span class='ocrx_word' id='word_1_40' title='bbox 633 593 710 645; x_wconf 82' lang='lat' dir='ltr'><strong>sedet</strong></span> <span class='ocrx_word' id='word_1_41' title='bbox 729 593 768 645; x_wconf 86' lang='lat' dir='ltr'><strong>ad</strong></span> <span class='ocrx_word' id='word_1_42' title='bbox 784 592 911 644; x_wconf 75' lang='lat' dir='ltr'><strong>deutrum</strong></span> <span class='ocrx_word' id='word_1_43' title='bbox 922 589 1009 641; x_wconf 82' lang='lat' dir='ltr'><strong><em>DEI.</em></strong></span> <span class='ocrx_word' id='word_1_44' title='bbox 1072 593 1129 644; x_wconf 79' lang='lat' dir='ltr'><strong>tto.</strong></span> <span class='ocrx_word' id='word_1_45' title='bbox 1153 588 1301 644; x_wconf 80' lang='lat' dir='ltr'><strong>Thesish·</strong></span> <span class='ocrx_word' id='word_1_46' title='bbox 1324 590 1445 658; x_wconf 77' lang='lat' dir='ltr'><strong>Teuspus</strong></span> <span class='ocrx_word' id='word_1_47' title='bbox 1456 586 1717 641; x_wconf 70' lang='lat' dir='ltr'><strong>communicationes</strong></span> <span class='ocrx_word' id='word_1_48' title='bbox 1732 594 1775 640; x_wconf 81' lang='lat' dir='ltr'><strong>set</strong></span> <span class='ocrx_word' id='word_1_49' title='bbox 1788 586 1914 671; x_wconf 42' lang='lat' dir='ltr'><strong>spasmo·</strong></span> <span class='ocrx_word' id='word_1_50' title='bbox 1888 578 1934 621; x_wconf 64' lang='lat'><strong>²²¹</strong></span> 
     </span>
    </p>
   </div>
   <div class='ocr_carea' id='block_1_3' title="bbox 175 671 1934 753">
    <p class='ocr_par' dir='ltr' id='par_1_3' title="bbox 175 671 1934 753">
     <span class='ocr_line' id='line_1_5' title="bbox 175 671 1934 753; baseline -0.009 -13"><span class='ocrx_word' id='word_1_51' title='bbox 175 685 257 753; x_wconf 79' lang='lat' dir='ltr'><strong>Quod</strong></span> <span class='ocrx_word' id='word_1_52' title='bbox 286 683 409 738; x_wconf 87' lang='lat' dir='ltr'><strong>declarat</strong></span> <span class='ocrx_word' id='word_1_53' title='bbox 433 680 487 735; x_wconf 84' lang='lat' dir='ltr'><strong>hac</strong></span> <span class='ocrx_word' id='word_1_54' title='bbox 514 676 706 739; x_wconf 86' lang='lat' dir='ltr'><strong>similitudine·</strong></span> <span class='ocrx_word' id='word_1_55' title='bbox 743 675 812 730; x_wconf 78' lang='lat' dir='ltr'><strong>Cum</strong></span> <span class='ocrx_word' id='word_1_56' title='bbox 839 691 890 729; x_wconf 79' lang='lat' dir='ltr'><strong>reu</strong></span> <span class='ocrx_word' id='word_1_57' title='bbox 917 673 1011 727; x_wconf 76' lang='lat' dir='ltr'><strong>indute</strong></span> <span class='ocrx_word' id='word_1_58' title='bbox 1036 682 1201 730; x_wconf 82' lang='lat' dir='ltr'><strong>momentum</strong></span> <span class='ocrx_word' id='word_1_59' title='bbox 1220 674 1434 729; x_wconf 78' lang='lat' dir='ltr'><strong>iucarnationis</strong></span> <span class='ocrx_word' id='word_1_60' title='bbox 1470 671 1708 747; x_wconf 76' lang='lat' dir='ltr'><strong>Distinguendum</strong></span> <span class='ocrx_word' id='word_1_61' title='bbox 1728 671 1805 727; x_wconf 84' lang='lat' dir='ltr'><strong>inter</strong></span> <span class='ocrx_word' id='word_1_62' title='bbox 1825 691 1879 726; x_wconf 75' lang='lat' dir='ltr'><strong>aa·</strong></span> <span class='ocrx_word' id='word_1_63' title='bbox 1890 685 1934 724; x_wconf 84' lang='grc' dir='ltr'><strong>ιιιι</strong></span> 
     </span>
    </p>
   </div>
   <div class='ocr_carea' id='block_1_4' title="bbox 171 736 1934 843">
    <p class='ocr_par' dir='ltr' id='par_1_4' title="bbox 171 736 1934 843">
     <span class='ocr_line' id='line_1_6' title="bbox 171 736 1934 843; baseline -0.008 -18"><span class='ocrx_word' id='word_1_64' title='bbox 171 788 333 843; x_wconf 76' lang='lat' dir='ltr'><strong><em>purpuram</em></strong></span> <span class='ocrx_word' id='word_1_65' title='bbox 351 767 493 823; x_wconf 79' lang='lat' dir='ltr'><strong>asedet&#39;</strong></span> <span class='ocrx_word' id='word_1_66' title='bbox 480 785 511 820; x_wconf 88' lang='lat' dir='ltr'><strong>m</strong></span> <span class='ocrx_word' id='word_1_67' title='bbox 524 765 597 820; x_wconf 85' lang='lat' dir='ltr'><strong>solio</strong></span> <span class='ocrx_word' id='word_1_68' title='bbox 615 782 675 828; x_wconf 89' lang='lat' dir='ltr'><strong>suo,</strong></span> <span class='ocrx_word' id='word_1_69' title='bbox 694 763 785 817; x_wconf 79' lang='lat' dir='ltr'><strong>scebet</strong></span> <span class='ocrx_word' id='word_1_70' title='bbox 796 778 959 831; x_wconf 83' lang='lat' dir='ltr'><strong>purpuram</strong></span> <span class='ocrx_word' id='word_1_71' title='bbox 971 760 1013 813; x_wconf 84' lang='lat' dir='ltr'><strong>ad</strong></span> <span class='ocrx_word' id='word_1_72' title='bbox 1037 760 1167 816; x_wconf 87' lang='grc' dir='ltr'><strong>νωνίαν</strong></span> <span class='ocrx_word' id='word_1_73' title='bbox 1158 779 1248 833; x_wconf 77' lang='lat' dir='ltr'><strong>ipsam</strong></span> <span class='ocrx_word' id='word_1_74' title='bbox 1268 768 1296 817; x_wconf 89' lang='lat' dir='ltr'><strong>et</strong></span> <span class='ocrx_word' id='word_1_75' title='bbox 1313 762 1489 830; x_wconf 80' lang='grc' dir='ltr'><strong>κοινωνηιῶν</strong></span> <span class='ocrx_word' id='word_1_76' title='bbox 1504 761 1614 835; x_wconf 81' lang='grc' dir='ltr'><strong>χρῆσιν,</strong></span> <span class='ocrx_word' id='word_1_77' title='bbox 1632 760 1707 815; x_wconf 82' lang='grc' dir='ltr'><strong>ιιιιιι·</strong></span> <span class='ocrx_word' id='word_1_78' title='bbox 1728 759 1879 814; x_wconf 72' lang='lat' dir='ltr'><strong>commmi-</strong></span> <span class='ocrx_word' id='word_1_79' title='bbox 1890 736 1934 827; x_wconf 64' lang='lat' dir='ltr'><strong>ml</strong></span> 
     </span>
    </p>
   </div>
   <div class='ocr_carea' id='block_1_5' title="bbox 174 845 1934 931">
    <p class='ocr_par' dir='ltr' id='par_1_5' title="bbox 174 845 1934 931">
     <span class='ocr_line' id='line_1_7' title="bbox 174 845 1934 931; baseline -0.007 -19"><span class='ocrx_word' id='word_1_80' title='bbox 174 858 250 912; x_wconf 80' lang='lat' dir='ltr'><strong>iliud</strong></span> <span class='ocrx_word' id='word_1_81' title='bbox 265 857 376 924; x_wconf 87' lang='lat' dir='ltr'><strong>solium,</strong></span> <span class='ocrx_word' id='word_1_82' title='bbox 394 872 450 909; x_wconf 83' lang='grc' dir='ltr'><strong>ιιονι</strong></span> <span class='ocrx_word' id='word_1_83' title='bbox 467 855 516 923; x_wconf 87' lang='lat' dir='ltr'><strong>sic,</strong></span> <span class='ocrx_word' id='word_1_84' title='bbox 534 860 565 907; x_wconf 90' lang='lat' dir='ltr'><strong>ut</strong></span> <span class='ocrx_word' id='word_1_85' title='bbox 577 869 711 922; x_wconf 82' lang='lat' dir='ltr'><strong>purpura</strong></span> <span class='ocrx_word' id='word_1_86' title='bbox 725 851 839 904; x_wconf 78' lang='lat' dir='ltr'><strong>dicatur</strong></span> <span class='ocrx_word' id='word_1_87' title='bbox 852 849 950 902; x_wconf 86' lang='lat' dir='ltr'><strong>sedere</strong></span> <span class='ocrx_word' id='word_1_88' title='bbox 962 854 1013 900; x_wconf 89' lang='lat' dir='ltr'><strong>aut</strong></span> <span class='ocrx_word' id='word_1_89' title='bbox 1037 850 1172 904; x_wconf 77' lang='lat' dir='ltr'><strong>sationem</strong></span> <span class='ocrx_word' id='word_1_90' title='bbox 1195 857 1222 904; x_wconf 89' lang='lat' dir='ltr'><strong>et</strong></span> <span class='ocrx_word' id='word_1_91' title='bbox 1240 849 1406 919; x_wconf 79' lang='lat' dir='ltr'><strong>plenariam</strong></span> <span class='ocrx_word' id='word_1_92' title='bbox 1424 848 1688 903; x_wconf 82' lang='lat' dir='ltr'><strong>communicatorum</strong></span> <span class='ocrx_word' id='word_1_93' title='bbox 1714 845 1934 931; x_wconf 53' lang='grc' dir='ltr'><strong>ιιιιιιγιοιίοω111</strong></span> <span class='ocrx_word' id='word_1_94' title='bbox 1889 845 1927 879; x_wconf 77' lang='lat'><strong>¹¹¹</strong></span> 
     </span>
    </p>
   </div>
   <div class='ocr_carea' id='block_1_6' title="bbox 67 900 1934 1011">
    <p class='ocr_par' dir='ltr' id='par_1_6' title="bbox 67 900 1934 1011">
     <span class='ocr_line' id='line_1_8' title="bbox 67 900 1934 1011; baseline -0.006 -14"><span class='ocrx_word' id='word_1_95' title='bbox 67 957 72 961; x_wconf 86' lang='lat'><em>·</em></span> <span class='ocrx_word' id='word_1_96' title='bbox 174 959 308 1011; x_wconf 80' lang='lat' dir='ltr'><strong>rapuere,</strong></span> <span class='ocrx_word' id='word_1_97' title='bbox 332 942 384 994; x_wconf 83' lang='lat' dir='ltr'><strong>sed</strong></span> <span class='ocrx_word' id='word_1_98' title='bbox 401 949 431 994; x_wconf 93' lang='lat' dir='ltr'><strong>ut</strong></span> <span class='ocrx_word' id='word_1_99' title='bbox 448 941 563 994; x_wconf 72' lang='lat' dir='ltr'><strong>dicatur</strong></span> <span class='ocrx_word' id='word_1_100' title='bbox 580 939 665 994; x_wconf 84' lang='lat' dir='ltr'><strong>sestis</strong></span> <span class='ocrx_word' id='word_1_101' title='bbox 683 936 804 993; x_wconf 83' lang='lat' dir='ltr'><strong>sedeatis</strong></span> <span class='ocrx_word' id='word_1_102' title='bbox 824 943 873 989; x_wconf 85' lang='lat' dir='ltr'><strong>aut</strong></span> <span class='ocrx_word' id='word_1_103' title='bbox 893 950 1011 1003; x_wconf 74' lang='lat' dir='ltr'><strong>requam</strong></span> <span class='ocrx_word' id='word_1_104' title='bbox 1036 953 1104 990; x_wconf 82' lang='lat' dir='ltr'><strong>uem.</strong></span> <span class='ocrx_word' id='word_1_105' title='bbox 1147 935 1366 992; x_wconf 82' lang='lat' dir='ltr'><strong>Communicstio</strong></span> <span class='ocrx_word' id='word_1_106' title='bbox 1393 934 1550 994; x_wconf 80' lang='lat' dir='ltr'><strong>divinorum</strong></span> <span class='ocrx_word' id='word_1_107' title='bbox 1576 931 1779 988; x_wconf 68' lang='lat' dir='ltr'><strong>atmibutorum</strong></span> <span class='ocrx_word' id='word_1_108' title='bbox 1803 900 1934 987; x_wconf 72' lang='grc' dir='ltr'><strong>ιιιιιιι</strong></span> 
     </span>
    </p>
   </div>
   <div class='ocr_carea' id='block_1_7' title="bbox 102 1017 1934 5056">
    <p class='ocr_par' dir='ltr' id='par_1_7' title="bbox 102 1017 1934 5056">
     <span class='ocr_line' id='line_1_9' title="bbox 174 1017 1879 1097; baseline -0.006 -15"><span class='ocrx_word' id='word_1_109' title='bbox 174 1029 217 1097; x_wconf 82' lang='lat' dir='ltr'><strong>tis,</strong></span> <span class='ocrx_word' id='word_1_110' title='bbox 238 1036 304 1081; x_wconf 84' lang='lat' dir='ltr'><strong>etut</strong></span> <span class='ocrx_word' id='word_1_111' title='bbox 323 1028 686 1096; x_wconf 80' lang='lat' dir='ltr'><strong>dicaturreapurpurama</strong></span> <span class='ocrx_word' id='word_1_112' title='bbox 704 1025 801 1077; x_wconf 82' lang='lat' dir='ltr'><strong>sedere</strong></span> <span class='ocrx_word' id='word_1_113' title='bbox 820 1029 869 1075; x_wconf 86' lang='lat' dir='ltr'><strong>aut</strong></span> <span class='ocrx_word' id='word_1_114' title='bbox 882 1036 1009 1090; x_wconf 71' lang='lat' dir='ltr'><strong>reputare.</strong></span> <span class='ocrx_word' id='word_1_115' title='bbox 1037 1023 1120 1078; x_wconf 89' lang='lat' dir='ltr'><strong>estin</strong></span> <span class='ocrx_word' id='word_1_116' title='bbox 1134 1022 1224 1094; x_wconf 90' lang='lat' dir='ltr'><strong>primo</strong></span> <span class='ocrx_word' id='word_1_117' title='bbox 1237 1021 1434 1078; x_wconf 74' lang='lat' dir='ltr'><strong>incarnationis</strong></span> <span class='ocrx_word' id='word_1_118' title='bbox 1448 1024 1602 1076; x_wconf 89' lang='lat' dir='ltr'><strong>momento·</strong></span> <span class='ocrx_word' id='word_1_119' title='bbox 1625 1025 1648 1074; x_wconf 87' lang='grc' dir='ltr'><strong>ι.</strong></span> <span class='ocrx_word' id='word_1_120' title='bbox 1667 1017 1738 1091; x_wconf 84' lang='lat' dir='ltr'><strong>quia</strong></span> <span class='ocrx_word' id='word_1_121' title='bbox 1756 1034 1879 1073; x_wconf 89' lang='lat' dir='ltr'><strong>commu·</strong></span> 
     </span>
     <span class='ocr_line' id='line_1_10' title="bbox 174 1104 1877 1181; baseline -0.008 -11"><span class='ocrx_word' id='word_1_122' title='bbox 174 1113 205 1170; x_wconf 82' lang='lat' dir='ltr'><strong>C.</strong></span> <span class='ocrx_word' id='word_1_123' title='bbox 226 1120 271 1170; x_wconf 86' lang='lat'><strong>16:</strong></span> <span class='ocrx_word' id='word_1_124' title='bbox 290 1117 360 1168; x_wconf 84' lang='lat' dir='ltr'><strong>data</strong></span> <span class='ocrx_word' id='word_1_125' title='bbox 373 1121 415 1167; x_wconf 86' lang='lat' dir='ltr'><strong>est</strong></span> <span class='ocrx_word' id='word_1_126' title='bbox 429 1113 523 1181; x_wconf 81' lang='lat' dir='ltr'><strong>ptorio</strong></span> <span class='ocrx_word' id='word_1_127' title='bbox 535 1112 596 1165; x_wconf 86' lang='lat' dir='ltr'><strong>Dei</strong></span> <span class='ocrx_word' id='word_1_128' title='bbox 611 1111 709 1165; x_wconf 81' lang='lat' dir='ltr'><strong>Patris</strong></span> <span class='ocrx_word' id='word_1_129' title='bbox 727 1109 895 1163; x_wconf 76' lang='lat' dir='ltr'><strong>humanitati</strong></span> <span class='ocrx_word' id='word_1_130' title='bbox 906 1106 1013 1161; x_wconf 76' lang='lat' dir='ltr'><strong>aimei</strong></span> <span class='ocrx_word' id='word_1_131' title='bbox 1037 1108 1140 1165; x_wconf 85' lang='lat' dir='ltr'><strong>nicetio</strong></span> <span class='ocrx_word' id='word_1_132' title='bbox 1159 1115 1201 1163; x_wconf 89' lang='lat' dir='ltr'><strong>est</strong></span> <span class='ocrx_word' id='word_1_133' title='bbox 1218 1107 1408 1163; x_wconf 89' lang='lat' dir='ltr'><strong>immediatum</strong></span> <span class='ocrx_word' id='word_1_134' title='bbox 1421 1106 1592 1163; x_wconf 83' lang='lat' dir='ltr'><strong>effectumet</strong></span> <span class='ocrx_word' id='word_1_135' title='bbox 1604 1121 1781 1175; x_wconf 86' lang='lat' dir='ltr'><strong>consequens</strong></span> <span class='ocrx_word' id='word_1_136' title='bbox 1801 1104 1877 1159; x_wconf 82' lang='lat' dir='ltr'><strong>unio</strong></span> 
     </span>
     <span class='ocr_line' id='line_1_11' title="bbox 173 1193 1877 1269; baseline -0.005 -15"><span class='ocrx_word' id='word_1_137' title='bbox 173 1200 450 1269; x_wconf 71' lang='lat' dir='ltr'><strong>maiesataam</strong></span> <span class='ocrx_word' id='word_1_138' title='bbox 468 1198 622 1268; x_wconf 85' lang='lat' dir='ltr'><strong>supposito.</strong></span> <span class='ocrx_word' id='word_1_139' title='bbox 650 1195 702 1251; x_wconf 80' lang='lat' dir='ltr'><strong>Oui</strong></span> <span class='ocrx_word' id='word_1_140' title='bbox 722 1194 942 1265; x_wconf 86' lang='lat' dir='ltr'><strong>sophisticationi</strong></span> <span class='ocrx_word' id='word_1_141' title='bbox 963 1211 1011 1263; x_wconf 90' lang='lat' dir='ltr'><strong>op·</strong></span> <span class='ocrx_word' id='word_1_142' title='bbox 1037 1196 1080 1250; x_wconf 89' lang='lat' dir='ltr'><strong>uis</strong></span> <span class='ocrx_word' id='word_1_143' title='bbox 1103 1195 1309 1267; x_wconf 84' lang='lat' dir='ltr'><strong>hypostaticas·</strong></span> <span class='ocrx_word' id='word_1_144' title='bbox 1336 1200 1362 1250; x_wconf 93' lang='grc'><strong>2.</strong></span> <span class='ocrx_word' id='word_1_145' title='bbox 1379 1193 1457 1247; x_wconf 91' lang='lat' dir='ltr'><strong>nulls</strong></span> <span class='ocrx_word' id='word_1_146' title='bbox 1483 1197 1575 1264; x_wconf 89' lang='lat' dir='ltr'><strong>potest</strong></span> <span class='ocrx_word' id='word_1_147' title='bbox 1598 1197 1742 1247; x_wconf 86' lang='lat' dir='ltr'><strong>assumtae</strong></span> <span class='ocrx_word' id='word_1_148' title='bbox 1762 1197 1877 1246; x_wconf 79' lang='lat' dir='ltr'><strong>naturae</strong></span> 
     </span>
     <span class='ocr_line' id='line_1_12' title="bbox 173 1276 1876 1356; baseline -0.006 -16"><span class='ocrx_word' id='word_1_149' title='bbox 173 1286 301 1356; x_wconf 87' lang='lat' dir='ltr'><strong>ponimus</strong></span> <span class='ocrx_word' id='word_1_150' title='bbox 329 1285 402 1339; x_wconf 91' lang='lat' dir='ltr'><strong>hanc</strong></span> <span class='ocrx_word' id='word_1_151' title='bbox 434 1284 657 1339; x_wconf 89' lang='lat' dir='ltr'><strong>distinctionem.</strong></span> <span class='ocrx_word' id='word_1_152' title='bbox 696 1282 853 1336; x_wconf 86' lang='lat' dir='ltr'><strong>Sessiousm</strong></span> <span class='ocrx_word' id='word_1_153' title='bbox 882 1282 923 1334; x_wconf 82' lang='lat' dir='ltr'><strong>ud</strong></span> <span class='ocrx_word' id='word_1_154' title='bbox 953 1280 1012 1333; x_wconf 84' lang='lat' dir='ltr'><strong>Dei</strong></span> <span class='ocrx_word' id='word_1_155' title='bbox 1037 1283 1125 1350; x_wconf 81' lang='lat' dir='ltr'><strong>maior</strong></span> <span class='ocrx_word' id='word_1_156' title='bbox 1143 1281 1288 1353; x_wconf 78' lang='lat' dir='ltr'><strong>obtingere</strong></span> <span class='ocrx_word' id='word_1_157' title='bbox 1308 1280 1438 1351; x_wconf 87' lang='lat' dir='ltr'><strong>majestas</strong></span> <span class='ocrx_word' id='word_1_158' title='bbox 1458 1278 1600 1350; x_wconf 81' lang='lat' dir='ltr'><strong>etgloria,</strong></span> <span class='ocrx_word' id='word_1_159' title='bbox 1621 1292 1708 1351; x_wconf 88' lang='lat' dir='ltr'><strong>quam</strong></span> <span class='ocrx_word' id='word_1_160' title='bbox 1726 1277 1832 1332; x_wconf 83' lang='grc' dir='ltr'><strong>ιισιιιιιι</strong></span> <span class='ocrx_word' id='word_1_161' title='bbox 1849 1276 1876 1330; x_wconf 90' lang='lat' dir='ltr'><strong>in</strong></span> 
     </span>
     <span class='ocr_line' id='line_1_13' title="bbox 174 1353 1934 1439; baseline -0.006 -13"><span class='ocrx_word' id='word_1_162' title='bbox 174 1373 302 1426; x_wconf 78' lang='lat' dir='ltr'><strong>destrarn</strong></span> <span class='ocrx_word' id='word_1_163' title='bbox 328 1373 426 1426; x_wconf 84' lang='lat' dir='ltr'><strong>datam</strong></span> <span class='ocrx_word' id='word_1_164' title='bbox 446 1387 505 1424; x_wconf 80' lang='lat' dir='ltr'><strong>sess</strong></span> <span class='ocrx_word' id='word_1_165' title='bbox 523 1369 692 1423; x_wconf 80' lang='lat' dir='ltr'><strong>huosam‘tati</strong></span> <span class='ocrx_word' id='word_1_166' title='bbox 710 1367 890 1423; x_wconf 69' lang='lat' dir='ltr'><strong>Chrestinam</strong></span> <span class='ocrx_word' id='word_1_167' title='bbox 915 1365 945 1418; x_wconf 86' lang='grc' dir='ltr'><strong>ιἰι</strong></span> <span class='ocrx_word' id='word_1_168' title='bbox 973 1381 1011 1431; x_wconf 89' lang='lat' dir='ltr'><strong>se,</strong></span> <span class='ocrx_word' id='word_1_169' title='bbox 1037 1368 1171 1423; x_wconf 83' lang='lat' dir='ltr'><strong>unitatem</strong></span> <span class='ocrx_word' id='word_1_170' title='bbox 1190 1383 1324 1439; x_wconf 82' lang='lat' dir='ltr'><strong>personae</strong></span> <span class='ocrx_word' id='word_1_171' title='bbox 1340 1367 1392 1420; x_wconf 85' lang='grc' dir='ltr'><strong>τοὺ</strong></span> <span class='ocrx_word' id='word_1_172' title='bbox 1407 1353 1508 1436; x_wconf 80' lang='lat' dir='ltr'><strong>Aoyov</strong></span> <span class='ocrx_word' id='word_1_173' title='bbox 1526 1363 1626 1420; x_wconf 87' lang='lat' dir='ltr'><strong>etfieri</strong></span> <span class='ocrx_word' id='word_1_174' title='bbox 1644 1364 1794 1435; x_wconf 88' lang='lat' dir='ltr'><strong>proprium</strong></span> <span class='ocrx_word' id='word_1_175' title='bbox 1809 1369 1875 1418; x_wconf 84' lang='lat' dir='ltr'><strong>tem·</strong></span> <span class='ocrx_word' id='word_1_176' title='bbox 1886 1371 1934 1414; x_wconf 87' lang='grc' dir='ltr'><strong>ιιιι</strong></span> 
     </span>
     <span class='ocr_line' id='line_1_14' title="bbox 174 1449 1875 1528; baseline -0.004 -16"><span class='ocrx_word' id='word_1_177' title='bbox 174 1459 253 1512; x_wconf 80' lang='lat' dir='ltr'><strong>sed</strong></span> <span class='ocrx_word' id='word_1_178' title='bbox 240 1477 272 1512; x_wconf 91' lang='lat' dir='ltr'><strong>m</strong></span> <span class='ocrx_word' id='word_1_179' title='bbox 289 1458 433 1526; x_wconf 87' lang='lat' dir='ltr'><strong>supposito</strong></span> <span class='ocrx_word' id='word_1_180' title='bbox 456 1456 588 1528; x_wconf 75' lang='lat' dir='ltr'><strong>ambigue</strong></span> <span class='ocrx_word' id='word_1_181' title='bbox 606 1455 716 1511; x_wconf 76' lang='lat' dir='ltr'><strong>dicitu</strong></span> <span class='ocrx_word' id='word_1_182' title='bbox 753 1453 807 1512; x_wconf 84' lang='lat' dir='ltr'><strong>Vel</strong></span> <span class='ocrx_word' id='word_1_183' title='bbox 834 1453 907 1508; x_wconf 90' lang='lat' dir='ltr'><strong>enim</strong></span> <span class='ocrx_word' id='word_1_184' title='bbox 931 1451 1011 1506; x_wconf 86' lang='lat' dir='ltr'><strong>intel·</strong></span> <span class='ocrx_word' id='word_1_185' title='bbox 1037 1454 1149 1526; x_wconf 89' lang='lat' dir='ltr'><strong>plum,</strong></span> <span class='ocrx_word' id='word_1_186' title='bbox 1141 1473 1170 1508; x_wconf 93' lang='lat' dir='ltr'><strong>m</strong></span> <span class='ocrx_word' id='word_1_187' title='bbox 1189 1471 1244 1525; x_wconf 89' lang='lat' dir='ltr'><strong>quo</strong></span> <span class='ocrx_word' id='word_1_188' title='bbox 1262 1460 1321 1509; x_wconf 87' lang='lat' dir='ltr'><strong>tota</strong></span> <span class='ocrx_word' id='word_1_189' title='bbox 1337 1452 1483 1524; x_wconf 85' lang='lat' dir='ltr'><strong>plenitudo</strong></span> <span class='ocrx_word' id='word_1_190' title='bbox 1501 1451 1613 1508; x_wconf 90' lang='lat' dir='ltr'><strong>deitatis</strong></span> <span class='ocrx_word' id='word_1_191' title='bbox 1631 1449 1758 1517; x_wconf 64' lang='lat' dir='ltr'><strong>habitem</strong></span> <span class='ocrx_word' id='word_1_192' title='bbox 1775 1455 1800 1506; x_wconf 78' lang='grc'>3</span> <span class='ocrx_word' id='word_1_193' title='bbox 1816 1449 1875 1522; x_wconf 82' lang='lat' dir='ltr'><strong>ipss</strong></span> 
     </span>
     <span class='ocr_line' id='line_1_15' title="bbox 174 1537 1874 1617; baseline -0.006 -18"><span class='ocrx_word' id='word_1_194' title='bbox 174 1545 270 1617; x_wconf 89' lang='lat' dir='ltr'><strong>ligitur</strong></span> <span class='ocrx_word' id='word_1_195' title='bbox 290 1544 342 1598; x_wconf 93' lang='lat' dir='ltr'><strong>boc</strong></span> <span class='ocrx_word' id='word_1_196' title='bbox 364 1543 462 1610; x_wconf 91' lang='lat' dir='ltr'><strong>modo,</strong></span> <span class='ocrx_word' id='word_1_197' title='bbox 480 1543 555 1612; x_wconf 89' lang='lat' dir='ltr'><strong>quod</strong></span> <span class='ocrx_word' id='word_1_198' title='bbox 576 1541 643 1596; x_wconf 89' lang='lat' dir='ltr'><strong>data</strong></span> <span class='ocrx_word' id='word_1_199' title='bbox 660 1541 768 1595; x_wconf 89' lang='lat' dir='ltr'><strong>sitnon</strong></span> <span class='ocrx_word' id='word_1_200' title='bbox 786 1538 900 1600; x_wconf 89' lang='lat' dir='ltr'><strong>seorsim</strong></span> <span class='ocrx_word' id='word_1_201' title='bbox 918 1555 950 1592; x_wconf 96' lang='grc' dir='ltr'><strong>ιι</strong></span> <span class='ocrx_word' id='word_1_202' title='bbox 969 1554 1010 1592; x_wconf 88' lang='grc' dir='ltr'><strong>ιι·</strong></span> <span class='ocrx_word' id='word_1_203' title='bbox 1038 1540 1183 1611; x_wconf 81' lang='lat' dir='ltr'><strong>Scriptura</strong></span> <span class='ocrx_word' id='word_1_204' title='bbox 1205 1539 1259 1595; x_wconf 92' lang='lat' dir='ltr'><strong>hoc</strong></span> <span class='ocrx_word' id='word_1_205' title='bbox 1282 1546 1392 1611; x_wconf 85' lang='lat' dir='ltr'><strong>tempus</strong></span> <span class='ocrx_word' id='word_1_206' title='bbox 1418 1537 1593 1596; x_wconf 86' lang='lat' dir='ltr'><strong>determinat.</strong></span> <span class='ocrx_word' id='word_1_207' title='bbox 1629 1537 1696 1593; x_wconf 79' lang='lat' dir='ltr'><strong>Esa</strong></span> <span class='ocrx_word' id='word_1_208' title='bbox 1726 1543 1773 1606; x_wconf 87' lang='grc' dir='ltr'><strong>ιι,</strong></span> <span class='ocrx_word' id='word_1_209' title='bbox 1794 1555 1820 1590; x_wconf 82' lang='lat' dir='ltr'><strong>v.</strong></span> <span class='ocrx_word' id='word_1_210' title='bbox 1843 1543 1874 1593; x_wconf 83' lang='lat' dir='ltr'><strong>t:</strong></span> 
     </span>
     <span class='ocr_line' id='line_1_16' title="bbox 173 1621 1874 1702; baseline -0.005 -18"><span class='ocrx_word' id='word_1_211' title='bbox 173 1630 292 1702; x_wconf 81' lang='lat' dir='ltr'><strong>paratim</strong></span> <span class='ocrx_word' id='word_1_212' title='bbox 311 1645 364 1683; x_wconf 91' lang='lat' dir='ltr'><strong>nec</strong></span> <span class='ocrx_word' id='word_1_213' title='bbox 382 1627 536 1683; x_wconf 91' lang='lat' dir='ltr'><strong>secundum</strong></span> <span class='ocrx_word' id='word_1_214' title='bbox 556 1626 716 1682; x_wconf 76' lang='lat' dir='ltr'><strong>essentiales</strong></span> <span class='ocrx_word' id='word_1_215' title='bbox 738 1625 936 1697; x_wconf 84' lang='lat' dir='ltr'><strong>proprietates,</strong></span> <span class='ocrx_word' id='word_1_216' title='bbox 962 1621 1012 1678; x_wconf 89' lang='lat' dir='ltr'><strong>sed</strong></span> <span class='ocrx_word' id='word_1_217' title='bbox 1039 1628 1208 1696; x_wconf 80' lang='lat' dir='ltr'><strong>Epreaietur</strong></span> <span class='ocrx_word' id='word_1_218' title='bbox 1224 1627 1306 1695; x_wconf 80' lang='lat' dir='ltr'><strong>eirpa</strong></span> <span class='ocrx_word' id='word_1_219' title='bbox 1326 1629 1362 1680; x_wconf 80' lang='lat' dir='ltr'><strong>dc</strong></span> <span class='ocrx_word' id='word_1_220' title='bbox 1379 1626 1478 1680; x_wconf 85' lang='lat' dir='ltr'><strong>radice</strong></span> <span class='ocrx_word' id='word_1_221' title='bbox 1494 1625 1588 1691; x_wconf 86' lang='lat' dir='ltr'><strong>Jssse,</strong></span> <span class='ocrx_word' id='word_1_222' title='bbox 1612 1640 1700 1694; x_wconf 84' lang='lat' dir='ltr'><strong>super</strong></span> <span class='ocrx_word' id='word_1_223' title='bbox 1729 1641 1813 1693; x_wconf 81' lang='lat' dir='ltr'><strong>quam</strong></span> <span class='ocrx_word' id='word_1_224' title='bbox 1834 1640 1874 1676; x_wconf 88' lang='lat' dir='ltr'><strong>re·</strong></span> 
     </span>
     <span class='ocr_line' id='line_1_17' title="bbox 174 1708 1875 1787; baseline -0.002 -17"><span class='ocrx_word' id='word_1_225' title='bbox 174 1722 311 1787; x_wconf 87' lang='lat' dir='ltr'><strong>quatenus</strong></span> <span class='ocrx_word' id='word_1_226' title='bbox 323 1715 352 1768; x_wconf 90' lang='lat' dir='ltr'><strong>in</strong></span> <span class='ocrx_word' id='word_1_227' title='bbox 364 1730 485 1785; x_wconf 88' lang='lat' dir='ltr'><strong>persona</strong></span> <span class='ocrx_word' id='word_1_228' title='bbox 496 1714 546 1767; x_wconf 86' lang='grc' dir='ltr'><strong>ιοὺ</strong></span> <span class='ocrx_word' id='word_1_229' title='bbox 555 1710 654 1782; x_wconf 78' lang='grc' dir='ltr'><strong>Λόγου</strong></span> <span class='ocrx_word' id='word_1_230' title='bbox 666 1711 794 1766; x_wconf 90' lang='lat' dir='ltr'><strong>consistit</strong></span> <span class='ocrx_word' id='word_1_231' title='bbox 810 1708 1012 1777; x_wconf 86' lang='lat' dir='ltr'><strong>consideratas,</strong></span> <span class='ocrx_word' id='word_1_232' title='bbox 1038 1715 1159 1782; x_wconf 75' lang='lat' dir='ltr'><strong>quiescet</strong></span> <span class='ocrx_word' id='word_1_233' title='bbox 1178 1712 1310 1783; x_wconf 77' lang='lat' dir='ltr'><strong>Spiritus,</strong></span> <span class='ocrx_word' id='word_1_234' title='bbox 1328 1712 1482 1768; x_wconf 89' lang='lat' dir='ltr'><strong>cumomni</strong></span> <span class='ocrx_word' id='word_1_235' title='bbox 1499 1710 1605 1766; x_wconf 87' lang='lat' dir='ltr'><strong>scilicet</strong></span> <span class='ocrx_word' id='word_1_236' title='bbox 1621 1709 1803 1782; x_wconf 88' lang='lat' dir='ltr'><strong>plenitudine</strong></span> <span class='ocrx_word' id='word_1_237' title='bbox 1820 1724 1875 1779; x_wconf 77' lang='lat' dir='ltr'><strong>sua,</strong></span> 
     </span>
     <span class='ocr_line' id='line_1_18' title="bbox 174 1793 1874 1871; baseline -0.003 -17"><span class='ocrx_word' id='word_1_238' title='bbox 174 1800 220 1854; x_wconf 86' lang='lat' dir='ltr'><strong>rel</strong></span> <span class='ocrx_word' id='word_1_239' title='bbox 239 1799 404 1871; x_wconf 82' lang='lat' dir='ltr'><strong>intelligitur</strong></span> <span class='ocrx_word' id='word_1_240' title='bbox 426 1815 458 1854; x_wconf 90' lang='lat' dir='ltr'><strong>eo</strong></span> <span class='ocrx_word' id='word_1_241' title='bbox 475 1798 575 1866; x_wconf 89' lang='lat' dir='ltr'><strong>modo,</strong></span> <span class='ocrx_word' id='word_1_242' title='bbox 603 1797 677 1869; x_wconf 92' lang='lat' dir='ltr'><strong>quod</strong></span> <span class='ocrx_word' id='word_1_243' title='bbox 696 1797 733 1866; x_wconf 81' lang='lat' dir='ltr'><strong>ad</strong></span> <span class='ocrx_word' id='word_1_244' title='bbox 751 1796 841 1867; x_wconf 88' lang='lat' dir='ltr'><strong>ipsam</strong></span> <span class='ocrx_word' id='word_1_245' title='bbox 857 1794 1012 1850; x_wconf 86' lang='lat' dir='ltr'><strong>humanita-</strong></span> <span class='ocrx_word' id='word_1_246' title='bbox 1039 1798 1105 1869; x_wconf 89' lang='lat' dir='ltr'><strong>quia</strong></span> <span class='ocrx_word' id='word_1_247' title='bbox 1122 1797 1242 1870; x_wconf 89' lang='lat' dir='ltr'><strong>Spiritus</strong></span> <span class='ocrx_word' id='word_1_248' title='bbox 1268 1815 1324 1852; x_wconf 86' lang='grc' dir='ltr'><strong>ιιοιι</strong></span> <span class='ocrx_word' id='word_1_249' title='bbox 1353 1799 1394 1852; x_wconf 79' lang='lat' dir='ltr'><strong>ad</strong></span> <span class='ocrx_word' id='word_1_250' title='bbox 1416 1814 1574 1852; x_wconf 80' lang='lat' dir='ltr'><strong>mensuram</strong></span> <span class='ocrx_word' id='word_1_251' title='bbox 1596 1794 1637 1850; x_wconf 91' lang='lat' dir='ltr'><strong>illi</strong></span> <span class='ocrx_word' id='word_1_252' title='bbox 1663 1796 1749 1851; x_wconf 86' lang='lat' dir='ltr'><strong>datus</strong></span> <span class='ocrx_word' id='word_1_253' title='bbox 1772 1793 1833 1852; x_wconf 79' lang='lat' dir='ltr'><strong>toa.</strong></span> <span class='ocrx_word' id='word_1_254' title='bbox 1852 1798 1874 1862; x_wconf 79' lang='grc'><strong>3,</strong></span> 
     </span>
     <span class='ocr_line' id='line_1_19' title="bbox 174 1879 1874 1956; baseline -0.003 -15"><span class='ocrx_word' id='word_1_255' title='bbox 174 1892 231 1942; x_wconf 84' lang='lat' dir='ltr'><strong>tem</strong></span> <span class='ocrx_word' id='word_1_256' title='bbox 250 1885 334 1956; x_wconf 84' lang='lat' dir='ltr'><strong>plane</strong></span> <span class='ocrx_word' id='word_1_257' title='bbox 353 1903 409 1940; x_wconf 89' lang='lat' dir='ltr'><strong>non</strong></span> <span class='ocrx_word' id='word_1_258' title='bbox 428 1884 566 1955; x_wconf 86' lang='lat' dir='ltr'><strong>pertineat</strong></span> <span class='ocrx_word' id='word_1_259' title='bbox 583 1881 633 1938; x_wconf 89' lang='lat' dir='ltr'><strong>illa</strong></span> <span class='ocrx_word' id='word_1_260' title='bbox 656 1881 755 1949; x_wconf 89' lang='lat' dir='ltr'><strong>sessio,</strong></span> <span class='ocrx_word' id='word_1_261' title='bbox 779 1882 828 1937; x_wconf 91' lang='lat' dir='ltr'><strong>sed</strong></span> <span class='ocrx_word' id='word_1_262' title='bbox 850 1886 958 1936; x_wconf 88' lang='lat' dir='ltr'><strong>tautum</strong></span> <span class='ocrx_word' id='word_1_263' title='bbox 976 1880 1012 1935; x_wconf 91' lang='lat' dir='ltr'><strong>ad</strong></span> <span class='ocrx_word' id='word_1_264' title='bbox 1039 1902 1064 1937; x_wconf 86' lang='lat' dir='ltr'><strong>r.</strong></span> <span class='ocrx_word' id='word_1_265' title='bbox 1089 1890 1137 1954; x_wconf 76' lang='lat'><strong>343</strong></span> <span class='ocrx_word' id='word_1_266' title='bbox 1163 1891 1277 1956; x_wconf 88' lang='lat' dir='ltr'><strong>propter</strong></span> <span class='ocrx_word' id='word_1_267' title='bbox 1304 1883 1375 1939; x_wconf 87' lang='lat' dir='ltr'><strong>banc</strong></span> <span class='ocrx_word' id='word_1_268' title='bbox 1399 1882 1517 1954; x_wconf 85' lang='lat' dir='ltr'><strong>Spiritus</strong></span> <span class='ocrx_word' id='word_1_269' title='bbox 1542 1900 1563 1936; x_wconf 89' lang='lat' dir='ltr'><strong>s.</strong></span> <span class='ocrx_word' id='word_1_270' title='bbox 1588 1881 1752 1937; x_wconf 89' lang='lat' dir='ltr'><strong>unctionem</strong></span> <span class='ocrx_word' id='word_1_271' title='bbox 1777 1879 1874 1936; x_wconf 87' lang='lat' dir='ltr'><strong>dicitur</strong></span> 
     </span>
     <span class='ocr_line' id='line_1_20' title="bbox 175 1967 1874 2044; baseline -0.003 -18"><span class='ocrx_word' id='word_1_272' title='bbox 175 1971 340 2044; x_wconf 79' lang='lat' dir='ltr'><strong>hypostasin</strong></span> <span class='ocrx_word' id='word_1_273' title='bbox 352 1972 411 2028; x_wconf 80' lang='lat' dir='ltr'><strong>sive</strong></span> <span class='ocrx_word' id='word_1_274' title='bbox 424 1970 605 2041; x_wconf 90' lang='lat' dir='ltr'><strong>suppositum.</strong></span> <span class='ocrx_word' id='word_1_275' title='bbox 631 1968 722 2024; x_wconf 89' lang='lat' dir='ltr'><strong>Priori</strong></span> <span class='ocrx_word' id='word_1_276' title='bbox 734 1985 817 2023; x_wconf 90' lang='lat' dir='ltr'><strong>sensu</strong></span> <span class='ocrx_word' id='word_1_277' title='bbox 834 1967 1013 2023; x_wconf 78' lang='lat' dir='ltr'><strong>serationem</strong></span> <span class='ocrx_word' id='word_1_278' title='bbox 1040 1970 1166 2025; x_wconf 78' lang='lat' dir='ltr'><strong>Christus</strong></span> <span class='ocrx_word' id='word_1_279' title='bbox 1186 1970 1215 2024; x_wconf 93' lang='lat' dir='ltr'><strong>in</strong></span> <span class='ocrx_word' id='word_1_280' title='bbox 1233 1970 1323 2041; x_wconf 91' lang='lat' dir='ltr'><strong>primo</strong></span> <span class='ocrx_word' id='word_1_281' title='bbox 1343 1968 1540 2025; x_wconf 82' lang='lat' dir='ltr'><strong>incarnationis</strong></span> <span class='ocrx_word' id='word_1_282' title='bbox 1559 1973 1719 2032; x_wconf 88' lang='lat' dir='ltr'><strong>momento,</strong></span> <span class='ocrx_word' id='word_1_283' title='bbox 1743 1985 1777 2023; x_wconf 90' lang='lat' dir='ltr'><strong>ac</strong></span> <span class='ocrx_word' id='word_1_284' title='bbox 1795 1967 1874 2033; x_wconf 74' lang='lat' dir='ltr'><strong>alud,</strong></span> 
     </span>
     <span class='ocr_line' id='line_1_21' title="bbox 176 2051 1873 2128; baseline -0.003 -15"><span class='ocrx_word' id='word_1_285' title='bbox 176 2058 367 2126; x_wconf 86' lang='lat' dir='ltr'><strong>concedimus,</strong></span> <span class='ocrx_word' id='word_1_286' title='bbox 382 2053 544 2128; x_wconf 86' lang='lat' dir='ltr'><strong>&#39;posteriori</strong></span> <span class='ocrx_word' id='word_1_287' title='bbox 573 2070 717 2126; x_wconf 85' lang='lat' dir='ltr'><strong>negamus.</strong></span> <span class='ocrx_word' id='word_1_288' title='bbox 758 2052 831 2120; x_wconf 87' lang='lat' dir='ltr'><strong>Quia</strong></span> <span class='ocrx_word' id='word_1_289' title='bbox 859 2053 933 2108; x_wconf 89' lang='lat' dir='ltr'><strong>enim</strong></span> <span class='ocrx_word' id='word_1_290' title='bbox 963 2069 1014 2124; x_wconf 89' lang='lat' dir='ltr'><strong>per</strong></span> <span class='ocrx_word' id='word_1_291' title='bbox 1039 2059 1116 2126; x_wconf 74' lang='lat' dir='ltr'><strong>quod</strong></span> <span class='ocrx_word' id='word_1_292' title='bbox 1131 2075 1164 2111; x_wconf 80' lang='lat' dir='ltr'><strong>es</strong></span> <span class='ocrx_word' id='word_1_293' title='bbox 1183 2057 1284 2111; x_wconf 84' lang='lat' dir='ltr'><strong>Maria</strong></span> <span class='ocrx_word' id='word_1_294' title='bbox 1301 2063 1406 2126; x_wconf 79' lang='lat' dir='ltr'><strong>satum,</strong></span> <span class='ocrx_word' id='word_1_295' title='bbox 1426 2060 1542 2110; x_wconf 87' lang='lat' dir='ltr'><strong>vocatur</strong></span> <span class='ocrx_word' id='word_1_296' title='bbox 1558 2061 1687 2108; x_wconf 77' lang='lat' dir='ltr'><strong>sanetum</strong></span> <span class='ocrx_word' id='word_1_297' title='bbox 1704 2052 1743 2109; x_wconf 94' lang='lat' dir='ltr'><strong>ob</strong></span> <span class='ocrx_word' id='word_1_298' title='bbox 1759 2051 1873 2127; x_wconf 79' lang='lat' dir='ltr'><strong>Spiritus</strong></span> 
     </span>
     <span class='ocr_line' id='line_1_22' title="bbox 176 2137 1873 2213; baseline 0 -14"><span class='ocrx_word' id='word_1_299' title='bbox 176 2144 307 2199; x_wconf 89' lang='lat' dir='ltr'><strong>unionem</strong></span> <span class='ocrx_word' id='word_1_300' title='bbox 325 2141 479 2203; x_wconf 80' lang='grc' dir='ltr'><strong>ὑπόστασις</strong></span> <span class='ocrx_word' id='word_1_301' title='bbox 496 2141 596 2213; x_wconf 72' lang='grc' dir='ltr'><strong>Λόγου</strong></span> <span class='ocrx_word' id='word_1_302' title='bbox 618 2145 661 2197; x_wconf 87' lang='lat' dir='ltr'><strong>est</strong></span> <span class='ocrx_word' id='word_1_303' title='bbox 685 2144 825 2194; x_wconf 89' lang='lat' dir='ltr'><strong>assumtae</strong></span> <span class='ocrx_word' id='word_1_304' title='bbox 849 2137 926 2193; x_wconf 92' lang='lat' dir='ltr'><strong>carni</strong></span> <span class='ocrx_word' id='word_1_305' title='bbox 948 2154 1013 2193; x_wconf 83' lang='lat' dir='ltr'><strong>vere</strong></span> <span class='ocrx_word' id='word_1_306' title='bbox 1038 2142 1356 2198; x_wconf 70' lang='lat' dir='ltr'><strong>communicationem</strong></span> <span class='ocrx_word' id='word_1_307' title='bbox 1378 2141 1446 2196; x_wconf 85' lang='lat' dir='ltr'><strong>Luc.</strong></span> <span class='ocrx_word' id='word_1_308' title='bbox 1467 2147 1499 2211; x_wconf 89' lang='lat'><strong>1,</strong></span> <span class='ocrx_word' id='word_1_309' title='bbox 1525 2158 1551 2195; x_wconf 82' lang='lat' dir='ltr'><strong>v.</strong></span> <span class='ocrx_word' id='word_1_310' title='bbox 1575 2144 1625 2210; x_wconf 79' lang='grc' dir='ltr'><strong>ιιι,</strong></span> <span class='ocrx_word' id='word_1_311' title='bbox 1648 2140 1727 2196; x_wconf 91' lang='lat' dir='ltr'><strong>uude</strong></span> <span class='ocrx_word' id='word_1_312' title='bbox 1748 2138 1873 2211; x_wconf 77' lang='grc' dir='ltr'><strong>ὁΛόγοι</strong></span> 
     </span>
     <span class='ocr_line' id='line_1_23' title="bbox 175 2214 1929 2297; baseline -0.002 -13"><span class='ocrx_word' id='word_1_313' title='bbox 175 2233 205 2284; x_wconf 88' lang='grc' dir='ltr'><strong>ιι</strong></span> <span class='ocrx_word' id='word_1_314' title='bbox 221 2228 332 2285; x_wconf 84' lang='lat' dir='ltr'><strong>realiter</strong></span> <span class='ocrx_word' id='word_1_315' title='bbox 351 2228 566 2295; x_wconf 87' lang='lat' dir='ltr'><strong>communicata,</strong></span> <span class='ocrx_word' id='word_1_316' title='bbox 590 2230 620 2282; x_wconf 88' lang='lat' dir='ltr'><strong>et</strong></span> <span class='ocrx_word' id='word_1_317' title='bbox 641 2226 678 2280; x_wconf 90' lang='lat' dir='ltr'><strong>ad</strong></span> <span class='ocrx_word' id='word_1_318' title='bbox 702 2224 792 2296; x_wconf 88' lang='lat' dir='ltr'><strong>ipsam</strong></span> <span class='ocrx_word' id='word_1_319' title='bbox 812 2224 867 2281; x_wconf 90' lang='lat' dir='ltr'><strong>Dei</strong></span> <span class='ocrx_word' id='word_1_320' title='bbox 887 2223 1012 2280; x_wconf 86' lang='lat' dir='ltr'><strong>dextram</strong></span> <span class='ocrx_word' id='word_1_321' title='bbox 1039 2244 1102 2284; x_wconf 88' lang='lat' dir='ltr'><strong>caro</strong></span> <span class='ocrx_word' id='word_1_322' title='bbox 1120 2227 1212 2284; x_wconf 85' lang='lat' dir='ltr'><strong>iactus</strong></span> <span class='ocrx_word' id='word_1_323' title='bbox 1232 2228 1334 2284; x_wconf 88' lang='lat' dir='ltr'><strong>dicitur</strong></span> <span class='ocrx_word' id='word_1_324' title='bbox 1350 2229 1451 2297; x_wconf 80' lang='lat' dir='ltr'><strong>plenus</strong></span> <span class='ocrx_word' id='word_1_325' title='bbox 1470 2227 1565 2296; x_wconf 82' lang='lat' dir='ltr'><strong>pratia</strong></span> <span class='ocrx_word' id='word_1_326' title='bbox 1585 2234 1611 2280; x_wconf 89' lang='lat' dir='ltr'><strong>et</strong></span> <span class='ocrx_word' id='word_1_327' title='bbox 1630 2225 1748 2281; x_wconf 81' lang='lat' dir='ltr'><strong>ueritate</strong></span> <span class='ocrx_word' id='word_1_328' title='bbox 1765 2224 1826 2282; x_wconf 80' lang='lat' dir='ltr'><strong>Joh</strong></span> <span class='ocrx_word' id='word_1_329' title='bbox 1848 2232 1870 2293; x_wconf 92' lang='grc' dir='ltr'><strong>Ι,</strong></span> <span class='ocrx_word' id='word_1_330' title='bbox 1926 2214 1929 2221; x_wconf 60' lang='grc'><em>’</em></span> 
     </span>
     <span class='ocr_line' id='line_1_24' title="bbox 175 2311 1870 2386; baseline -0.004 -16"><span class='ocrx_word' id='word_1_331' title='bbox 175 2322 300 2370; x_wconf 84' lang='lat' dir='ltr'><strong>assumta</strong></span> <span class='ocrx_word' id='word_1_332' title='bbox 317 2332 381 2370; x_wconf 89' lang='lat' dir='ltr'><strong>caro</strong></span> <span class='ocrx_word' id='word_1_333' title='bbox 399 2314 576 2386; x_wconf 90' lang='lat' dir='ltr'><strong>postmodum</strong></span> <span class='ocrx_word' id='word_1_334' title='bbox 595 2319 700 2381; x_wconf 82' lang='lat' dir='ltr'><strong>evecta,</strong></span> <span class='ocrx_word' id='word_1_335' title='bbox 719 2311 781 2367; x_wconf 89' lang='lat' dir='ltr'><strong>ideo</strong></span> <span class='ocrx_word' id='word_1_336' title='bbox 802 2311 885 2367; x_wconf 85' lang='lat' dir='ltr'><strong>etiam</strong></span> <span class='ocrx_word' id='word_1_337' title='bbox 901 2326 965 2367; x_wconf 87' lang='lat' dir='ltr'><strong>vere</strong></span> <span class='ocrx_word' id='word_1_338' title='bbox 985 2315 1013 2365; x_wconf 91' lang='lat' dir='ltr'><strong>et</strong></span> <span class='ocrx_word' id='word_1_339' title='bbox 1038 2332 1063 2367; x_wconf 85' lang='lat' dir='ltr'><strong>v.</strong></span> <span class='ocrx_word' id='word_1_340' title='bbox 1080 2321 1118 2370; x_wconf 86' lang='grc'><strong>14.</strong></span> <span class='ocrx_word' id='word_1_341' title='bbox 1137 2320 1165 2370; x_wconf 87' lang='lat' dir='ltr'><strong>et</strong></span> <span class='ocrx_word' id='word_1_342' title='bbox 1183 2314 1294 2385; x_wconf 86' lang='lat' dir='ltr'><strong>quando</strong></span> <span class='ocrx_word' id='word_1_343' title='bbox 1316 2313 1443 2368; x_wconf 67' lang='lat' dir='ltr'><strong>Christus</strong></span> <span class='ocrx_word' id='word_1_344' title='bbox 1455 2312 1581 2382; x_wconf 76' lang='lat' dir='ltr'><strong>profecit</strong></span> <span class='ocrx_word' id='word_1_345' title='bbox 1592 2312 1772 2381; x_wconf 80' lang='lat' dir='ltr'><strong>saps&#39;erstiaet</strong></span> <span class='ocrx_word' id='word_1_346' title='bbox 1783 2318 1870 2365; x_wconf 83' lang='lat' dir='ltr'><strong>aetate</strong></span> 
     </span>
     <span class='ocr_line' id='line_1_25' title="bbox 175 2395 1873 2482; baseline -0.004 -25"><span class='ocrx_word' id='word_1_347' title='bbox 175 2401 287 2457; x_wconf 87' lang='lat' dir='ltr'><strong>realiter</strong></span> <span class='ocrx_word' id='word_1_348' title='bbox 307 2401 401 2456; x_wconf 83' lang='lat' dir='ltr'><strong>divina</strong></span> <span class='ocrx_word' id='word_1_349' title='bbox 419 2401 500 2469; x_wconf 85' lang='lat' dir='ltr'><strong>dona,</strong></span> <span class='ocrx_word' id='word_1_350' title='bbox 521 2400 653 2470; x_wconf 87' lang='lat' dir='ltr'><strong>majestas</strong></span> <span class='ocrx_word' id='word_1_351' title='bbox 672 2403 702 2454; x_wconf 90' lang='lat' dir='ltr'><strong>et</strong></span> <span class='ocrx_word' id='word_1_352' title='bbox 719 2397 810 2468; x_wconf 89' lang='lat' dir='ltr'><strong>gloria</strong></span> <span class='ocrx_word' id='word_1_353' title='bbox 826 2397 916 2454; x_wconf 90' lang='lat' dir='ltr'><strong>eidem</strong></span> <span class='ocrx_word' id='word_1_354' title='bbox 935 2395 1012 2451; x_wconf 92' lang='lat' dir='ltr'><strong>carni</strong></span> <span class='ocrx_word' id='word_1_355' title='bbox 1039 2409 1065 2456; x_wconf 87' lang='grc' dir='ltr'><strong>ιι</strong></span> <span class='ocrx_word' id='word_1_356' title='bbox 1077 2401 1174 2470; x_wconf 80' lang='lat' dir='ltr'><strong>pratia</strong></span> <span class='ocrx_word' id='word_1_357' title='bbox 1187 2401 1267 2469; x_wconf 80' lang='lat' dir='ltr'><strong>apud</strong></span> <span class='ocrx_word' id='word_1_358' title='bbox 1281 2402 1374 2454; x_wconf 86' lang='lat' dir='ltr'><strong>Deum</strong></span> <span class='ocrx_word' id='word_1_359' title='bbox 1392 2399 1558 2482; x_wconf 75' lang='lat' dir='ltr'><strong>ethemima</strong></span> <span class='ocrx_word' id='word_1_360' title='bbox 1576 2398 1647 2455; x_wconf 92' lang='lat' dir='ltr'><strong>Luc.</strong></span> <span class='ocrx_word' id='word_1_361' title='bbox 1664 2404 1688 2464; x_wconf 93' lang='grc'><strong>2,</strong></span> <span class='ocrx_word' id='word_1_362' title='bbox 1706 2403 1798 2468; x_wconf 81' lang='grc' dir='ltr'><strong>ι.52;</strong></span> <span class='ocrx_word' id='word_1_363' title='bbox 1817 2402 1873 2453; x_wconf 86' lang='lat' dir='ltr'><strong>erat</strong></span> 
     </span>
     <span class='ocr_line' id='line_1_26' title="bbox 119 2471 1873 2561; baseline -0.001 -21"><span class='ocrx_word' id='word_1_364' title='bbox 119 2495 122 2498; x_wconf 74' lang='grc'>’</span> <span class='ocrx_word' id='word_1_365' title='bbox 175 2494 217 2541; x_wconf 88' lang='lat' dir='ltr'><strong>est</strong></span> <span class='ocrx_word' id='word_1_366' title='bbox 234 2471 443 2541; x_wconf 80' lang='lat' dir='ltr'><strong>communicata.</strong></span> <span class='ocrx_word' id='word_1_367' title='bbox 480 2484 667 2541; x_wconf 75' lang='lat' dir='ltr'><strong>vitiosissima</strong></span> <span class='ocrx_word' id='word_1_368' title='bbox 684 2500 750 2556; x_wconf 87' lang='lat' dir='ltr'><strong>ergo</strong></span> <span class='ocrx_word' id='word_1_369' title='bbox 772 2489 815 2538; x_wconf 87' lang='lat' dir='ltr'><strong>est</strong></span> <span class='ocrx_word' id='word_1_370' title='bbox 838 2483 907 2538; x_wconf 88' lang='lat' dir='ltr'><strong>baec</strong></span> <span class='ocrx_word' id='word_1_371' title='bbox 927 2484 1011 2554; x_wconf 89' lang='lat' dir='ltr'><strong>oppo·</strong></span> <span class='ocrx_word' id='word_1_372' title='bbox 1039 2487 1229 2561; x_wconf 75' lang='grc' dir='ltr'><strong>πληρούμενος</strong></span> <span class='ocrx_word' id='word_1_373' title='bbox 1248 2493 1351 2559; x_wconf 81' lang='grc' dir='ltr'><strong>σοφίας</strong></span> <span class='ocrx_word' id='word_1_374' title='bbox 1374 2504 1400 2540; x_wconf 85' lang='lat' dir='ltr'><strong>v.</strong></span> <span class='ocrx_word' id='word_1_375' title='bbox 1421 2491 1463 2543; x_wconf 84' lang='grc'><strong>40.</strong></span> <span class='ocrx_word' id='word_1_376' title='bbox 1489 2502 1544 2541; x_wconf 89' lang='lat' dir='ltr'><strong>nou</strong></span> <span class='ocrx_word' id='word_1_377' title='bbox 1568 2500 1601 2540; x_wconf 90' lang='lat' dir='ltr'><strong>eo</strong></span> <span class='ocrx_word' id='word_1_378' title='bbox 1628 2484 1767 2540; x_wconf 76' lang='lat' dir='ltr'><strong>duntaxat</strong></span> <span class='ocrx_word' id='word_1_379' title='bbox 1786 2498 1873 2546; x_wconf 82' lang='grc' dir='ltr'><strong>ιιιιιιι,</strong></span> 
     </span>
     <span class='ocr_line' id='line_1_27' title="bbox 146 2568 1872 2644; baseline -0.001 -18"><span class='ocrx_word' id='word_1_380' title='bbox 146 2589 151 2592; x_wconf 89' lang='grc'><em>·</em></span> <span class='ocrx_word' id='word_1_381' title='bbox 174 2572 245 2627; x_wconf 88' lang='lat' dir='ltr'><strong>sitio.</strong></span> <span class='ocrx_word' id='word_1_382' title='bbox 281 2572 372 2628; x_wconf 87' lang='lat' dir='ltr'><strong>Sessio</strong></span> <span class='ocrx_word' id='word_1_383' title='bbox 390 2573 427 2627; x_wconf 88' lang='lat' dir='ltr'><strong>ad</strong></span> <span class='ocrx_word' id='word_1_384' title='bbox 445 2573 571 2628; x_wconf 89' lang='lat' dir='ltr'><strong>dextram</strong></span> <span class='ocrx_word' id='word_1_385' title='bbox 590 2570 645 2626; x_wconf 91' lang='lat' dir='ltr'><strong>Dei</strong></span> <span class='ocrx_word' id='word_1_386' title='bbox 664 2577 693 2626; x_wconf 92' lang='lat' dir='ltr'><strong>et</strong></span> <span class='ocrx_word' id='word_1_387' title='bbox 711 2569 802 2642; x_wconf 88' lang='lat' dir='ltr'><strong>gloria</strong></span> <span class='ocrx_word' id='word_1_388' title='bbox 822 2569 917 2625; x_wconf 70' lang='lat' dir='ltr'><strong>dimna</strong></span> <span class='ocrx_word' id='word_1_389' title='bbox 945 2568 1012 2623; x_wconf 88' lang='lat' dir='ltr'><strong>data</strong></span> <span class='ocrx_word' id='word_1_390' title='bbox 1039 2590 1094 2643; x_wconf 93' lang='lat' dir='ltr'><strong>quo</strong></span> <span class='ocrx_word' id='word_1_391' title='bbox 1115 2572 1272 2644; x_wconf 86' lang='lat' dir='ltr'><strong>Stephanus</strong></span> <span class='ocrx_word' id='word_1_392' title='bbox 1290 2572 1393 2628; x_wconf 88' lang='lat' dir='ltr'><strong>dicitm</strong></span> <span class='ocrx_word' id='word_1_393' title='bbox 1406 2573 1508 2642; x_wconf 81' lang='lat' dir='ltr'><strong>plenus</strong></span> <span class='ocrx_word' id='word_1_394' title='bbox 1520 2572 1582 2641; x_wconf 79' lang='lat' dir='ltr'><strong>ficte</strong></span> <span class='ocrx_word' id='word_1_395' title='bbox 1603 2580 1630 2625; x_wconf 85' lang='grc' dir='ltr'><strong>ιι</strong></span> <span class='ocrx_word' id='word_1_396' title='bbox 1648 2571 1752 2625; x_wconf 81' lang='lat' dir='ltr'><strong>uirtute</strong></span> <span class='ocrx_word' id='word_1_397' title='bbox 1775 2569 1872 2635; x_wconf 78' lang='lat' dir='ltr'><strong>Acta,</strong></span> 
     </span>
     <span class='ocr_line' id='line_1_28' title="bbox 174 2654 1873 2731; baseline -0.002 -17"><span class='ocrx_word' id='word_1_398' title='bbox 174 2665 217 2714; x_wconf 89' lang='lat' dir='ltr'><strong>est</strong></span> <span class='ocrx_word' id='word_1_399' title='bbox 242 2658 426 2724; x_wconf 84' lang='lat' dir='ltr'><strong>humanitati,</strong></span> <span class='ocrx_word' id='word_1_400' title='bbox 452 2664 588 2730; x_wconf 86' lang='lat' dir='ltr'><strong>quatenus</strong></span> <span class='ocrx_word' id='word_1_401' title='bbox 613 2657 643 2712; x_wconf 87' lang='lat' dir='ltr'><strong>iu</strong></span> <span class='ocrx_word' id='word_1_402' title='bbox 669 2654 818 2711; x_wconf 77' lang='grc' dir='ltr'><strong>ὑποστάσει</strong></span> <span class='ocrx_word' id='word_1_403' title='bbox 841 2660 890 2711; x_wconf 86' lang='grc' dir='ltr'><strong>τοῦ</strong></span> <span class='ocrx_word' id='word_1_404' title='bbox 911 2655 1011 2727; x_wconf 80' lang='grc' dir='ltr'><strong>Λόγου</strong></span> <span class='ocrx_word' id='word_1_405' title='bbox 1038 2676 1064 2712; x_wconf 84' lang='grc' dir='ltr'><strong>ι.</strong></span> <span class='ocrx_word' id='word_1_406' title='bbox 1090 2666 1113 2715; x_wconf 83' lang='grc'><strong>8.</strong></span> <span class='ocrx_word' id='word_1_407' title='bbox 1137 2666 1251 2730; x_wconf 86' lang='lat' dir='ltr'><strong>propter</strong></span> <span class='ocrx_word' id='word_1_408' title='bbox 1274 2658 1425 2731; x_wconf 81' lang='lat' dir='ltr'><strong>gratiosam</strong></span> <span class='ocrx_word' id='word_1_409' title='bbox 1448 2656 1566 2730; x_wconf 86' lang='lat' dir='ltr'><strong>Spiritus</strong></span> <span class='ocrx_word' id='word_1_410' title='bbox 1588 2675 1609 2711; x_wconf 91' lang='lat' dir='ltr'><strong>s.</strong></span> <span class='ocrx_word' id='word_1_411' title='bbox 1637 2655 1873 2722; x_wconf 78' lang='lat' dir='ltr'><strong>inhabitationem,</strong></span> 
     </span>
     <span class='ocr_line' id='line_1_29' title="bbox 173 2741 1874 2817; baseline -0.002 -20"><span class='ocrx_word' id='word_1_412' title='bbox 173 2743 308 2800; x_wconf 89' lang='lat' dir='ltr'><strong>subsistit.</strong></span> <span class='ocrx_word' id='word_1_413' title='bbox 344 2743 419 2815; x_wconf 86' lang='lat' dir='ltr'><strong>Ergo</strong></span> <span class='ocrx_word' id='word_1_414' title='bbox 437 2762 493 2799; x_wconf 92' lang='lat' dir='ltr'><strong>non</strong></span> <span class='ocrx_word' id='word_1_415' title='bbox 510 2750 553 2798; x_wconf 89' lang='lat' dir='ltr'><strong>est</strong></span> <span class='ocrx_word' id='word_1_416' title='bbox 571 2742 637 2798; x_wconf 88' lang='lat' dir='ltr'><strong>data</strong></span> <span class='ocrx_word' id='word_1_417' title='bbox 658 2741 711 2812; x_wconf 92' lang='lat' dir='ltr'><strong>ipsi</strong></span> <span class='ocrx_word' id='word_1_418' title='bbox 730 2741 903 2798; x_wconf 87' lang='lat' dir='ltr'><strong>humanitati.</strong></span> <span class='ocrx_word' id='word_1_419' title='bbox 940 2741 1010 2798; x_wconf 81' lang='lat' dir='ltr'><strong>Con·</strong></span> <span class='ocrx_word' id='word_1_420' title='bbox 1038 2744 1088 2802; x_wconf 89' lang='lat' dir='ltr'><strong>sed</strong></span> <span class='ocrx_word' id='word_1_421' title='bbox 1107 2744 1189 2800; x_wconf 91' lang='lat' dir='ltr'><strong>modo</strong></span> <span class='ocrx_word' id='word_1_422' title='bbox 1207 2744 1291 2817; x_wconf 87' lang='lat' dir='ltr'><strong>longe</strong></span> <span class='ocrx_word' id='word_1_423' title='bbox 1317 2743 1470 2799; x_wconf 89' lang='lat' dir='ltr'><strong>sublimiori</strong></span> <span class='ocrx_word' id='word_1_424' title='bbox 1495 2750 1609 2815; x_wconf 87' lang='lat' dir='ltr'><strong>propter</strong></span> <span class='ocrx_word' id='word_1_425' title='bbox 1633 2742 1811 2814; x_wconf 81' lang='lat' dir='ltr'><strong>personalem</strong></span> <span class='ocrx_word' id='word_1_426' title='bbox 1830 2741 1874 2796; x_wconf 90' lang='grc' dir='ltr'><strong>τοὺ</strong></span> 
     </span>
     <span class='ocr_line' id='line_1_30' title="bbox 173 2827 1873 2901; baseline 0.002 -16"><span class='ocrx_word' id='word_1_427' title='bbox 173 2829 290 2885; x_wconf 70' lang='lat' dir='ltr'><strong>manum</strong></span> <span class='ocrx_word' id='word_1_428' title='bbox 307 2830 400 2901; x_wconf 89' lang='lat' dir='ltr'><strong>potius</strong></span> <span class='ocrx_word' id='word_1_429' title='bbox 418 2829 600 2885; x_wconf 73' lang='lat' dir='ltr'><strong>miscendum.</strong></span> <span class='ocrx_word' id='word_1_430' title='bbox 636 2829 712 2900; x_wconf 70' lang='grc' dir='ltr'><strong>Ειςο</strong></span> <span class='ocrx_word' id='word_1_431' title='bbox 734 2829 801 2884; x_wconf 88' lang='lat' dir='ltr'><strong>data</strong></span> <span class='ocrx_word' id='word_1_432' title='bbox 820 2835 863 2885; x_wconf 90' lang='lat' dir='ltr'><strong>est</strong></span> <span class='ocrx_word' id='word_1_433' title='bbox 886 2828 939 2899; x_wconf 92' lang='lat' dir='ltr'><strong>ipsi</strong></span> <span class='ocrx_word' id='word_1_434' title='bbox 961 2828 1011 2883; x_wconf 92' lang='lat' dir='ltr'><strong>hu·</strong></span> <span class='ocrx_word' id='word_1_435' title='bbox 1038 2832 1136 2901; x_wconf 86' lang='grc' dir='ltr'><strong>Λόγοο</strong></span> <span class='ocrx_word' id='word_1_436' title='bbox 1155 2848 1219 2887; x_wconf 92' lang='lat' dir='ltr'><strong>cum</strong></span> <span class='ocrx_word' id='word_1_437' title='bbox 1237 2836 1297 2887; x_wconf 88' lang='lat' dir='ltr'><strong>tota</strong></span> <span class='ocrx_word' id='word_1_438' title='bbox 1316 2829 1428 2886; x_wconf 86' lang='lat' dir='ltr'><strong>deitatis</strong></span> <span class='ocrx_word' id='word_1_439' title='bbox 1446 2829 1622 2901; x_wconf 87' lang='lat' dir='ltr'><strong>plenitudine</strong></span> <span class='ocrx_word' id='word_1_440' title='bbox 1639 2827 1873 2889; x_wconf 71' lang='lat' dir='ltr'><strong>inhabitationem,</strong></span> 
     </span>
     <span class='ocr_line' id='line_1_31' title="bbox 173 2913 1874 2987; baseline -0.002 -16"><span class='ocrx_word' id='word_1_441' title='bbox 173 2915 318 2986; x_wconf 85' lang='lat' dir='ltr'><strong>manitsti,</strong></span> <span class='ocrx_word' id='word_1_442' title='bbox 345 2932 417 2987; x_wconf 87' lang='lat' dir='ltr'><strong>quae</strong></span> <span class='ocrx_word' id='word_1_443' title='bbox 442 2916 471 2969; x_wconf 91' lang='lat' dir='ltr'><strong>in</strong></span> <span class='ocrx_word' id='word_1_444' title='bbox 498 2914 649 2969; x_wconf 75' lang='grc' dir='ltr'><strong>ὑποστάσει</strong></span> <span class='ocrx_word' id='word_1_445' title='bbox 675 2919 725 2969; x_wconf 76' lang='grc' dir='ltr'><strong>τοῦ</strong></span> <span class='ocrx_word' id='word_1_446' title='bbox 748 2914 847 2986; x_wconf 80' lang='grc' dir='ltr'><strong>Λόγου</strong></span> <span class='ocrx_word' id='word_1_447' title='bbox 874 2913 1008 2972; x_wconf 90' lang='lat' dir='ltr'><strong>subsistit.</strong></span> <span class='ocrx_word' id='word_1_448' title='bbox 1038 2917 1101 2974; x_wconf 86' lang='lat' dir='ltr'><strong>Job.</strong></span> <span class='ocrx_word' id='word_1_449' title='bbox 1124 2924 1154 2987; x_wconf 90' lang='grc' dir='ltr'><strong>ι,</strong></span> <span class='ocrx_word' id='word_1_450' title='bbox 1185 2935 1211 2972; x_wconf 83' lang='grc' dir='ltr'><strong>ι.</strong></span> <span class='ocrx_word' id='word_1_451' title='bbox 1233 2922 1272 2973; x_wconf 91' lang='grc'><strong>14.</strong></span> <span class='ocrx_word' id='word_1_452' title='bbox 1307 2915 1365 2972; x_wconf 81' lang='lat' dir='ltr'><strong>Col</strong></span> <span class='ocrx_word' id='word_1_453' title='bbox 1386 2921 1418 2985; x_wconf 79' lang='grc' dir='ltr'><strong>ι,</strong></span> <span class='ocrx_word' id='word_1_454' title='bbox 1446 2933 1472 2970; x_wconf 81' lang='grc' dir='ltr'><strong>ι.</strong></span> <span class='ocrx_word' id='word_1_455' title='bbox 1497 2922 1531 2986; x_wconf 77' lang='lat' dir='ltr'><strong>a,</strong></span> <span class='ocrx_word' id='word_1_456' title='bbox 1559 2932 1614 2987; x_wconf 90' lang='lat' dir='ltr'><strong>quo</strong></span> <span class='ocrx_word' id='word_1_457' title='bbox 1637 2919 1771 2986; x_wconf 83' lang='lat' dir='ltr'><strong>respectu</strong></span> <span class='ocrx_word' id='word_1_458' title='bbox 1797 2913 1874 2969; x_wconf 81' lang='grc' dir='ltr'><strong>ιιιιιιι</strong></span> 
     </span>
     <span class='ocr_line' id='line_1_32' title="bbox 174 2998 1875 3076; baseline -0.001 -21"><span class='ocrx_word' id='word_1_459' title='bbox 174 3000 253 3057; x_wconf 82' lang='lat' dir='ltr'><strong>Cani.</strong></span> <span class='ocrx_word' id='word_1_460' title='bbox 271 3001 342 3075; x_wconf 86' lang='lat' dir='ltr'><strong>disp.</strong></span> <span class='ocrx_word' id='word_1_461' title='bbox 361 3007 385 3058; x_wconf 88' lang='grc'><strong>2.</strong></span> <span class='ocrx_word' id='word_1_462' title='bbox 403 3002 438 3056; x_wconf 90' lang='lat' dir='ltr'><strong>de</strong></span> <span class='ocrx_word' id='word_1_463' title='bbox 455 3001 527 3074; x_wconf 89' lang='lat' dir='ltr'><strong>glor.</strong></span> <span class='ocrx_word' id='word_1_464' title='bbox 546 3000 600 3057; x_wconf 90' lang='lat' dir='ltr'><strong>Dei</strong></span> <span class='ocrx_word' id='word_1_465' title='bbox 621 2998 649 3076; x_wconf 64' lang='grc' dir='ltr'><strong>ξ.</strong></span> <span class='ocrx_word' id='word_1_466' title='bbox 673 3006 712 3057; x_wconf 91' lang='grc'><strong>14.</strong></span> <span class='ocrx_word' id='word_1_467' title='bbox 1039 3022 1131 3059; x_wconf 85' lang='lat' dir='ltr'><strong>omues</strong></span> <span class='ocrx_word' id='word_1_468' title='bbox 1149 3005 1275 3059; x_wconf 79' lang='lat' dir='ltr'><strong>thesauri</strong></span> <span class='ocrx_word' id='word_1_469' title='bbox 1292 3004 1449 3075; x_wconf 75' lang='lat' dir='ltr'><strong>sapientias</strong></span> <span class='ocrx_word' id='word_1_470' title='bbox 1469 3011 1494 3058; x_wconf 87' lang='grc' dir='ltr'><strong>ιι</strong></span> <span class='ocrx_word' id='word_1_471' title='bbox 1512 3005 1646 3058; x_wconf 82' lang='lat' dir='ltr'><strong>scientiae</strong></span> <span class='ocrx_word' id='word_1_472' title='bbox 1662 3002 1729 3072; x_wconf 84' lang='lat' dir='ltr'><strong>ipso</strong></span> <span class='ocrx_word' id='word_1_473' title='bbox 1747 3002 1875 3056; x_wconf 76' lang='grc' dir='ltr'><strong>ιιίοιιιιιιι</strong></span> 
     </span>
     <span class='ocr_line' id='line_1_33' title="bbox 102 3085 1875 3159; baseline -0.003 -14"><span class='ocrx_word' id='word_1_474' title='bbox 102 3085 103 3089; x_wconf 60' lang='grc'>’</span> <span class='ocrx_word' id='word_1_475' title='bbox 1037 3091 1177 3145; x_wconf 80' lang='lat' dir='ltr'><strong>reconditi</strong></span> <span class='ocrx_word' id='word_1_476' title='bbox 1194 3089 1251 3146; x_wconf 86' lang='lat' dir='ltr'><strong>Col.</strong></span> <span class='ocrx_word' id='word_1_477' title='bbox 1265 3097 1289 3159; x_wconf 90' lang='grc'><strong>2,</strong></span> <span class='ocrx_word' id='word_1_478' title='bbox 1307 3109 1334 3145; x_wconf 87' lang='lat' dir='ltr'><strong>v.</strong></span> <span class='ocrx_word' id='word_1_479' title='bbox 1349 3097 1373 3146; x_wconf 88' lang='lat'><strong>3.</strong></span> <span class='ocrx_word' id='word_1_480' title='bbox 1399 3096 1423 3145; x_wconf 92' lang='grc'><strong>4.</strong></span> <span class='ocrx_word' id='word_1_481' title='bbox 1442 3088 1717 3146; x_wconf 75' lang='lat' dir='ltr'><strong>communicatorum</strong></span> <span class='ocrx_word' id='word_1_482' title='bbox 1732 3085 1875 3157; x_wconf 82' lang='lat' dir='ltr'><strong>usurpatio</strong></span> 
     </span>
     <span class='ocr_line' id='line_1_34' title="bbox 208 3171 1874 3249; baseline -0.002 -19"><span class='ocrx_word' id='word_1_483' title='bbox 208 3179 265 3230; x_wconf 80' lang='grc'>269.</span> <span class='ocrx_word' id='word_1_484' title='bbox 302 3179 325 3228; x_wconf 93' lang='grc'><strong>2.</strong></span> <span class='ocrx_word' id='word_1_485' title='bbox 346 3172 400 3229; x_wconf 84' lang='grc' dir='ltr'><strong>Ριι</strong></span> <span class='ocrx_word' id='word_1_486' title='bbox 419 3171 588 3228; x_wconf 86' lang='lat' dir='ltr'><strong>calumniam</strong></span> <span class='ocrx_word' id='word_1_487' title='bbox 606 3172 687 3228; x_wconf 92' lang='lat' dir='ltr'><strong>uobis</strong></span> <span class='ocrx_word' id='word_1_488' title='bbox 706 3171 846 3242; x_wconf 89' lang='lat' dir='ltr'><strong>tribuunt,</strong></span> <span class='ocrx_word' id='word_1_489' title='bbox 865 3172 941 3244; x_wconf 86' lang='lat' dir='ltr'><strong>quod</strong></span> <span class='ocrx_word' id='word_1_490' title='bbox 960 3188 1011 3243; x_wconf 90' lang='lat' dir='ltr'><strong>per</strong></span> <span class='ocrx_word' id='word_1_491' title='bbox 1037 3177 1238 3249; x_wconf 74' lang='lat' dir='ltr'><strong>praesupponit</strong></span> <span class='ocrx_word' id='word_1_492' title='bbox 1247 3176 1305 3233; x_wconf 82' lang='lat' dir='ltr'><strong>sive</strong></span> <span class='ocrx_word' id='word_1_493' title='bbox 1312 3175 1496 3249; x_wconf 86' lang='lat' dir='ltr'><strong>praerequirit</strong></span> <span class='ocrx_word' id='word_1_494' title='bbox 1508 3173 1796 3231; x_wconf 75' lang='lat' dir='ltr'><strong>communicationem,</strong></span> <span class='ocrx_word' id='word_1_495' title='bbox 1816 3172 1874 3228; x_wconf 81' lang='lat' dir='ltr'><strong>dam</strong></span> 
     </span>
     <span class='ocr_line' id='line_1_35' title="bbox 173 3257 1874 3329; baseline -0.001 -15"><span class='ocrx_word' id='word_1_496' title='bbox 173 3261 244 3314; x_wconf 73' lang='lat' dir='ltr'><strong>tarso</strong></span> <span class='ocrx_word' id='word_1_497' title='bbox 263 3269 389 3314; x_wconf 74' lang='lat' dir='ltr'><strong>cosmam</strong></span> <span class='ocrx_word' id='word_1_498' title='bbox 407 3262 442 3314; x_wconf 81' lang='lat' dir='ltr'><strong>ds</strong></span> <span class='ocrx_word' id='word_1_499' title='bbox 460 3260 544 3312; x_wconf 83' lang='lat' dir='ltr'><strong>domis</strong></span> <span class='ocrx_word' id='word_1_500' title='bbox 561 3259 678 3329; x_wconf 78' lang='lat' dir='ltr'><strong>infinitis</strong></span> <span class='ocrx_word' id='word_1_501' title='bbox 692 3259 803 3314; x_wconf 69' lang='lat' dir='ltr'><strong>Chresto</strong></span> <span class='ocrx_word' id='word_1_502' title='bbox 822 3259 929 3313; x_wconf 76' lang='lat' dir='ltr'><strong>domiai</strong></span> <span class='ocrx_word' id='word_1_503' title='bbox 939 3277 1011 3314; x_wconf 90' lang='lat' dir='ltr'><strong>eom·</strong></span> <span class='ocrx_word' id='word_1_504' title='bbox 1037 3279 1102 3320; x_wconf 86' lang='lat' dir='ltr'><strong>vero</strong></span> <span class='ocrx_word' id='word_1_505' title='bbox 1120 3262 1246 3319; x_wconf 82' lang='lat' dir='ltr'><strong>christus</strong></span> <span class='ocrx_word' id='word_1_506' title='bbox 1265 3268 1330 3317; x_wconf 84' lang='lat' dir='ltr'><strong>ante</strong></span> <span class='ocrx_word' id='word_1_507' title='bbox 1347 3279 1425 3318; x_wconf 89' lang='lat' dir='ltr'><strong>suam</strong></span> <span class='ocrx_word' id='word_1_508' title='bbox 1443 3261 1638 3318; x_wconf 84' lang='lat' dir='ltr'><strong>exaltationem</strong></span> <span class='ocrx_word' id='word_1_509' title='bbox 1655 3261 1686 3315; x_wconf 88' lang='lat' dir='ltr'><strong>in</strong></span> <span class='ocrx_word' id='word_1_510' title='bbox 1703 3259 1799 3316; x_wconf 88' lang='lat' dir='ltr'><strong>medio</strong></span> <span class='ocrx_word' id='word_1_511' title='bbox 1823 3257 1874 3313; x_wconf 85' lang='lat' dir='ltr'><strong>cxi·</strong></span> 
     </span>
     <span class='ocr_line' id='line_1_36' title="bbox 173 3345 1874 3420; baseline 0.001 -20"><span class='ocrx_word' id='word_1_512' title='bbox 173 3348 323 3401; x_wconf 73' lang='lat' dir='ltr'><strong>mimicatis</strong></span> <span class='ocrx_word' id='word_1_513' title='bbox 359 3347 518 3401; x_wconf 77' lang='lat' dir='ltr'><strong>doctrinam</strong></span> <span class='ocrx_word' id='word_1_514' title='bbox 557 3345 768 3400; x_wconf 81' lang='lat' dir='ltr'><strong>introducamus</strong></span> <span class='ocrx_word' id='word_1_515' title='bbox 803 3345 1012 3414; x_wconf 65' lang='lat' dir='ltr'><strong>Eutychiaaam</strong></span> <span class='ocrx_word' id='word_1_516' title='bbox 1037 3350 1187 3407; x_wconf 78' lang='lat' dir='ltr'><strong>nanitionis</strong></span> <span class='ocrx_word' id='word_1_517' title='bbox 1205 3355 1281 3418; x_wconf 81' lang='lat' dir='ltr'><strong>stetu</strong></span> <span class='ocrx_word' id='word_1_518' title='bbox 1301 3348 1393 3406; x_wconf 81' lang='lat' dir='ltr'><strong>radios</strong></span> <span class='ocrx_word' id='word_1_519' title='bbox 1412 3349 1522 3405; x_wconf 83' lang='lat' dir='ltr'><strong>divinae</strong></span> <span class='ocrx_word' id='word_1_520' title='bbox 1541 3347 1698 3420; x_wconf 84' lang='lat' dir='ltr'><strong>majestatis</strong></span> <span class='ocrx_word' id='word_1_521' title='bbox 1725 3346 1782 3403; x_wconf 91' lang='lat' dir='ltr'><strong>sibi</strong></span> <span class='ocrx_word' id='word_1_522' title='bbox 1808 3360 1874 3401; x_wconf 83' lang='lat' dir='ltr'><strong>com·</strong></span> 
     </span>
     <span class='ocr_line' id='line_1_37' title="bbox 172 3430 1872 3506; baseline -0.001 -20"><span class='ocrx_word' id='word_1_523' title='bbox 172 3441 341 3488; x_wconf 74' lang='lat' dir='ltr'><strong>maturanum</strong></span> <span class='ocrx_word' id='word_1_524' title='bbox 367 3431 577 3500; x_wconf 57' lang='lat' dir='ltr'><strong>suffusionem,</strong></span> <span class='ocrx_word' id='word_1_525' title='bbox 602 3434 753 3486; x_wconf 74' lang='lat' dir='ltr'><strong>eammdem</strong></span> <span class='ocrx_word' id='word_1_526' title='bbox 776 3433 1010 3502; x_wconf 61' lang='lat' dir='ltr'><strong>auspicatissimo,</strong></span> <span class='ocrx_word' id='word_1_527' title='bbox 1037 3437 1194 3492; x_wconf 81' lang='lat' dir='ltr'><strong>manicatae</strong></span> <span class='ocrx_word' id='word_1_528' title='bbox 1213 3436 1334 3493; x_wconf 87' lang='lat' dir='ltr'><strong>exseruit</strong></span> <span class='ocrx_word' id='word_1_529' title='bbox 1355 3435 1384 3490; x_wconf 92' lang='lat' dir='ltr'><strong>in</strong></span> <span class='ocrx_word' id='word_1_530' title='bbox 1412 3435 1582 3491; x_wconf 89' lang='lat' dir='ltr'><strong>occultarum</strong></span> <span class='ocrx_word' id='word_1_531' title='bbox 1608 3432 1815 3506; x_wconf 78' lang='lat' dir='ltr'><strong>cogitationum</strong></span> <span class='ocrx_word' id='word_1_532' title='bbox 1837 3430 1872 3484; x_wconf 88' lang='lat' dir='ltr'><strong>in-</strong></span> 
     </span>
     <span class='ocr_line' id='line_1_38' title="bbox 172 3517 1874 3593; baseline -0.001 -22"><span class='ocrx_word' id='word_1_533' title='bbox 172 3518 310 3572; x_wconf 75' lang='lat' dir='ltr'><strong>humanae</strong></span> <span class='ocrx_word' id='word_1_534' title='bbox 327 3526 447 3572; x_wconf 79' lang='lat' dir='ltr'><strong>naturae</strong></span> <span class='ocrx_word' id='word_1_535' title='bbox 470 3517 663 3582; x_wconf 78' lang='lat' dir='ltr'><strong>abolitionem,</strong></span> <span class='ocrx_word' id='word_1_536' title='bbox 688 3517 763 3588; x_wconf 91' lang='lat' dir='ltr'><strong>qnod</strong></span> <span class='ocrx_word' id='word_1_537' title='bbox 780 3523 935 3574; x_wconf 87' lang='lat' dir='ltr'><strong>statuamus</strong></span> <span class='ocrx_word' id='word_1_538' title='bbox 960 3520 1011 3572; x_wconf 86' lang='lat' dir='ltr'><strong>du·</strong></span> <span class='ocrx_word' id='word_1_539' title='bbox 1037 3522 1197 3593; x_wconf 90' lang='lat' dir='ltr'><strong>spectione,</strong></span> <span class='ocrx_word' id='word_1_540' title='bbox 1227 3523 1383 3578; x_wconf 79' lang='lat' dir='ltr'><strong>divinorum</strong></span> <span class='ocrx_word' id='word_1_541' title='bbox 1412 3520 1608 3577; x_wconf 89' lang='lat' dir='ltr'><strong>miraculorum</strong></span> <span class='ocrx_word' id='word_1_542' title='bbox 1638 3519 1819 3590; x_wconf 87' lang='lat' dir='ltr'><strong>operatione,</strong></span> <span class='ocrx_word' id='word_1_543' title='bbox 1848 3517 1874 3570; x_wconf 88' lang='lat' dir='ltr'><strong>in</strong></span> 
     </span>
     <span class='ocr_line' id='line_1_39' title="bbox 168 3604 1873 3680; baseline 0.002 -23"><span class='ocrx_word' id='word_1_544' title='bbox 168 3604 273 3672; x_wconf 81' lang='lat' dir='ltr'><strong>plicam</strong></span> <span class='ocrx_word' id='word_1_545' title='bbox 311 3605 556 3674; x_wconf 79' lang='lat' dir='ltr'><strong>omnipotentiam,</strong></span> <span class='ocrx_word' id='word_1_546' title='bbox 597 3604 737 3673; x_wconf 82' lang='lat' dir='ltr'><strong>duplicem</strong></span> <span class='ocrx_word' id='word_1_547' title='bbox 784 3605 1011 3673; x_wconf 79' lang='lat' dir='ltr'><strong>omaiscimtiam,</strong></span> <span class='ocrx_word' id='word_1_548' title='bbox 1037 3607 1296 3680; x_wconf 71' lang='lat' dir='ltr'><strong>bansfigurutione,</strong></span> <span class='ocrx_word' id='word_1_549' title='bbox 1327 3606 1356 3662; x_wconf 89' lang='lat' dir='ltr'><strong>in</strong></span> <span class='ocrx_word' id='word_1_550' title='bbox 1384 3605 1568 3663; x_wconf 85' lang='lat' dir='ltr'><strong>eucharistiae</strong></span> <span class='ocrx_word' id='word_1_551' title='bbox 1594 3604 1791 3673; x_wconf 84' lang='lat' dir='ltr'><strong>institutione,</strong></span> <span class='ocrx_word' id='word_1_552' title='bbox 1818 3609 1873 3671; x_wconf 70' lang='lat' dir='ltr'><strong>eta,</strong></span> 
     </span>
     <span class='ocr_line' id='line_1_40' title="bbox 173 3690 1874 3766; baseline 0 -22"><span class='ocrx_word' id='word_1_553' title='bbox 173 3693 300 3759; x_wconf 81' lang='lat' dir='ltr'><strong>adeoque</strong></span> <span class='ocrx_word' id='word_1_554' title='bbox 317 3691 458 3760; x_wconf 83' lang='lat' dir='ltr'><strong>duplicem</strong></span> <span class='ocrx_word' id='word_1_555' title='bbox 477 3692 666 3755; x_wconf 80' lang='lat' dir='ltr'><strong>divinitatem,</strong></span> <span class='ocrx_word' id='word_1_556' title='bbox 688 3697 739 3746; x_wconf 87' lang='lat' dir='ltr'><strong>etc.</strong></span> <span class='ocrx_word' id='word_1_557' title='bbox 775 3690 831 3747; x_wconf 86' lang='lat' dir='ltr'><strong>Sed</strong></span> <span class='ocrx_word' id='word_1_558' title='bbox 849 3691 902 3747; x_wconf 90' lang='lat' dir='ltr'><strong>hae</strong></span> <span class='ocrx_word' id='word_1_559' title='bbox 921 3708 956 3746; x_wconf 92' lang='lat' dir='ltr'><strong>ac</strong></span> <span class='ocrx_word' id='word_1_560' title='bbox 976 3691 1010 3745; x_wconf 90' lang='lat' dir='ltr'><strong>si·</strong></span> <span class='ocrx_word' id='word_1_561' title='bbox 1038 3694 1111 3750; x_wconf 91' lang='lat' dir='ltr'><strong>unde</strong></span> <span class='ocrx_word' id='word_1_562' title='bbox 1127 3701 1192 3766; x_wconf 89' lang='lat' dir='ltr'><strong>post</strong></span> <span class='ocrx_word' id='word_1_563' title='bbox 1210 3693 1378 3766; x_wconf 88' lang='lat' dir='ltr'><strong>baptismum</strong></span> <span class='ocrx_word' id='word_1_564' title='bbox 1396 3694 1425 3749; x_wconf 89' lang='lat' dir='ltr'><strong>in</strong></span> <span class='ocrx_word' id='word_1_565' title='bbox 1442 3692 1567 3749; x_wconf 65' lang='lat' dir='ltr'><strong>«Iordane</strong></span> <span class='ocrx_word' id='word_1_566' title='bbox 1590 3696 1755 3762; x_wconf 81' lang='lat' dir='ltr'><strong>arsceptum</strong></span> <span class='ocrx_word' id='word_1_567' title='bbox 1775 3691 1874 3761; x_wconf 79' lang='lat' dir='ltr'><strong>plemss</strong></span> 
     </span>
     <span class='ocr_line' id='line_1_41' title="bbox 173 3775 1875 3852; baseline 0 -23"><span class='ocrx_word' id='word_1_568' title='bbox 173 3776 252 3830; x_wconf 91' lang='lat' dir='ltr'><strong>miles</strong></span> <span class='ocrx_word' id='word_1_569' title='bbox 280 3775 479 3831; x_wconf 82' lang='lat' dir='ltr'><strong>calumniarum</strong></span> <span class='ocrx_word' id='word_1_570' title='bbox 503 3776 621 3832; x_wconf 88' lang='lat' dir='ltr'><strong>nebulae</strong></span> <span class='ocrx_word' id='word_1_571' title='bbox 650 3776 707 3832; x_wconf 92' lang='lat' dir='ltr'><strong>sole</strong></span> <span class='ocrx_word' id='word_1_572' title='bbox 733 3777 879 3846; x_wconf 87' lang='lat' dir='ltr'><strong>veritatis,</strong></span> <span class='ocrx_word' id='word_1_573' title='bbox 915 3777 945 3831; x_wconf 87' lang='lat' dir='ltr'><strong>id</strong></span> <span class='ocrx_word' id='word_1_574' title='bbox 970 3783 1013 3832; x_wconf 89' lang='lat' dir='ltr'><strong>est</strong></span> <span class='ocrx_word' id='word_1_575' title='bbox 1039 3780 1188 3850; x_wconf 76' lang='lat' dir='ltr'><strong>Spiritus.</strong></span> <span class='ocrx_word' id='word_1_576' title='bbox 1208 3801 1226 3837; x_wconf 92' lang='lat' dir='ltr'><strong>a</strong></span> <span class='ocrx_word' id='word_1_577' title='bbox 1245 3782 1377 3835; x_wconf 81' lang='lat' dir='ltr'><strong>Jordaae</strong></span> <span class='ocrx_word' id='word_1_578' title='bbox 1394 3795 1537 3852; x_wconf 87' lang='lat' dir='ltr'><strong>regressus</strong></span> <span class='ocrx_word' id='word_1_579' title='bbox 1555 3777 1659 3833; x_wconf 89' lang='lat' dir='ltr'><strong>dicitur</strong></span> <span class='ocrx_word' id='word_1_580' title='bbox 1677 3776 1748 3833; x_wconf 91' lang='lat' dir='ltr'><strong>Luc.</strong></span> <span class='ocrx_word' id='word_1_581' title='bbox 1771 3782 1795 3845; x_wconf 92' lang='grc'><strong>4,</strong></span> <span class='ocrx_word' id='word_1_582' title='bbox 1812 3794 1837 3829; x_wconf 81' lang='lat' dir='ltr'><strong>v.</strong></span> <span class='ocrx_word' id='word_1_583' title='bbox 1854 3782 1875 3842; x_wconf 92' lang='grc' dir='ltr'><strong>ι,</strong></span> 
     </span>
     <span class='ocr_line' id='line_1_42' title="bbox 173 3861 1874 3939; baseline -0.001 -23"><span class='ocrx_word' id='word_1_584' title='bbox 173 3862 279 3917; x_wconf 87' lang='lat' dir='ltr'><strong>diserta</strong></span> <span class='ocrx_word' id='word_1_585' title='bbox 299 3861 500 3933; x_wconf 40' lang='lat' dir='ltr'><strong>et-perspicua</strong></span> <span class='ocrx_word' id='word_1_586' title='bbox 526 3863 680 3939; x_wconf 82' lang='lat' dir='ltr'><strong>sententiae</strong></span> <span class='ocrx_word' id='word_1_587' title='bbox 703 3867 813 3918; x_wconf 88' lang='lat' dir='ltr'><strong>nostrae</strong></span> <span class='ocrx_word' id='word_1_588' title='bbox 832 3863 1011 3933; x_wconf 85' lang='lat' dir='ltr'><strong>expositione,</strong></span> <span class='ocrx_word' id='word_1_589' title='bbox 1038 3867 1141 3938; x_wconf 87' lang='lat' dir='ltr'><strong>quippe</strong></span> <span class='ocrx_word' id='word_1_590' title='bbox 1159 3865 1207 3938; x_wconf 91' lang='lat' dir='ltr'><strong>qui</strong></span> <span class='ocrx_word' id='word_1_591' title='bbox 1225 3866 1254 3920; x_wconf 91' lang='lat' dir='ltr'><strong>iu</strong></span> <span class='ocrx_word' id='word_1_592' title='bbox 1272 3866 1409 3937; x_wconf 90' lang='lat' dir='ltr'><strong>baptismo</strong></span> <span class='ocrx_word' id='word_1_593' title='bbox 1429 3882 1485 3920; x_wconf 89' lang='lat' dir='ltr'><strong>non</strong></span> <span class='ocrx_word' id='word_1_594' title='bbox 1502 3863 1590 3920; x_wconf 89' lang='lat' dir='ltr'><strong>solum</strong></span> <span class='ocrx_word' id='word_1_595' title='bbox 1608 3880 1695 3935; x_wconf 88' lang='lat' dir='ltr'><strong>super</strong></span> <span class='ocrx_word' id='word_1_596' title='bbox 1720 3863 1815 3934; x_wconf 70' lang='lat' dir='ltr'><strong>ipsum</strong></span> <span class='ocrx_word' id='word_1_597' title='bbox 1832 3863 1874 3914; x_wconf 75' lang='lat' dir='ltr'><strong>de</strong></span> 
     </span>
     <span class='ocr_line' id='line_1_43' title="bbox 172 3947 1874 4022; baseline 0 -20"><span class='ocrx_word' id='word_1_598' title='bbox 172 3948 268 4003; x_wconf 80' lang='lat' dir='ltr'><strong>statim</strong></span> <span class='ocrx_word' id='word_1_599' title='bbox 287 3947 482 4003; x_wconf 80' lang='lat' dir='ltr'><strong>dissolvuntur.</strong></span> <span class='ocrx_word' id='word_1_600' title='bbox 517 3948 649 4004; x_wconf 88' lang='lat' dir='ltr'><strong>Bucunus</strong></span> <span class='ocrx_word' id='word_1_601' title='bbox 668 3948 697 4002; x_wconf 93' lang='lat' dir='ltr'><strong>in</strong></span> <span class='ocrx_word' id='word_1_602' title='bbox 718 3948 786 4003; x_wconf 93' lang='lat' dir='ltr'><strong>locis</strong></span> <span class='ocrx_word' id='word_1_603' title='bbox 805 3966 831 4019; x_wconf 88' lang='lat' dir='ltr'><strong>p.</strong></span> <span class='ocrx_word' id='word_1_604' title='bbox 853 3956 893 4005; x_wconf 79' lang='grc' dir='ltr'><strong>ιι.</strong></span> <span class='ocrx_word' id='word_1_605' title='bbox 922 3947 1011 4019; x_wconf 84' lang='lat' dir='ltr'><strong>Euty·</strong></span> <span class='ocrx_word' id='word_1_606' title='bbox 1037 3955 1191 4022; x_wconf 80' lang='lat' dir='ltr'><strong>scmderat,</strong></span> <span class='ocrx_word' id='word_1_607' title='bbox 1209 3953 1278 4008; x_wconf 89' lang='lat' dir='ltr'><strong>Luc.</strong></span> <span class='ocrx_word' id='word_1_608' title='bbox 1298 3958 1322 4022; x_wconf 82' lang='grc' dir='ltr'><strong>ι,</strong></span> <span class='ocrx_word' id='word_1_609' title='bbox 1340 3970 1366 4006; x_wconf 84' lang='lat' dir='ltr'><strong>v.</strong></span> <span class='ocrx_word' id='word_1_610' title='bbox 1384 3958 1426 4022; x_wconf 80' lang='lat'><strong>22,</strong></span> <span class='ocrx_word' id='word_1_611' title='bbox 1443 3953 1493 4006; x_wconf 88' lang='lat' dir='ltr'><strong>sed</strong></span> <span class='ocrx_word' id='word_1_612' title='bbox 1512 3950 1595 4006; x_wconf 90' lang='lat' dir='ltr'><strong>etiam</strong></span> <span class='ocrx_word' id='word_1_613' title='bbox 1613 3955 1753 4020; x_wconf 86' lang='lat' dir='ltr'><strong>perpetuo</strong></span> <span class='ocrx_word' id='word_1_614' title='bbox 1772 3965 1874 4003; x_wconf 78' lang='lat' dir='ltr'><strong>masas</strong></span> 
     </span>
     <span class='ocr_line' id='line_1_44' title="bbox 172 4032 1875 4108; baseline 0.002 -21"><span class='ocrx_word' id='word_1_615' title='bbox 172 4032 260 4088; x_wconf 89' lang='lat' dir='ltr'><strong>chetis</strong></span> <span class='ocrx_word' id='word_1_616' title='bbox 277 4033 404 4089; x_wconf 87' lang='lat' dir='ltr'><strong>haeresin</strong></span> <span class='ocrx_word' id='word_1_617' title='bbox 424 4033 464 4090; x_wconf 91' lang='lat' dir='ltr'><strong>sic</strong></span> <span class='ocrx_word' id='word_1_618' title='bbox 483 4033 624 4098; x_wconf 89' lang='lat' dir='ltr'><strong>describit,</strong></span> <span class='ocrx_word' id='word_1_619' title='bbox 642 4035 717 4106; x_wconf 89' lang='lat' dir='ltr'><strong>quod</strong></span> <span class='ocrx_word' id='word_1_620' title='bbox 736 4033 861 4088; x_wconf 90' lang='lat' dir='ltr'><strong>docuerit</strong></span> <span class='ocrx_word' id='word_1_621' title='bbox 878 4041 1011 4087; x_wconf 79' lang='lat' dir='ltr'><strong>maturam</strong></span> <span class='ocrx_word' id='word_1_622' title='bbox 1037 4047 1099 4108; x_wconf 86' lang='lat' dir='ltr'><strong>rot,</strong></span> <span class='ocrx_word' id='word_1_623' title='bbox 1116 4037 1179 4095; x_wconf 87' lang='lat' dir='ltr'><strong>Joh.</strong></span> <span class='ocrx_word' id='word_1_624' title='bbox 1203 4045 1233 4107; x_wconf 86' lang='lat'><strong>1,</strong></span> <span class='ocrx_word' id='word_1_625' title='bbox 1255 4057 1280 4092; x_wconf 84' lang='lat' dir='ltr'><strong>v.</strong></span> <span class='ocrx_word' id='word_1_626' title='bbox 1302 4044 1325 4093; x_wconf 90' lang='grc'><strong>3.</strong></span> <span class='ocrx_word' id='word_1_627' title='bbox 1362 4038 1493 4094; x_wconf 87' lang='lat' dir='ltr'><strong>Plenaria</strong></span> <span class='ocrx_word' id='word_1_628' title='bbox 1511 4035 1782 4092; x_wconf 89' lang='lat' dir='ltr'><strong>communicatorum</strong></span> <span class='ocrx_word' id='word_1_629' title='bbox 1800 4052 1875 4090; x_wconf 89' lang='lat' dir='ltr'><strong>usur·</strong></span> 
     </span>
     <span class='ocr_line' id='line_1_45' title="bbox 174 4118 1875 4195; baseline -0.001 -21"><span class='ocrx_word' id='word_1_630' title='bbox 174 4118 280 4174; x_wconf 65' lang='lat' dir='ltr'><strong>Chremi</strong></span> <span class='ocrx_word' id='word_1_631' title='bbox 296 4120 447 4173; x_wconf 77' lang='lat' dir='ltr'><strong>humanam</strong></span> <span class='ocrx_word' id='word_1_632' title='bbox 461 4128 529 4189; x_wconf 88' lang='lat' dir='ltr'><strong>post</strong></span> <span class='ocrx_word' id='word_1_633' title='bbox 551 4121 680 4173; x_wconf 77' lang='lat' dir='ltr'><strong>ursionem</strong></span> <span class='ocrx_word' id='word_1_634' title='bbox 705 4121 840 4174; x_wconf 81' lang='lat' dir='ltr'><strong>donatam</strong></span> <span class='ocrx_word' id='word_1_635' title='bbox 867 4134 923 4172; x_wconf 82' lang='lat' dir='ltr'><strong>esse</strong></span> <span class='ocrx_word' id='word_1_636' title='bbox 944 4135 1010 4187; x_wconf 87' lang='lat' dir='ltr'><strong>pro·</strong></span> <span class='ocrx_word' id='word_1_637' title='bbox 1037 4125 1113 4194; x_wconf 69' lang='lat' dir='ltr'><strong>patio</strong></span> <span class='ocrx_word' id='word_1_638' title='bbox 1132 4130 1228 4180; x_wconf 70' lang='lat' dir='ltr'><strong>secuta</strong></span> <span class='ocrx_word' id='word_1_639' title='bbox 1248 4126 1358 4180; x_wconf 73' lang='lat' dir='ltr'><strong>demum</strong></span> <span class='ocrx_word' id='word_1_640' title='bbox 1384 4130 1427 4180; x_wconf 78' lang='lat' dir='ltr'><strong>est</strong></span> <span class='ocrx_word' id='word_1_641' title='bbox 1450 4123 1479 4177; x_wconf 87' lang='lat' dir='ltr'><strong>in</strong></span> <span class='ocrx_word' id='word_1_642' title='bbox 1502 4122 1624 4195; x_wconf 82' lang='lat' dir='ltr'><strong>gloriosa</strong></span> <span class='ocrx_word' id='word_1_643' title='bbox 1643 4120 1749 4176; x_wconf 83' lang='lat' dir='ltr'><strong>Christi</strong></span> <span class='ocrx_word' id='word_1_644' title='bbox 1775 4121 1875 4178; x_wconf 81' lang='lat' dir='ltr'><strong>exalta·</strong></span> 
     </span>
     <span class='ocr_line' id='line_1_46' title="bbox 171 4203 1876 4281; baseline 0 -22"><span class='ocrx_word' id='word_1_645' title='bbox 171 4206 340 4274; x_wconf 76' lang='lat' dir='ltr'><strong>primatibus</strong></span> <span class='ocrx_word' id='word_1_646' title='bbox 365 4206 540 4274; x_wconf 73' lang='lat' dir='ltr'><strong>diuinitatis5</strong></span> <span class='ocrx_word' id='word_1_647' title='bbox 564 4204 694 4259; x_wconf 91' lang='lat' dir='ltr'><strong>nimirum</strong></span> <span class='ocrx_word' id='word_1_648' title='bbox 722 4211 753 4259; x_wconf 92' lang='lat' dir='ltr'><strong>ut</strong></span> <span class='ocrx_word' id='word_1_649' title='bbox 774 4203 866 4275; x_wconf 90' lang='lat' dir='ltr'><strong>specie</strong></span> <span class='ocrx_word' id='word_1_650' title='bbox 888 4204 1010 4276; x_wconf 88' lang='lat' dir='ltr'><strong>quadam</strong></span> <span class='ocrx_word' id='word_1_651' title='bbox 1036 4211 1130 4279; x_wconf 86' lang='lat' dir='ltr'><strong>tione,</strong></span> <span class='ocrx_word' id='word_1_652' title='bbox 1156 4209 1223 4281; x_wconf 89' lang='lat' dir='ltr'><strong>quia</strong></span> <span class='ocrx_word' id='word_1_653' title='bbox 1241 4209 1365 4266; x_wconf 83' lang='lat' dir='ltr'><strong>Christus</strong></span> <span class='ocrx_word' id='word_1_654' title='bbox 1383 4209 1411 4263; x_wconf 93' lang='lat' dir='ltr'><strong>in</strong></span> <span class='ocrx_word' id='word_1_655' title='bbox 1438 4206 1536 4264; x_wconf 90' lang='lat' dir='ltr'><strong>diebus</strong></span> <span class='ocrx_word' id='word_1_656' title='bbox 1560 4207 1652 4263; x_wconf 89' lang='lat' dir='ltr'><strong>camis</strong></span> <span class='ocrx_word' id='word_1_657' title='bbox 1678 4205 1833 4280; x_wconf 89' lang='lat' dir='ltr'><strong>gloriosam</strong></span> <span class='ocrx_word' id='word_1_658' title='bbox 1851 4212 1876 4259; x_wconf 87' lang='lat' dir='ltr'><strong>et</strong></span> 
     </span>
     <span class='ocr_line' id='line_1_47' title="bbox 171 4288 1875 4367; baseline 0.002 -20"><span class='ocrx_word' id='word_1_659' title='bbox 171 4297 286 4362; x_wconf 86' lang='lat' dir='ltr'><strong>propter</strong></span> <span class='ocrx_word' id='word_1_660' title='bbox 316 4290 470 4346; x_wconf 88' lang='lat' dir='ltr'><strong>doctrinam</strong></span> <span class='ocrx_word' id='word_1_661' title='bbox 507 4291 543 4347; x_wconf 89' lang='lat' dir='ltr'><strong>de</strong></span> <span class='ocrx_word' id='word_1_662' title='bbox 574 4289 821 4346; x_wconf 90' lang='lat' dir='ltr'><strong>communicatione</strong></span> <span class='ocrx_word' id='word_1_663' title='bbox 855 4288 1010 4349; x_wconf 79' lang='lat' dir='ltr'><strong>divinorum</strong></span> <span class='ocrx_word' id='word_1_664' title='bbox 1038 4296 1158 4351; x_wconf 72' lang='lat' dir='ltr'><strong>divinam</strong></span> <span class='ocrx_word' id='word_1_665' title='bbox 1184 4295 1357 4367; x_wconf 76' lang='lat' dir='ltr'><strong>majestatem</strong></span> <span class='ocrx_word' id='word_1_666' title='bbox 1383 4311 1434 4366; x_wconf 88' lang='lat' dir='ltr'><strong>per</strong></span> <span class='ocrx_word' id='word_1_667' title='bbox 1461 4294 1596 4349; x_wconf 84' lang='lat' dir='ltr'><strong>unitatem</strong></span> <span class='ocrx_word' id='word_1_668' title='bbox 1624 4293 1806 4365; x_wconf 81' lang='lat' dir='ltr'><strong>personalem</strong></span> <span class='ocrx_word' id='word_1_669' title='bbox 1827 4290 1875 4346; x_wconf 78' lang='lat' dir='ltr'><strong>ubi</strong></span> 
     </span>
     <span class='ocr_line' id='line_1_48' title="bbox 172 4367 1874 4450; baseline 0 -19"><span class='ocrx_word' id='word_1_670' title='bbox 172 4375 336 4432; x_wconf 88' lang='lat' dir='ltr'><strong>idiomatum</strong></span> <span class='ocrx_word' id='word_1_671' title='bbox 353 4375 576 4448; x_wconf 84' lang='lat' dir='ltr'><strong>Eutycbiuntsmi</strong></span> <span class='ocrx_word' id='word_1_672' title='bbox 596 4392 647 4431; x_wconf 91' lang='lat' dir='ltr'><strong>uos</strong></span> <span class='ocrx_word' id='word_1_673' title='bbox 665 4392 727 4432; x_wconf 89' lang='lat' dir='ltr'><strong>reos</strong></span> <span class='ocrx_word' id='word_1_674' title='bbox 744 4391 828 4448; x_wconf 89' lang='lat' dir='ltr'><strong>agere</strong></span> <span class='ocrx_word' id='word_1_675' title='bbox 845 4375 941 4446; x_wconf 87' lang='lat' dir='ltr'><strong>possit,</strong></span> <span class='ocrx_word' id='word_1_676' title='bbox 960 4375 1010 4430; x_wconf 86' lang='lat' dir='ltr'><strong>sed</strong></span> <span class='ocrx_word' id='word_1_677' title='bbox 1036 4382 1189 4439; x_wconf 70' lang='lat' dir='ltr'><strong>seeundum</strong></span> <span class='ocrx_word' id='word_1_678' title='bbox 1207 4398 1317 4437; x_wconf 77' lang='lat' dir='ltr'><strong>earnem</strong></span> <span class='ocrx_word' id='word_1_679' title='bbox 1335 4381 1567 4437; x_wconf 76' lang='lat' dir='ltr'><strong>communicatam</strong></span> <span class='ocrx_word' id='word_1_680' title='bbox 1589 4395 1646 4434; x_wconf 91' lang='lat' dir='ltr'><strong>nou</strong></span> <span class='ocrx_word' id='word_1_681' title='bbox 1664 4367 1779 4450; x_wconf 75' lang='lat' dir='ltr'><strong>semper</strong></span> <span class='ocrx_word' id='word_1_682' title='bbox 1805 4392 1874 4434; x_wconf 76' lang='lat' dir='ltr'><strong>exse</strong></span> 
     </span>
     <span class='ocr_line' id='line_1_49' title="bbox 173 4461 1872 4538; baseline 0.003 -21"><span class='ocrx_word' id='word_1_683' title='bbox 173 4478 207 4517; x_wconf 87' lang='lat' dir='ltr'><strong>ex</strong></span> <span class='ocrx_word' id='word_1_684' title='bbox 234 4462 349 4517; x_wconf 88' lang='lat' dir='ltr'><strong>historia</strong></span> <span class='ocrx_word' id='word_1_685' title='bbox 367 4462 560 4518; x_wconf 85' lang='lat' dir='ltr'><strong>ecclesiastica</strong></span> <span class='ocrx_word' id='word_1_686' title='bbox 583 4468 613 4517; x_wconf 88' lang='lat' dir='ltr'><strong>ct</strong></span> <span class='ocrx_word' id='word_1_687' title='bbox 629 4461 740 4533; x_wconf 89' lang='lat' dir='ltr'><strong>scriptis</strong></span> <span class='ocrx_word' id='word_1_688' title='bbox 758 4461 867 4532; x_wconf 89' lang='lat' dir='ltr'><strong>piorum</strong></span> <span class='ocrx_word' id='word_1_689' title='bbox 886 4465 1010 4516; x_wconf 81' lang='lat' dir='ltr'><strong>veterum</strong></span> <span class='ocrx_word' id='word_1_690' title='bbox 1035 4469 1107 4538; x_wconf 72' lang='lat' dir='ltr'><strong>mit,</strong></span> <span class='ocrx_word' id='word_1_691' title='bbox 1136 4466 1184 4523; x_wconf 82' lang='lat' dir='ltr'><strong>sed</strong></span> <span class='ocrx_word' id='word_1_692' title='bbox 1203 4467 1296 4523; x_wconf 77' lang='lat' dir='ltr'><strong>radios</strong></span> <span class='ocrx_word' id='word_1_693' title='bbox 1315 4466 1450 4522; x_wconf 83' lang='lat' dir='ltr'><strong>duntaxat</strong></span> <span class='ocrx_word' id='word_1_694' title='bbox 1468 4465 1602 4538; x_wconf 90' lang='lat' dir='ltr'><strong>quosdam</strong></span> <span class='ocrx_word' id='word_1_695' title='bbox 1620 4463 1751 4535; x_wconf 82' lang='lat' dir='ltr'><strong>ejmdem</strong></span> <span class='ocrx_word' id='word_1_696' title='bbox 1779 4463 1872 4532; x_wconf 77' lang='lat' dir='ltr'><strong>amisit,</strong></span> 
     </span>
     <span class='ocr_line' id='line_1_50' title="bbox 172 4542 1872 4624; baseline -0.004 -15"><span class='ocrx_word' id='word_1_697' title='bbox 172 4542 336 4621; x_wconf 73' lang='lat' dir='ltr'><strong>Eutychetit</strong></span> <span class='ocrx_word' id='word_1_698' title='bbox 354 4548 475 4605; x_wconf 67' lang='lat' dir='ltr'><strong>haeretis</strong></span> <span class='ocrx_word' id='word_1_699' title='bbox 492 4548 576 4620; x_wconf 73' lang='lat' dir='ltr'><strong>longe</strong></span> <span class='ocrx_word' id='word_1_700' title='bbox 594 4547 675 4602; x_wconf 65' lang='lat' dir='ltr'><strong>aliter</strong></span> <span class='ocrx_word' id='word_1_701' title='bbox 693 4546 884 4602; x_wconf 61' lang='lat' dir='ltr'><strong>describenda</strong></span> <span class='ocrx_word' id='word_1_702' title='bbox 908 4546 1009 4619; x_wconf 66' lang='lat' dir='ltr'><strong>Evagr-</strong></span> <span class='ocrx_word' id='word_1_703' title='bbox 1035 4554 1110 4610; x_wconf 86' lang='lat' dir='ltr'><strong>unde</strong></span> <span class='ocrx_word' id='word_1_704' title='bbox 1124 4554 1184 4624; x_wconf 87' lang='lat' dir='ltr'><strong>jam</strong></span> <span class='ocrx_word' id='word_1_705' title='bbox 1208 4554 1332 4608; x_wconf 88' lang='lat' dir='ltr'><strong>nascitur</strong></span> <span class='ocrx_word' id='word_1_706' title='bbox 1357 4552 1499 4608; x_wconf 90' lang='lat' dir='ltr'><strong>distinctio</strong></span> <span class='ocrx_word' id='word_1_707' title='bbox 1523 4551 1595 4608; x_wconf 81' lang='lat' dir='ltr'><strong>inter</strong></span> <span class='ocrx_word' id='word_1_708' title='bbox 1621 4558 1725 4606; x_wconf 71' lang='lat' dir='ltr'><strong>stamm</strong></span> <span class='ocrx_word' id='word_1_709' title='bbox 1751 4550 1872 4605; x_wconf 71' lang='lat' dir='ltr'><strong>cainani-</strong></span> 
     </span>
     <span class='ocr_line' id='line_1_51' title="bbox 171 4631 1869 4710; baseline 0.001 -18"><span class='ocrx_word' id='word_1_710' title='bbox 171 4634 243 4690; x_wconf 91' lang='lat' dir='ltr'><strong>hbro</strong></span> <span class='ocrx_word' id='word_1_711' title='bbox 263 4641 287 4690; x_wconf 99' lang='grc'><strong>2</strong></span> <span class='ocrx_word' id='word_1_712' title='bbox 312 4652 336 4690; x_wconf 86' lang='lat' dir='ltr'><strong>c.</strong></span> <span class='ocrx_word' id='word_1_713' title='bbox 357 4641 381 4690; x_wconf 83' lang='grc'><strong>4</strong></span> <span class='ocrx_word' id='word_1_714' title='bbox 414 4633 557 4705; x_wconf 77' lang='lat' dir='ltr'><strong>Eutyches</strong></span> <span class='ocrx_word' id='word_1_715' title='bbox 578 4633 690 4703; x_wconf 78' lang='lat' dir='ltr'><strong>statuit,</strong></span> <span class='ocrx_word' id='word_1_716' title='bbox 714 4632 744 4688; x_wconf 83' lang='lat' dir='ltr'><strong>in</strong></span> <span class='ocrx_word' id='word_1_717' title='bbox 768 4631 878 4688; x_wconf 72' lang='lat' dir='ltr'><strong>Chliato</strong></span> <span class='ocrx_word' id='word_1_718' title='bbox 903 4631 1008 4689; x_wconf 77' lang='lat' dir='ltr'><strong>factum</strong></span> <span class='ocrx_word' id='word_1_719' title='bbox 1034 4641 1118 4695; x_wconf 83' lang='grc' dir='ltr'><strong>ιιοιιιι</strong></span> <span class='ocrx_word' id='word_1_720' title='bbox 1131 4649 1156 4693; x_wconf 92' lang='lat' dir='ltr'><strong>et</strong></span> <span class='ocrx_word' id='word_1_721' title='bbox 1173 4639 1360 4702; x_wconf 78' lang='grc' dir='ltr'><strong>αισιιοιίοιιίι,</strong></span> <span class='ocrx_word' id='word_1_722' title='bbox 1379 4637 1413 4694; x_wconf 91' lang='lat' dir='ltr'><strong>de</strong></span> <span class='ocrx_word' id='word_1_723' title='bbox 1431 4654 1488 4710; x_wconf 90' lang='lat' dir='ltr'><strong>qua</strong></span> <span class='ocrx_word' id='word_1_724' title='bbox 1504 4636 1618 4692; x_wconf 80' lang='lat' dir='ltr'><strong>iuferius</strong></span> <span class='ocrx_word' id='word_1_725' title='bbox 1635 4636 1742 4693; x_wconf 86' lang='lat' dir='ltr'><strong>dicitur</strong></span> <span class='ocrx_word' id='word_1_726' title='bbox 1758 4636 1869 4710; x_wconf 75' lang='lat' dir='ltr'><strong>plenius</strong></span> 
     </span>
     <span class='ocr_line' id='line_1_52' title="bbox 172 4717 1934 4821; baseline -0.006 -44"><span class='ocrx_word' id='word_1_727' title='bbox 172 4737 232 4777; x_wconf 70' lang='lat' dir='ltr'><strong>tata</strong></span> <span class='ocrx_word' id='word_1_728' title='bbox 251 4721 280 4783; x_wconf 75' lang='grc' dir='ltr'><strong>ἰξ</strong></span> <span class='ocrx_word' id='word_1_729' title='bbox 298 4720 439 4795; x_wconf 59' lang='lat' dir='ltr'><strong>&amp;ipsust</strong></span> <span class='ocrx_word' id='word_1_730' title='bbox 425 4719 518 4799; x_wconf 69' lang='lat' dir='ltr'><strong>stapris</strong></span> <span class='ocrx_word' id='word_1_731' title='bbox 542 4741 574 4774; x_wconf 87' lang='grc' dir='ltr'><strong>ιι.</strong></span> <span class='ocrx_word' id='word_1_732' title='bbox 610 4717 774 4774; x_wconf 48' lang='lat' dir='ltr'><strong>Theodorff</strong></span> <span class='ocrx_word' id='word_1_733' title='bbox 766 4736 795 4773; x_wconf 86' lang='lat' dir='ltr'><strong>m</strong></span> <span class='ocrx_word' id='word_1_734' title='bbox 811 4718 886 4821; x_wconf 83' lang='lat' dir='ltr'><strong>Epit.</strong></span> <span class='ocrx_word' id='word_1_735' title='bbox 906 4718 1009 4774; x_wconf 78' lang='lat' dir='ltr'><strong>haeret</strong></span> <span class='ocrx_word' id='word_1_736' title='bbox 1071 4730 1130 4782; x_wconf 76' lang='lat'><strong>271</strong></span> <span class='ocrx_word' id='word_1_737' title='bbox 1166 4723 1328 4780; x_wconf 73' lang='lat' dir='ltr'><strong>Antithesis</strong></span> <span class='ocrx_word' id='word_1_738' title='bbox 1364 4724 1406 4778; x_wconf 83' lang='lat' dir='ltr'><strong>Ex</strong></span> <span class='ocrx_word' id='word_1_739' title='bbox 1429 4723 1482 4778; x_wconf 76' lang='lat' dir='ltr'><strong>hae</strong></span> <span class='ocrx_word' id='word_1_740' title='bbox 1504 4722 1682 4779; x_wconf 71' lang='lat' dir='ltr'><strong>distinetione</strong></span> <span class='ocrx_word' id='word_1_741' title='bbox 1705 4723 1784 4779; x_wconf 66' lang='lat' dir='ltr'><strong>intur</strong></span> <span class='ocrx_word' id='word_1_742' title='bbox 1802 4737 1869 4776; x_wconf 72' lang='lat' dir='ltr'><strong>eom·</strong></span> <span class='ocrx_word' id='word_1_743' title='bbox 1882 4723 1934 4767; x_wconf 79' lang='grc' dir='ltr'><strong>ιιιι</strong></span> 
     </span>
     <span class='ocr_line' id='line_1_53' title="bbox 170 4778 1918 4909; baseline 0 -47"><span class='ocrx_word' id='word_1_744' title='bbox 170 4806 271 4864; x_wconf 75' lang='lat' dir='ltr'><strong>fabult</strong></span> <span class='ocrx_word' id='word_1_745' title='bbox 298 4796 378 4868; x_wconf 74' lang='lat' dir='ltr'><strong>citor</strong></span> <span class='ocrx_word' id='word_1_746' title='bbox 401 4809 447 4860; x_wconf 80' lang='grc' dir='ltr'><strong>και</strong></span> <span class='ocrx_word' id='word_1_747' title='bbox 474 4807 522 4860; x_wconf 79' lang='lat' dir='ltr'><strong>roi</strong></span> <span class='ocrx_word' id='word_1_748' title='bbox 541 4804 670 4880; x_wconf 83' lang='grc' dir='ltr'><strong>σιὺμαιος</strong></span> <span class='ocrx_word' id='word_1_749' title='bbox 691 4803 797 4909; x_wconf 56' lang='lat' dir='ltr'><strong>ipsit?</strong></span> <span class='ocrx_word' id='word_1_750' title='bbox 821 4803 871 4874; x_wconf 78' lang='grc' dir='ltr'><strong>τὴν</strong></span> <span class='ocrx_word' id='word_1_751' title='bbox 891 4804 1008 4880; x_wconf 80' lang='grc' dir='ltr'><strong>πρόσιη</strong></span> <span class='ocrx_word' id='word_1_752' title='bbox 1035 4811 1248 4889; x_wconf 83' lang='lat' dir='ltr'><strong>municationem</strong></span> <span class='ocrx_word' id='word_1_753' title='bbox 1269 4817 1297 4867; x_wconf 90' lang='lat' dir='ltr'><strong>et</strong></span> <span class='ocrx_word' id='word_1_754' title='bbox 1321 4809 1475 4881; x_wconf 88' lang='lat' dir='ltr'><strong>plenariam</strong></span> <span class='ocrx_word' id='word_1_755' title='bbox 1501 4806 1772 4864; x_wconf 81' lang='lat' dir='ltr'><strong>communicatorum</strong></span> <span class='ocrx_word' id='word_1_756' title='bbox 1795 4778 1918 4862; x_wconf 57' lang='lat' dir='ltr'><strong>usur-⁸²⁸</strong></span> 
     </span>
     <span class='ocr_line' id='line_1_54' title="bbox 173 4889 1871 4970; baseline -0.004 -18"><span class='ocrx_word' id='word_1_757' title='bbox 173 4907 236 4965; x_wconf 87' lang='grc' dir='ltr'><strong>ψιν,</strong></span> <span class='ocrx_word' id='word_1_758' title='bbox 264 4891 349 4950; x_wconf 78' lang='grc' dir='ltr'><strong>οὐδὲν</strong></span> <span class='ocrx_word' id='word_1_759' title='bbox 370 4892 425 4968; x_wconf 82' lang='grc' dir='ltr'><strong>γὰρ</strong></span> <span class='ocrx_word' id='word_1_760' title='bbox 444 4892 499 4964; x_wconf 76' lang='grc' dir='ltr'><strong>ἔφη</strong></span> <span class='ocrx_word' id='word_1_761' title='bbox 519 4893 568 4945; x_wconf 88' lang='grc' dir='ltr'><strong>τὸν</strong></span> <span class='ocrx_word' id='word_1_762' title='bbox 588 4889 656 4946; x_wconf 68' lang='grc' dir='ltr'><strong>θεὸν</strong></span> <span class='ocrx_word' id='word_1_763' title='bbox 673 4889 792 4961; x_wconf 68' lang='grc' dir='ltr'><strong>λόγον·</strong></span> <span class='ocrx_word' id='word_1_764' title='bbox 777 4890 957 4963; x_wconf 76' lang='grc' dir='ltr'><strong>αιιριὺπινον</strong></span> <span class='ocrx_word' id='word_1_765' title='bbox 979 4893 1009 4946; x_wconf 71' lang='grc' dir='ltr'><strong>ἐκ</strong></span> <span class='ocrx_word' id='word_1_766' title='bbox 1035 4897 1175 4970; x_wconf 80' lang='lat' dir='ltr'><strong>petionem</strong></span> <span class='ocrx_word' id='word_1_767' title='bbox 1195 4898 1284 4953; x_wconf 91' lang='lat' dir='ltr'><strong>multa</strong></span> <span class='ocrx_word' id='word_1_768' title='bbox 1304 4901 1421 4968; x_wconf 91' lang='lat' dir='ltr'><strong>possunt</strong></span> <span class='ocrx_word' id='word_1_769' title='bbox 1439 4895 1508 4951; x_wconf 82' lang='lat' dir='ltr'><strong>solvi</strong></span> <span class='ocrx_word' id='word_1_770' title='bbox 1534 4900 1716 4967; x_wconf 81' lang='lat' dir='ltr'><strong>argumenta,</strong></span> <span class='ocrx_word' id='word_1_771' title='bbox 1741 4910 1816 4968; x_wconf 79' lang='lat' dir='ltr'><strong>quae</strong></span> <span class='ocrx_word' id='word_1_772' title='bbox 1837 4891 1871 4947; x_wconf 81' lang='lat' dir='ltr'><strong>ab</strong></span> 
     </span>
     <span class='ocr_line' id='line_1_55' title="bbox 170 4975 1872 5056; baseline -0.003 -19"><span class='ocrx_word' id='word_1_773' title='bbox 170 4982 218 5051; x_wconf 75' lang='grc' dir='ltr'><strong>τῆς</strong></span> <span class='ocrx_word' id='word_1_774' title='bbox 236 4985 381 5056; x_wconf 71' lang='grc' dir='ltr'><strong>παρθένοι</strong></span> <span class='ocrx_word' id='word_1_775' title='bbox 402 4983 512 5048; x_wconf 75' lang='grc' dir='ltr'><strong>λαβεῖν,</strong></span> <span class='ocrx_word' id='word_1_776' title='bbox 530 4975 587 5031; x_wconf 77' lang='grc' dir='ltr'><strong>ιιι</strong></span> <span class='ocrx_word' id='word_1_777' title='bbox 607 4976 692 5032; x_wconf 79' lang='grc' dir='ltr'><strong>αὐτὸν</strong></span> <span class='ocrx_word' id='word_1_778' title='bbox 711 4976 851 5051; x_wconf 74' lang='grc' dir='ltr'><strong>ἀτρέπτως</strong></span> <span class='ocrx_word' id='word_1_779' title='bbox 870 4983 1009 5052; x_wconf 77' lang='grc' dir='ltr'><strong>τραπέντα</strong></span> <span class='ocrx_word' id='word_1_780' title='bbox 1036 4982 1201 5040; x_wconf 74' lang='lat' dir='ltr'><strong>adversariis</strong></span> <span class='ocrx_word' id='word_1_781' title='bbox 1217 4987 1315 5039; x_wconf 78' lang='lat' dir='ltr'><strong>eontra</strong></span> <span class='ocrx_word' id='word_1_782' title='bbox 1333 4980 1610 5036; x_wconf 81' lang='lat' dir='ltr'><strong>communicationem</strong></span> <span class='ocrx_word' id='word_1_783' title='bbox 1629 4978 1791 5036; x_wconf 76' lang='lat' dir='ltr'><strong>divinorum</strong></span> <span class='ocrx_word' id='word_1_784' title='bbox 1808 4979 1872 5034; x_wconf 88' lang='lat' dir='ltr'><strong>idio·</strong></span> 
     </span>
    </p>
   </div>
   <div class='ocr_carea' id='block_1_8' title="bbox 65 5052 1874 5143">
    <p class='ocr_par' dir='ltr' id='par_1_8' title="bbox 65 5052 1874 5143">
     <span class='ocr_line' id='line_1_56' title="bbox 65 5052 1874 5143; baseline -0.002 -21"><span class='ocrx_word' id='word_1_785' title='bbox 65 5052 69 5061; x_wconf 46' lang='lat'><strong>¹</strong></span> <span class='ocrx_word' id='word_1_786' title='bbox 170 5073 217 5122; x_wconf 82' lang='grc' dir='ltr'><strong>καὶ</strong></span> <span class='ocrx_word' id='word_1_787' title='bbox 241 5063 331 5143; x_wconf 74' lang='grc' dir='ltr'><strong>σάρκα</strong></span> <span class='ocrx_word' id='word_1_788' title='bbox 357 5065 520 5141; x_wconf 82' lang='grc' dir='ltr'><strong>γενόμενον.</strong></span> <span class='ocrx_word' id='word_1_789' title='bbox 554 5063 745 5119; x_wconf 85' lang='lat' dir='ltr'><strong>Damascenus</strong></span> <span class='ocrx_word' id='word_1_790' title='bbox 771 5062 833 5118; x_wconf 88' lang='lat' dir='ltr'><strong>libr.</strong></span> <span class='ocrx_word' id='word_1_791' title='bbox 853 5070 878 5120; x_wconf 82' lang='grc'><strong>3.</strong></span> <span class='ocrx_word' id='word_1_792' title='bbox 898 5064 1006 5121; x_wconf 87' lang='lat' dir='ltr'><strong>orthod.</strong></span> <span class='ocrx_word' id='word_1_793' title='bbox 1035 5074 1140 5124; x_wconf 85' lang='lat' dir='ltr'><strong>matum</strong></span> <span class='ocrx_word' id='word_1_794' title='bbox 1172 5069 1249 5124; x_wconf 89' lang='lat' dir='ltr'><strong>carni</strong></span> <span class='ocrx_word' id='word_1_795' title='bbox 1273 5066 1376 5124; x_wconf 85' lang='lat' dir='ltr'><strong>Christi</strong></span> <span class='ocrx_word' id='word_1_796' title='bbox 1407 5067 1511 5123; x_wconf 79' lang='lat' dir='ltr'><strong>factam</strong></span> <span class='ocrx_word' id='word_1_797' title='bbox 1539 5065 1754 5139; x_wconf 76' lang='lat' dir='ltr'><strong>excogitantur,</strong></span> <span class='ocrx_word' id='word_1_798' title='bbox 1784 5064 1874 5140; x_wconf 81' lang='lat' dir='ltr'><strong>qualia</strong></span> 
     </span>
    </p>
   </div>
   <div class='ocr_carea' id='block_1_9' title="bbox 169 5149 1874 5574">
    <p class='ocr_par' dir='ltr' id='par_1_9' title="bbox 169 5149 1874 5574">
     <span class='ocr_line' id='line_1_57' title="bbox 169 5149 1872 5225; baseline 0 -17"><span class='ocrx_word' id='word_1_799' title='bbox 169 5153 296 5210; x_wconf 79' lang='lat' dir='ltr'><strong>iidcit:</strong></span> <span class='ocrx_word' id='word_1_800' title='bbox 315 5154 345 5208; x_wconf 80' lang='lat' dir='ltr'><strong>ia</strong></span> <span class='ocrx_word' id='word_1_801' title='bbox 363 5152 415 5207; x_wconf 81' lang='grc' dir='ltr'><strong>δὺο</strong></span> <span class='ocrx_word' id='word_1_802' title='bbox 434 5149 549 5225; x_wconf 81' lang='grc' dir='ltr'><strong>φύσεων</strong></span> <span class='ocrx_word' id='word_1_803' title='bbox 568 5154 773 5211; x_wconf 63' lang='lat' dir='ltr'><strong>restaurarem</strong></span> <span class='ocrx_word' id='word_1_804' title='bbox 791 5153 881 5204; x_wconf 83' lang='grc' dir='ltr'><strong>ιικαι</strong></span> <span class='ocrx_word' id='word_1_805' title='bbox 900 5149 1008 5224; x_wconf 69' lang='lat' dir='ltr'><strong>uiuipa-</strong></span> <span class='ocrx_word' id='word_1_806' title='bbox 1035 5163 1114 5212; x_wconf 89' lang='lat' dir='ltr'><strong>sunt:</strong></span> <span class='ocrx_word' id='word_1_807' title='bbox 1148 5155 1274 5211; x_wconf 72' lang='lat' dir='ltr'><strong>atratus</strong></span> <span class='ocrx_word' id='word_1_808' title='bbox 1296 5154 1423 5224; x_wconf 83' lang='lat' dir='ltr'><strong>profecit</strong></span> <span class='ocrx_word' id='word_1_809' title='bbox 1448 5160 1540 5208; x_wconf 83' lang='lat' dir='ltr'><strong>astate</strong></span> <span class='ocrx_word' id='word_1_810' title='bbox 1563 5160 1588 5207; x_wconf 82' lang='lat' dir='ltr'><strong>et</strong></span> <span class='ocrx_word' id='word_1_811' title='bbox 1613 5152 1776 5222; x_wconf 74' lang='lat' dir='ltr'><strong>sapientia,</strong></span> <span class='ocrx_word' id='word_1_812' title='bbox 1810 5168 1872 5220; x_wconf 80' lang='lat' dir='ltr'><strong>arpo</strong></span> 
     </span>
     <span class='ocr_line' id='line_1_58' title="bbox 171 5235 1872 5315; baseline -0.004 -19"><span class='ocrx_word' id='word_1_813' title='bbox 171 5246 252 5309; x_wconf 79' lang='grc' dir='ltr'><strong>πίνης</strong></span> <span class='ocrx_word' id='word_1_814' title='bbox 271 5240 367 5315; x_wconf 81' lang='grc' dir='ltr'><strong>φάμεν</strong></span> <span class='ocrx_word' id='word_1_815' title='bbox 389 5244 577 5310; x_wconf 73' lang='grc' dir='ltr'><strong>γεγεννῆσθαι</strong></span> <span class='ocrx_word' id='word_1_816' title='bbox 600 5235 650 5303; x_wconf 76' lang='grc' dir='ltr'><strong>τιν</strong></span> <span class='ocrx_word' id='word_1_817' title='bbox 667 5237 768 5293; x_wconf 71' lang='grc' dir='ltr'><strong>ἕνωσιν</strong></span> <span class='ocrx_word' id='word_1_818' title='bbox 793 5235 824 5290; x_wconf 87' lang='grc' dir='ltr'><strong>οὑ</strong></span> <span class='ocrx_word' id='word_1_819' title='bbox 850 5235 920 5291; x_wconf 78' lang='grc' dir='ltr'><strong>κατὰ</strong></span> <span class='ocrx_word' id='word_1_820' title='bbox 938 5258 1009 5314; x_wconf 82' lang='grc' dir='ltr'><strong>φορ·</strong></span> <span class='ocrx_word' id='word_1_821' title='bbox 1035 5243 1161 5311; x_wconf 79' lang='lat' dir='ltr'><strong>soufseit</strong></span> <span class='ocrx_word' id='word_1_822' title='bbox 1179 5242 1336 5296; x_wconf 87' lang='lat' dir='ltr'><strong>omm&#39;seius.</strong></span> <span class='ocrx_word' id='word_1_823' title='bbox 1372 5239 1499 5294; x_wconf 78' lang='lat' dir='ltr'><strong>Christus</strong></span> <span class='ocrx_word' id='word_1_824' title='bbox 1513 5256 1681 5309; x_wconf 75' lang='lat' dir='ltr'><strong>progressus</strong></span> <span class='ocrx_word' id='word_1_825' title='bbox 1698 5248 1742 5293; x_wconf 85' lang='lat' dir='ltr'><strong>est</strong></span> <span class='ocrx_word' id='word_1_826' title='bbox 1760 5242 1798 5295; x_wconf 81' lang='lat' dir='ltr'><strong>de</strong></span> <span class='ocrx_word' id='word_1_827' title='bbox 1814 5239 1872 5292; x_wconf 84' lang='lat' dir='ltr'><strong>loeo</strong></span> 
     </span>
     <span class='ocr_line' id='line_1_59' title="bbox 170 5321 1874 5401; baseline -0.001 -21"><span class='ocrx_word' id='word_1_828' title='bbox 170 5323 448 5400; x_wconf 78' lang='grc' dir='ltr'><strong>μὺνῆοὑγχιισινῆ</strong></span> <span class='ocrx_word' id='word_1_829' title='bbox 468 5323 657 5401; x_wconf 79' lang='grc' dir='ltr'><strong>σὺγκρασινῆ</strong></span> <span class='ocrx_word' id='word_1_830' title='bbox 676 5321 893 5398; x_wconf 67' lang='lat' dir='ltr'><strong>&amp;adaperimus</strong></span> <span class='ocrx_word' id='word_1_831' title='bbox 912 5323 927 5378; x_wconf 84' lang='grc' dir='ltr'><strong>ὁ</strong></span> <span class='ocrx_word' id='word_1_832' title='bbox 946 5324 1008 5394; x_wconf 74' lang='lat' dir='ltr'><strong>teri·</strong></span> <span class='ocrx_word' id='word_1_833' title='bbox 1036 5330 1066 5383; x_wconf 86' lang='grc' dir='ltr'><strong>ιἰι</strong></span> <span class='ocrx_word' id='word_1_834' title='bbox 1093 5329 1197 5396; x_wconf 77' lang='lat' dir='ltr'><strong>lactem,</strong></span> <span class='ocrx_word' id='word_1_835' title='bbox 1232 5343 1298 5396; x_wconf 81' lang='lat' dir='ltr'><strong>erpo</strong></span> <span class='ocrx_word' id='word_1_836' title='bbox 1321 5344 1378 5380; x_wconf 83' lang='lat' dir='ltr'><strong>aaa</strong></span> <span class='ocrx_word' id='word_1_837' title='bbox 1399 5326 1458 5389; x_wconf 83' lang='lat' dir='ltr'><strong>fuit</strong></span> <span class='ocrx_word' id='word_1_838' title='bbox 1489 5325 1710 5395; x_wconf 82' lang='lat' dir='ltr'><strong>omm&#39;praescas.</strong></span> <span class='ocrx_word' id='word_1_839' title='bbox 1748 5323 1874 5379; x_wconf 76' lang='lat' dir='ltr'><strong>Uiriatus</strong></span> 
     </span>
     <span class='ocr_line' id='line_1_60' title="bbox 171 5408 1873 5485; baseline -0.003 -17"><span class='ocrx_word' id='word_1_840' title='bbox 171 5419 259 5482; x_wconf 72' lang='lat' dir='ltr'><strong>laroc,</strong></span> <span class='ocrx_word' id='word_1_841' title='bbox 276 5431 294 5468; x_wconf 86' lang='lat' dir='ltr'><strong>a</strong></span> <span class='ocrx_word' id='word_1_842' title='bbox 305 5413 367 5470; x_wconf 83' lang='lat' dir='ltr'><strong>Dea</strong></span> <span class='ocrx_word' id='word_1_843' title='bbox 383 5413 518 5485; x_wconf 79' lang='lat' dir='ltr'><strong>repulsus,</strong></span> <span class='ocrx_word' id='word_1_844' title='bbox 537 5412 592 5485; x_wconf 76' lang='grc' dir='ltr'><strong>ἔφη</strong></span> <span class='ocrx_word' id='word_1_845' title='bbox 605 5408 766 5484; x_wconf 73' lang='grc' dir='ltr'><strong>Διόσκοροι,</strong></span> <span class='ocrx_word' id='word_1_846' title='bbox 786 5408 910 5482; x_wconf 79' lang='grc' dir='ltr'><strong>Εὖιυχής</strong></span> <span class='ocrx_word' id='word_1_847' title='bbox 923 5433 948 5466; x_wconf 84' lang='grc' dir='ltr'><strong>ιι</strong></span> <span class='ocrx_word' id='word_1_848' title='bbox 961 5417 1008 5467; x_wconf 78' lang='lat' dir='ltr'><strong>seul</strong></span> <span class='ocrx_word' id='word_1_849' title='bbox 1034 5416 1065 5468; x_wconf 83' lang='grc' dir='ltr'><strong>ιἰι</strong></span> <span class='ocrx_word' id='word_1_850' title='bbox 1083 5410 1165 5468; x_wconf 65' lang='lat' dir='ltr'><strong>ciacc</strong></span> <span class='ocrx_word' id='word_1_851' title='bbox 1181 5421 1306 5468; x_wconf 72' lang='grc' dir='ltr'><strong>ιιιοιιιιιιι</strong></span> <span class='ocrx_word' id='word_1_852' title='bbox 1323 5420 1377 5481; x_wconf 82' lang='lat' dir='ltr'><strong>est,</strong></span> <span class='ocrx_word' id='word_1_853' title='bbox 1405 5429 1472 5481; x_wconf 77' lang='lat' dir='ltr'><strong>erpo</strong></span> <span class='ocrx_word' id='word_1_854' title='bbox 1490 5428 1557 5465; x_wconf 85' lang='lat' dir='ltr'><strong>caro</strong></span> <span class='ocrx_word' id='word_1_855' title='bbox 1576 5411 1637 5480; x_wconf 81' lang='lat' dir='ltr'><strong>ejus</strong></span> <span class='ocrx_word' id='word_1_856' title='bbox 1656 5429 1714 5466; x_wconf 79' lang='lat' dir='ltr'><strong>moa</strong></span> <span class='ocrx_word' id='word_1_857' title='bbox 1727 5413 1795 5480; x_wconf 73' lang='lat' dir='ltr'><strong>suit</strong></span> <span class='ocrx_word' id='word_1_858' title='bbox 1810 5411 1873 5465; x_wconf 79' lang='lat' dir='ltr'><strong>oiri·</strong></span> 
     </span>
     <span class='ocr_line' id='line_1_61' title="bbox 171 5497 1872 5574; baseline -0.001 -19"><span class='ocrx_word' id='word_1_859' title='bbox 171 5500 293 5574; x_wconf 77' lang='grc' dir='ltr'><strong>Σενῆρος</strong></span> <span class='ocrx_word' id='word_1_860' title='bbox 312 5504 358 5554; x_wconf 86' lang='grc' dir='ltr'><strong>και</strong></span> <span class='ocrx_word' id='word_1_861' title='bbox 385 5500 401 5569; x_wconf 82' lang='grc' dir='ltr'><em>ἡ</em></span> <span class='ocrx_word' id='word_1_862' title='bbox 424 5499 529 5555; x_wconf 74' lang='grc' dir='ltr'><strong>τούτων</strong></span> <span class='ocrx_word' id='word_1_863' title='bbox 555 5498 655 5569; x_wconf 74' lang='grc' dir='ltr'><strong>ἐναγὴς</strong></span> <span class='ocrx_word' id='word_1_864' title='bbox 682 5503 842 5573; x_wconf 77' lang='grc' dir='ltr'><strong>συμμορία,</strong></span> <span class='ocrx_word' id='word_1_865' title='bbox 869 5498 1006 5556; x_wconf 79' lang='lat' dir='ltr'><strong>scelerata</strong></span> <span class='ocrx_word' id='word_1_866' title='bbox 1026 5501 1096 5569; x_wconf 86' lang='lat' dir='ltr'><strong>Jica.</strong></span> <span class='ocrx_word' id='word_1_867' title='bbox 1116 5499 1338 5573; x_wconf 82' lang='lat' dir='ltr'><strong>Respondemus:</strong></span> <span class='ocrx_word' id='word_1_868' title='bbox 1355 5497 1585 5570; x_wconf 73' lang='lat' dir='ltr'><strong>distinguendum</strong></span> <span class='ocrx_word' id='word_1_869' title='bbox 1604 5512 1665 5553; x_wconf 82' lang='lat' dir='ltr'><strong>estc</strong></span> <span class='ocrx_word' id='word_1_870' title='bbox 1682 5497 1757 5556; x_wconf 80' lang='lat' dir='ltr'><strong>inter</strong></span> <span class='ocrx_word' id='word_1_871' title='bbox 1770 5504 1872 5555; x_wconf 80' lang='lat' dir='ltr'><strong>statum</strong></span> 
     </span>
    </p>
   </div>
   <div class='ocr_carea' id='block_1_10' title="bbox 0 0 1996 6021">
    <p class='ocr_par' dir='ltr' id='par_1_10' title="bbox 0 0 1996 6021">
     <span class='ocr_line' id='line_1_62' title="bbox 0 0 1996 6021; baseline 0 0"><span class='ocrx_word' id='word_1_872' title='bbox 0 0 1996 6021; x_wconf 95' lang='lat' dir='ltr'><strong> </strong></span> 
     </span>
    </p>
   </div>
  </div>
 </body>
</html>
