3984 6022
201 234 243 296 re
267 188 288 250 ¹·
805 320 815 337 θ
886 228 1010 289 nocue
1027 229 1170 289 ramus

203 391 303 461 ptura,
333 393 416 459 atque
445 391 509 440 ante
536 385 644 440 illorum
671 385 891 441 teadficationem
918 386 1040 442 divinam
1068 385 1123 441 lide
1141 384 1340 458 amplectimur,
1360 385 1426 458 quia
1444 385 1473 440 in
1493 383 1641 456 Scripturis
1659 385 1744 441 saona
1764 383 1896 443 divinitus

180 463 186 478 '
206 473 282 546 apud
306 473 439 530 ecclesiae
461 470 532 526 filios
550 471 670 526 obtinuit
686 472 885 537 auctoritatem,
908 472 977 528 alias
997 491 1038 529 se·
1064 472 1133 527 illud
1152 472 1303 528 revelatum
1324 489 1384 528 esse
1401 472 1600 544 cognoscimus,
1621 487 1676 527 non
1695 473 1762 544 quia
1779 473 1897 531 ecclesia

206 565 337 633 queretur
355 561 406 614 hoc
425 555 586 628 absurdum,
604 559 679 630 quod
696 559 864 630 temporibus
878 559 991 614 Patrum
1011 567 1039 616 et
1065 557 1136 612 illud
1157 558 1293 629 proponit.
1328 558 1498 630 Principium
1515 558 1633 629 primum
1656 574 1711 614 uon
1735 559 1820 616 babet
1847 560 1896 615 ali·

208 647 393 719 conciliorum*
415 645 600 701 testimonium
625 646 791 717 antegressis
817 646 959 716 Scriptura
983 664 1038 702 non
1066 645 1134 717 quid
1158 644 1235 716 prius
1262 650 1290 700 et
1304 644 1522 700 ¹fundamentum
1546 663 1601 700 non
1622 644 1756 700 undatur
1776 645 1807 701 in
1832 645 1895 702 alio.

205 734 290 790 horit
309 733 406 788 habita
423 733 524 787 divina
559 733 757 804 Respondeant
782 732 865 802 etiam
884 734 977 802 nobis,
1001 752 1036 789 an
1066 718 1223 803 Scriptura,
1242 731 1301 785 sire
1322 732 1396 803 quod
1414 731 1486 787 idem
1507 738 1560 800 eat,
1582 749 1635 786 vox
1654 731 1709 787 Dei
1725 732 1754 787 in
1772 732 1895 805 Scriptu-

205 820 306 877 certius
324 825 445 889 constet,
465 820 550 876 libros
568 820 644 890 illos,
661 821 689 875 in
709 820 810 892 qurbus
827 808 983 877 testimonia
1001 811 1100 910 delrio
1123 834 1236 885 sonans,
1264 817 1389 873 doctrina
1417 818 1612 888 prophetarum
1638 825 1667 874 et
1694 820 1895 891 apostolorum,

205 906 363 978 Scripturae
381 905 545 960 auctoritate
565 912 682 972 exstant,
706 923 765 961 esse
785 913 895 977 patrum
920 906 1035 977 illorum,
1062 905 1155 959 divina
1170 904 1301 960 revelatio
1313 922 1363 977 per
1380 906 1528 976 prophetas
1544 911 1571 960 et
1590 906 1728 976 apostolos
1738 905 1896 963 bominibus

205 1010 320 1065 quoram
337 992 448 1047 nomina
464 1009 531 1063 prae
542 1010 572 1048 se
588 993 689 1063 lerunt,
708 1011 791 1065 quam
809 994 894 1050 libros
912 995 981 1064 illos,
1001 995 1036 1049 de
1062 998 1121 1046 tum
1139 992 1203 1046 viva
1220 1008 1296 1060 voce,
1314 996 1375 1046 tum
1394 991 1504 1062 scriptis
1521 991 1697 1047 manilenata
1713 997 1757 1048 est
1774 992 1896 1064 primum

204 1077 305 1151 quibus
323 1083 474 1148 testantur,
493 1095 552 1134 eoae
570 1095 661 1134 sacros
679 1085 706 1135 et
723 1079 831 1135 divinos
849 1081 963 1136 verbum
983 1081 1036 1137 Dei
1061 1078 1191 1132 credendi
1212 1078 1395 1149 principium,
1420 1085 1448 1133 et
1467 1077 1536 1133 illud
1560 1077 1625 1133 fidei
1649 1083 1733 1150 atque
1761 1079 1896 1136 ecclesias

203 1165 283 1222 nobis
299 1165 502 1237 proponentes?
530 1166 577 1221 De
594 1168 684 1238 priore
704 1174 816 1237 propter
832 1168 920 1222 multa
936 1169 1034 1239 uenis·
1061 1164 1280 1230 fundamentum,
1300 1181 1383 1235 super
1402 1164 1476 1236 quod
1495 1166 1608 1220 abacti
1630 1183 1731 1220 sumus.
1755 1165 1855 1237 Ephes
1870 1171 1897 1235 2,

203 1256 348 1326 atypmpo,
371 1252 547 1323 supposititia
567 1261 595 1309 ct
620 1253 776 1309 adulterina
793 1254 903 1325 iscripta
926 1255 1035 1327 saepius
1061 1268 1087 1305 v.
1106 1257 1146 1308 20.
1182 1251 1257 1322 Ergo
1274 1267 1329 1304 nou
1348 1250 1434 1305 habet
1453 1250 1566 1322 aliquod
1586 1251 1677 1320 prius,
1700 1268 1750 1307 nec
1767 1251 1896 1308 innititur

204 1336 347 1393 dubitatur
364 1336 470 1410 absque
490 1338 548 1392 ulla
564 1356 645 1394 verae
663 1339 727 1393 fidei
743 1342 860 1410 jactura.
895 1340 1035 1396 Posterius
1060 1336 1141 1391 alteri
1161 1336 1340 1391 fundamento
1358 1336 1491 1392 ecclesiae
1520 1336 1626 1391 scilicet
1653 1336 1822 1393 auctoritati·
1865 1337 1895 1395 Si

169 1444 175 1454 ·
204 1424 329 1480 omuibus
348 1442 412 1480 vere
429 1425 483 1496 piis
497 1431 572 1480 certo
585 1433 693 1481 constat
704 1426 863 1481 exinteruis
877 1425 1035 1497 Scripturae
1061 1423 1209 1478 auctoritas
1222 1422 1380 1494 scripturae
1391 1422 1481 1493 quoad
1495 1438 1544 1476 uos
1562 1422 1695 1493 penderet
1712 1423 1748 1478 ab
1760 1422 1896 1491 Ecclesia,

202 1517 349 1585 apunplosr
368 1518 395 1566 et
416 1510 533 1581 Spiritus
554 1511 641 1565 sancti
659 1511 815 1566 testimonio
833 1511 948 1567 interno.
982 1513 1035 1568 Re·
1060 1516 1127 1564 tunc
1143 1508 1212 1563 fides
1229 1515 1330 1578 nostra
1349 1524 1405 1581 qua
1416 1508 1553 1563 credimus
1571 1509 1692 1563 articulis
1710 1509 1738 1564 in
1751 1507 1896 1582 Scriptura

203 1596 261 1653 iero
279 1596 333 1650 huc
352 1596 489 1669 insignem
506 1597 598 1652 locum
616 1614 649 1652 ex
669 1597 848 1667 Bellarmino‚
873 1599 920 1670 qui
938 1599 1035 1654 rcn'ta-
1062 1594 1226 1666 propositis,
1243 1595 1424 1650 resolveretur
1437 1595 1564 1650 ultimate
1576 1596 1605 1649 in
1614 1596 1752 1667 judicium
1763 1594 1896 1652 ecclesiae

201 1681 238 1738 tis
253 1682 362 1755 fulgore
381 1689 492 1738 coactns
509 1682 548 1737 sic
566 1681 662 1737 scribit
687 1683 749 1738 libr.
778 1691 787 1739 t
818 1683 853 1739 dc
878 1683 962 1739 verbo
981 1684 1035 1740 Dei
1060 1688 1192 1754 tanquam
1210 1681 1239 1736 in
1255 1681 1372 1752 primum
1384 1688 1413 1736 et
1425 1698 1560 1735 summum
1575 1681 1705 1737 credendi
1716 1681 1893 1754 principium.

203 1786 228 1825 c.
247 1774 271 1825 l.
309 1769 407 1824 &aas
427 1769 591 1839 Scriptura,
610 1770 863 1839 qraoepropleticia
881 1778 907 1823 et
925 1779 1034 1841 oporto·
1062 1767 1116 1824 Sed
1135 1767 1270 1838 posterius
1288 1767 1402 1822 concedi
1420 1767 1524 1839 nequit
1548 1766 1624 1839 Ergo
1642 1769 1790 1839 necprius.
1813 1768 1895 1824 Exci·

202 1855 267 1910 licis
280 1855 565 1924 literiaoontinentur,
580 1854 652 1908 nobil
671 1863 710 1908 est
721 1856 822 1925 notiora,
839 1857 911 1911 nibil
926 1857 1034 1926 amiur,
1061 1855 1142 1924 piunt
1159 1853 1342 1909 Bellarminus
1360 1853 1421 1909 libr.
1440 1859 1455 1909 ³
1474 1854 1509 1909 dc
1528 1854 1612 1909 verbo
1629 1854 1683 1909 Dei
1709 1871 1733 1911 c.
1755 1861 1794 1910 tt.
1833 1854 1894 1912 sn-

201 1949 232 1996 ut
250 1941 442 1995 mbisnmum
462 1957 520 1995 esec
537 1957 645 1995 neaerae
662 1941 707 2004 sit,
729 1943 779 2011 qui
799 1941 859 1996 slls'e
870 1944 959 2015 fidem
984 1944 1033 1997 bo·
1060 1941 1126 2012 plat.
1144 1940 1206 1996 libr.
1225 1948 1256 2008 9,
1283 1940 1400 2011 princip.
1420 1939 1466 1994 lid.
1486 1957 1509 1996 c.
1529 1946 1544 1995 3
1564 1949 1592 1996 et
1609 1941 1655 1995 alii
1676 1958 1710 1996 ex
1735 1939 1894 2012 pontificiis.

201 2028 321 2082 bendom
339 2043 396 2081 ease
413 2035 499 2096 nepot.
534 2027 704 2082 Notieeimoa
720 2028 792 2082 enim
811 2046 877 2098 eaae,
900 2030 976 2084 tectis
995 2038 1034 2084 est
1064 2033 1085 2082 l.
1104 2027 1338 2096 Distinguendum
1351 2044 1408 2081 eeae
1420 2028 1714 2096 interfundomentum
1722 2028 1895 2098 primasium

201 2113 277 2168 orbib
291 2112 474 2183 Cbmsbanssa
486 2120 512 2167 et
525 2114 667 2168 comancio
680 2115 801 2169 omnium
811 2117 939 2187 pontium,
956 2119 1035 2188 apud
1061 2122 1086 2167 et
1103 2113 1307 2170 accumulat-ium.
1345 2115 1463 2168 Verbum
1482 2116 1541 2169 Dei
1556 2132 1614 2169 eoae
1638 2116 1749 2185 quidem
1771 2116 1895 2185 primum

201 2189 272 2270 quae
299 2199 394 2254 mdtsb
419 2187 545 2254 manilii
566 2217 701 2253 mammam
725 2218 832 2272 aemper
862 2204 1034 2257 obtinuerunt
1054 2202 1128 2270 fidei
1156 2208 1270 2254 nostroe
1291 2202 1521 2267 semdamentum,
1551 2203 1615 2256 ideo
1644 2201 1715 2256 enim
1746 2202 1894 2272 credimur,

202 2286 403 2340 anctoritatem.
440 2287 616 2342 Gertisaimos
642 2295 734 2341 autem
766 2296 847 2358 atque
875 2290 1034 2343 veriammaa
1061 2288 1195 2357 quiequid
1216 2287 1373 2358 oredimus,
1399 2289 1467 2359 quio
1493 2285 1628 2343 Dauid
1649 2305 1704 2359 per
1728 2289 1845 2359 angelos
1869 2299 1895 2344 et

202 2386 261 2425 esse
279 2389 328 2425 nec
344 2372 466 2451 bumana
491 2362 614 2439 inuenta,
636 2375 689 2427 sed
710 2373 808 2427 divina
829 2375 947 2429 oracula
970 2393 1033 2429 con·
1057 2373 1210 2443 propbetas
1235 2375 1380 2442 revelavit,
1404 2377 1455 2429 aed
1467 2383 1584 2444 praeter
1601 2376 1652 2429 boc
1672 2376 1895 2442 fundameraium

204 2456 291 2512 tinore
316 2460 340 2511 1.
368 2458 444 2511 tectis
470 2465 509 2511 eat
529 2459 632 2512 ueritas
654 2459 857 2515 vaticiniorum.
894 2466 919 2515 2.
946 2461 1033 2515 incre·
1058 2461 1181 2529 primum
1206 2461 1316 2530 requiri
1339 2460 1422 2514 uliud
1446 2463 1658 2525 fundamentum
1686 2463 1893 2529 secundarium,

204 2543 299 2623 dibile'a
322 2545 461 2614 praedam
483 2552 508 2596 ct
526 2543 615 2613 plane
638 2543 736 2597 diuina
759 2545 928 2615 conepirotio
953 2555 1036 2617 atque
1060 2547 1193 2600 eccleciae
1218 2546 1323 2600 scilieet
1347 2547 1572 2614 testificationem.
1601 2547 1684 2619 Resp.
1721 2547 1757 2603 Si
1772 2550 1894 2605 omnium

202 2630 355 2684 concordia
374 2638 414 2684 tot
431 2629 571 2699 uirorum,
595 2630 645 2700 qui
661 2632 779 2685 dioeras's
797 2632 882 2697 loom,
907 2622 1035 2704 tempori·
1062 2633 1220 2700 dogmatum
1239 2634 1365 2702 sinaitae
1384 2634 1487 2702 pendet
1512 2635 1547 2687 ab
1572 2632 1705 2703 ecclesio,
1738 2638 1771 2688 ut
1797 2635 1895 2693 scribit

204 2716 260 2786 bue,
279 2717 391 2785 linquis,
409 2718 693 2772 occamonsbrnaacro
709 2718 850 2774 uolumina
868 2722 1035 2792 emascrrpas·
1062 2718 1244 2773 Bollarminus
1262 2717 1357 2773 libna
1382 2719 1416 2789 de
1433 2718 1539 2774 Eccles.
1562 2736 1584 2774 c
1603 2725 1635 2775 10
1659 2721 1686 2773 ei
1711 2722 1830 2776 aelata
1854 2731 1894 2778 eet

201 2809 273 2856 runt.
309 2806 337 2857 3.
357 2804 437 2858 Deua
454 2804 523 2873 ipae,
540 2805 590 2872 qui
607 2804 763 2874 aliquando
781 2806 893 2860 coelesti
907 2808 1035 2862 animad-
1062 2805 1227 2874 simpliciter
1252 2806 1344 2858 notior
1373 2804 1535 2875 Scriptura,
1566 2813 1598 2860 nt
1621 2806 1705 2862 habet
1730 2806 1792 2862 libr.
1817 2813 1833 2863 4
1857 2808 1893 2865 de

202 2888 326 2944 cerdone
343 2888 414 2943 lonc
436 2889 612 2960 Sarspmram
630 2908 710 2944 auam
735 2892 771 2945 ab
794 2892 915 2947 bumaria
933 2897 1035 2964 prosa·
1062 2890 1167 2946 Eccles.
1193 2907 1216 2946 c.
1244 2897 1259 2947 2
1286 2892 1382 2963 utique
1409 2891 1526 2947 ecclesia
1551 2893 1603 2948 erit
1632 2892 1793 2964 primarium
1826 2893 1893 2951 fidei

202 2976 315 3030 natione
328 2977 474 3045 defendit*
490 2976 563 3033 Vide
574 2977 707 3032 Demetrii
721 2977 864 3035 Phaleraei
875 2997 1035 3051 responsum
1062 2982 1172 3032 nostrae
1188 2976 1406 3033 fundamentum.
1441 2976 1546 3033 Demus
1570 2985 1663 3034 autem
1688 2996 1720 3035 ex
1743 2979 1893 3052 hypothesi

203 3058 364 3118 Ptolemaeo
389 3062 483 3117 datum
509 3062 585 3134 apud
613 3062 765 3132 losephum
789 3063 851 3120 libr.
885 3071 923 3121 12.
949 3067 1034 3140 antiq.
1062 3080 1122 3118 esse
1140 3063 1332 3118 secundarium
1348 3062 1571 3133 fundamentum,
1589 3071 1663 3121 certe
1682 3064 1893 3122 fundamentum

201 3163 225 3203 c.
253 3152 276 3203 2.
306 3146 458 3203 Eusebium
489 3147 549 3202 libr.
577 3154 591 3204 8
621 3156 778 3220 praeparat.
813 3149 920 3223 Evang.
953 3169 976 3207 c.
1012 3159 1033 3208 1.
1061 3149 1253 3205 secundarium
1272 3168 1327 3205 non
1345 3150 1443 3219 probet
1470 3151 1661 3207 auctoritatem
1687 3151 1834 3223 primario,
1866 3160 1894 3209 et

200 3235 308 3305 Mpao
322 3234 479 3305 Scriptura,
497 3235 618 3305 mujuaai
633 3253 715 3290 uerae
727 3239 848 3306 suemnt
864 3240 1034 3308 praediatio-
1061 3235 1172 3306 quidem
1199 3235 1290 3293 unice.
1333 3235 1476 3291 Ecclesiae
1500 3235 1658 3292 testificatio
1685 3254 1718 3293 ex
1745 3237 1894 3310 hypothesi

200 3336 249 3375 aaa
266 3337 359 3374 rerum
377 3323 556 3391 futurorum,
580 3329 610 3376 ut
632 3331 740 3376 cosmoe
753 3331 854 3394 poeteo
873 3326 1033 3396 comprobo-
1059 3321 1219 3378 Bellarmini
1237 3327 1279 3377 est
1293 3322 1503 3378 fundamentum
1520 3323 1721 3379 secundarium.
1746 3324 1822 3398 Ergo
1837 3341 1893 3383 nou

201 3394 256 3474 ssi,
282 3424 333 3459 our
352 3424 419 3461 ocra
441 3425 497 3460 raon
521 3408 577 3460 rint
597 3425 690 3461 rerum
708 3410 899 3478 praesentium
916 3411 1033 3465 intimo·
1060 3408 1159 3480 probat
1176 3409 1367 3464 auctoritatem
1387 3404 1516 3482 primario
1533 3417 1562 3466 et
1582 3410 1692 3482 quidem
1712 3413 1801 3468 unica.
1827 3412 1892 3471 Uti·

200 3491 298 3546 niuml
315 3497 341 3546 5.
360 3493 484 3563 infinitus
504 3511 632 3547 numerua
651 3495 859 3552 miraculorum.
893 3496 1033 3553 Cum-hac
1059 3513 1120 3550 mur
1139 3495 1271 3550 ecclesiae
1288 3495 1481 3552 medicatione
1500 3497 1720 3568 adagnitionem
1739 3498 1890 3554 canonicae

203 3576 370 3657 deductione
387 3597 528 3652 nunquam
548 3581 688 3635 conciliari
710 3582 812 3651 poterit
835 3583 949 3638 assertio
977 3584 1034 3653 illa,
1059 3588 1088 3638 et
1104 3581 1214 3637 divinae
1231 3581 1410 3650 auctoritatis,
1428 3600 1510 3653 quam
1525 3582 1666 3654 Scriptura
1682 3583 1711 3637 in
1729 3601 1758 3639 se
1775 3583 1891 3653 obtinet,

202 3658 277 3738 quod
289 3664 448 3737 Scripturae
462 3668 610 3722 auctoritas
622 3667 704 3724 unice
717 3667 753 3723 ab
771 3669 903 3725 ecclesiae
916 3671 1032 3726 auotori-
1060 3667 1108 3721 sed
1125 3672 1270 3739 propterea
1287 3684 1342 3722 non
1360 3667 1443 3722 debet
1460 3668 1514 3723 dici
1531 3668 1741 3724 fundamentum
1764 3669 1809 3724 rel
1835 3671 1889 3743 pri·

199 3757 257 3806 tata
275 3751 403 3823 pendeat.
1058 3754 1173 3808 marium
1200 3753 1244 3809 vel
1272 3753 1471 3809 secundarium.
1507 3754 1568 3820 Quo
1595 3773 1676 3811 sensu
1706 3762 1733 3811 ct
1760 3763 1891 3828 respectu
1969 3797 1982 3805 -

271 3844 312 3894 st.
350 3843 372 3893 3.
399 3839 427 3892 Α
441 3839 562 3908 proprio
586 3839 750 3910 Saipturue
774 3842 916 3910 adjuncto.
952 3842 1033 3907 Quod
1060 3840 1175 3895 ecclesia
1210 3839 1364 3910 appelletur
1388 3839 1487 3901 στύλος
1513 3845 1558 3894 sal
1585 3842 1726 3913 ἑδραίωμα
1752 3843 1796 3910 τῆς
1820 3841 1891 3912 ἀλη-

201 3929 243 3981 est
252 3922 419 3996 principium
434 3941 578 3993 summum,
597 3925 792 3996 immediatum,
812 3928 994 3984 neceesarium
1006 3937 1034 3985 et
1062 3933 1137 3986 ortua
1154 3927 1183 3980 in
1201 3932 1281 3980 tract.
1297 3925 1332 3979 do
1351 3924 1456 3981 Eccles.
1477 3923 1504 4000 ἕ.
1520 3932 1567 3981 116
1583 3927 1639 3981 late
1656 3926 1710 3982 tuit
1726 3927 1890 3999 expositum.

166 4025 173 4037 ⁸
201 4008 285 4067 unica
303 4009 434 4065 credendi
452 4027 536 4065 causa
558 4017 586 4067 et
607 4012 704 4083 regule
721 4014 781 4083 ejus
807 4014 956 4070 auctoritas
978 4032 1033 4070 uon
1059 4018 1083 4068 2.
1101 4012 1251 4081 l’rinoipio
1264 4012 1443 4064 scientiarum
1460 4028 1517 4065 ease
1535 4013 1565 4065 in
1582 4030 1612 4067 ee
1628 4013 1892 4069 indemonetrabilio
1933 4027 1936 4031 ·

202 4098 343 4170 dependat
371 4096 408 4152 ab
438 4098 560 4154 eccleaia.
619 4099 761 4170 Scriptura
795 4108 837 4157 est
866 4101 1033 4173 principium
1058 4100 1088 4151 in
1106 4116 1136 4152 eo
1156 4098 1233 4168 qnod
1249 4097 1319 4167 quaid
1335 4104 1387 4165 est,
1411 4105 1535 4166 respectu
1556 4106 1648 4153 tamen
1666 4101 1757 4153 nonri
1779 4101 1891 4156 demon-

201 4201 354 4252 eummum,
381 4183 588 4254 immediatum,
613 4186 797 4242 necessarium
822 4193 849 4242 et
870 4188 953 4243 unice
975 4208 1032 4245 cre·
1058 4185 1147 4239 attari
1167 4201 1223 4253 per
1249 4184 1510 4238 demonstrationem
1537 4203 1592 4255 qua
1621 4186 1690 4256 quid
1717 4193 1764 4240 eat.
1808 4188 1891 4244 Idem

200 4271 285 4330 dandi
313 4287 398 4326 causa
427 4271 511 4343 atque
539 4273 645 4344 regula
691 4273 724 4327 ln
755 4273 876 4329 scientiis
904 4275 1032 4331 humanis
1058 4288 1115 4325 eoas
1138 4269 1280 4340 judicium
1313 4272 1348 4323 cle
1379 4270 1535 4340 Scriptura,
1588 4271 1671 4344 Resp.
1708 4271 1891 4330 Concedimus

200 4357 337 4416 habentur
360 4358 495 4429 quaedam
520 4358 657 4430 principia
681 4359 832 4412 eitimam
856 4364 901 4413 rat
925 4360 1032 4417 ‹irunt-
1060 4356 1214 4428 Scripturas
1231 4374 1248 4411 a
1267 4356 1416 4428 posteriore
1436 4358 1548 4428 agnosci
1573 4375 1624 4428 pro
1651 4357 1749 4412 divinis
1774 4374 1807 4413 ex
1830 4359 1890 4431 qni·

201 4445 292 4500 desero
310 4443 464 4499 cerfissima
481 4449 510 4500 et
527 4444 796 4514 indemonstrabilia,
821 4463 892 4517 quae
911 4465 965 4502 non
985 4449 1032 4505 de·
1060 4442 1179 4498 burdam
1199 4443 1369 4515 argumentis
1387 4450 1416 4499 et
1434 4443 1596 4500 testimoniis
1614 4446 1685 4501 inter
1707 4461 1779 4517 quaa
1802 4446 1889 4502 eccle

199 4532 322 4605 pendent
338 4546 372 4585 ex
390 4529 461 4599 aliis,
478 4531 527 4586 sed
545 4529 600 4585 alia
618 4548 651 4586 ex
669 4531 744 4602 ipsiu.
778 4531 847 4587 Tale
866 4533 1030 4605 principium
1060 4529 1118 4584 aiae
1129 4527 1286 4583 testificatio
1304 4528 1386 4584 etiam
1405 4528 1496 4585 locum
1513 4547 1593 4584 suum
1611 4530 1725 4596 obtinet
1744 4530 1793 4586 fled
1811 4548 1890 4588 0100

197 4615 227 4674 iu
245 4616 347 4673 divinis
365 4621 407 4672 cat
426 4608 569 4688 Scriptura
588 4633 679 4687 eccm,
704 4617 808 4689 quippe
830 4621 909 4690 cujus
934 4626 1030 4676 auctor
1060 4613 1154 4669 infarri
1177 4614 1286 4686 nequit,
1311 4615 1390 4668 isaiae
1416 4631 1448 4668 en
1476 4616 1609 4670 eeclmioe
1632 4617 1786 4671 testimonio
1814 4616 1890 4672 Seri·

197 4707 240 4761 ast
270 4703 388 4775 Spiritus
417 4709 546 4773 sanabis,
580 4703 627 4776 qui
662 4708 704 4759 est
740 4704 864 4774 Spiritus
897 4707 1030 4762 cantatu.
1056 4701 1364 4772 pturaeauctoritotem
1377 4702 1501 4770 opnoaci,
1519 4701 1706 4758 multominus
1725 4703 1892 4774 Scrapnsrae

197 4788 260 4847 lob
281 4797 320 4859 15,
342 4809 367 4844 v.
387 4795 428 4845 26.
463 4788 539 4864 Ergo
557 4790 714 4862 Scripturac
734 4791 882 4846 auctoritas
900 4810 956 4848 nou
983 4794 1029 4849 de
1058 4789 1249 4842 auctoritatem
1268 4787 1303 4840 ab
1324 4787 1439 4842 ecoloeio
1460 4795 1591 4858 wnqrmm
1617 4807 1634 4842 a
1656 4789 1755 4859 priore
1786 4791 1888 4862 depen-

111 4893 138 4934 11.
152 4877 303 4948 inpendet
321 4876 357 4933 ab
376 4875 499 4932 ecclesia
541 4878 703 4932 Asaumtum
722 4882 831 4934 constat
851 4896 885 4934 ax
903 4879 1030 4934 omnihus
1058 4877 1131 4929 dere.
1168 4873 1307 4945 Principia
1326 4873 1353 4927 in
1375 4874 1495 4930 scientiis
1519 4891 1597 4929 suam
1621 4875 1651 4928 in
1670 4892 1700 4930 se
1724 4892 1757 4930 ac
1783 4892 1835 4946 per
1860 4895 1891 4934 se

198 4961 253 5018 sslis
271 4962 429 5034 scripturae
447 4963 544 5033 dictis,
568 4980 640 5036 quae
658 4964 694 5018 ad
715 4964 873 5035 Scripturae
896 4978 1034 5021 canonem·
1057 4960 1248 5017 auctoritatem
1269 4967 1297 5015 et
1313 4959 1505 5017 certitudinem
1523 4962 1663 5031 obtinent,
1689 4978 1722 5016 ac
1738 4961 1833 5018 statim
1857 4972 1891 5019 ut

197 5065 248 5105 nos
265 5048 346 5105 unice
363 5056 501 5116 revocant,
518 5067 591 5122 quae
607 5068 658 5106 suo
675 5051 736 5106 loco
753 5051 867 5106 inferius
889 5070 1028 5109 enumera-
1056 5047 1248 5118 proferuntur,
1271 5046 1471 5117 approbatione
1488 5049 1575 5121 digna
1592 5055 1754 5117 censentur,
1772 5065 1828 5120 qno
1846 5067 1890 5106 rc·

198 5135 307 5191 buntur.
338 5135 465 5207 Idipeum
482 5136 623 5209 colligitur
642 5154 675 5194 ex
689 5137 769 5210 praxi
781 5136 897 5207 Christi,
921 5145 1028 5209 apssto.
1056 5140 1151 5204 spectu
1176 5131 1259 5186 etiam
1285 5132 1423 5189 axiomata
1449 5134 1595 5202 dicamur,
1622 5151 1795 5206 nequaquam
1823 5153 1890 5192 voro

197 5221 286 5279 lorum
305 5227 333 5276 ct
353 5228 475 5278 veterum
493 5222 626 5279 ecclesiae
643 5223 798 5279 doctorum.
832 5224 877 5279 Illi
902 5223 975 5280 enim
999 5225 1028 5279 in
1054 5220 1109 5275 illis
1135 5217 1283 5274 auctoritas
1305 5221 1440 5291 quaedam
1473 5219 1585 5275 aliunde
1614 5221 1783 5275 conciliatur.
1838 5220 1888 5278 Sic

196 5306 279 5366 rebus
297 5308 363 5364 fidei
379 5309 462 5366 unice
479 5309 515 5364 ad
528 5308 683 5381 Scripturas
695 5317 885 5382 provocarunt,
904 5317 932 5366 et
949 5311 1028 5366 audi·
1054 5305 1203 5377 Scriptura,
1221 5304 1287 5377 quia
1298 5306 1378 5377 primi
1389 5307 1520 5378 principii
1538 5307 1672 5363 rationem
1690 5307 1804 5376 obtinet,
1823 5307 1889 5364 ideo

195 5401 269 5452 toras
287 5411 350 5450 snos
368 5396 538 5452 ruminarunt.
566 5396 695 5460 Quinimo
706 5401 824 5452 tentatur
843 5397 871 5451 id
891 5397 1026 5468 cujusque
1052 5410 1130 5448 auam
1147 5391 1284 5447 internam
1307 5398 1335 5447 et
1351 5392 1490 5448 immotam
1510 5392 1700 5448 auctoritatem
1719 5393 1747 5447 iu
1765 5393 1883 5449 ecclesia

194 5480 235 5555 pil
252 5482 429 5554 emetienda,
447 5482 511 5539 ideo
529 5482 602 5538 anim
621 5482 672 5537 hoc
691 5483 735 5538 vel
752 5483 821 5539 illud
833 5484 936 5557 dogma
946 5482 1027 5537 tirma
1053 5479 1168 5549 obtinet,
1188 5475 1258 5552 qube
1275 5494 1329 5533 non
1343 5479 1456 5535 aliunde
1471 5476 1507 5532 ab
1520 5478 1652 5536 ecclesiae
1671 5478 1775 5535 scilicet
1791 5484 1886 5537 aucto-
