3984 6022
186 260 248 320 220
888 250 1009 309 Locus
1027 249 1169 308 PRIMUS

188 409 287 465 diebus
306 410 393 466 Jonas
420 408 559 462 civitatem
584 423 731 479 peragrare
757 407 856 478 potuit.
896 415 918 463 5.
944 408 1021 463 Som·
1049 412 1074 456 et
1092 405 1229 460 leoninam
1248 421 1318 474 esse,
1349 421 1462 475 eumque
1480 405 1510 457 in
1528 421 1609 459 enies
1623 406 1751 474 pendere
1774 413 1798 460 et
1813 405 1891 460 mori

188 497 265 553 nium
283 497 318 550 ds
338 493 474 549 deductis
492 492 597 548 cellulis
617 493 730 564 quidam
747 500 869 549 veterum
886 501 918 548 ut
934 494 1022 548 incer·
1044 492 1274 558 praenuntiatum
1308 507 1367 545 esse
1401 490 1571 558 osmrrditur,
1607 490 1637 544 id
1672 491 1747 562 quod
1781 490 1888 563 aliquot

188 589 256 647 tum,
276 582 388 652 quidam
406 587 437 633 ut
454 579 554 633 falsum
573 584 601 634 et
619 579 765 634 confictum
782 580 936 651 repudiant
972 580 1021 635 Ju·
1048 577 1179 647 exemplis
1206 576 1308 632 ibidem
1335 575 1444 649 probat.
1486 582 1509 632 8.
1537 576 1619 642 Quod
1643 576 1834 650 evangelistas
1859 584 1888 633 et

189 669 251 725 stin.
273 675 300 722 et
319 667 449 721 Irenaeus
467 666 593 733 stapulas
611 668 641 718 in
659 667 776 732 sinpulis
795 667 903 722 cellulis
920 684 937 720 s
955 683 1022 739 rege
1047 663 1166 733 apostoli
1189 663 1218 718 in
1240 662 1272 720 N.
1291 662 1323 720 T.
1351 663 1379 718 in
1403 661 1559 735 allegandis
1581 661 1616 718 V.
1635 662 1669 717 T.
1693 663 1777 718 dietis
1803 661 1885 719 Lxx

187 753 306 808 inclusos
330 753 415 806 fuisse
437 759 601 821 memorant,
627 753 675 807 sed
698 752 835 823 Epiphsn
858 754 887 806 in
913 753 960 807 lib.
986 754 1021 808 de
1047 749 1165 820 interpp.
1183 749 1337 804 versionem
1349 755 1508 820 sequuntur,
1527 755 1673 819 propterea
1686 749 1801 819 iactum,
1820 751 1884 821 pisia

186 856 304 894 mensur.
325 855 358 893 sc
375 838 544 908 ponderibus
553 837 657 906 scribit,
679 840 755 892 binos
772 858 807 892 ac
825 840 903 894 Mnus
920 841 950 893 in
967 839 1020 894 sin·
1047 853 1078 888 eo
1096 844 1217 906 tempore
1233 835 1288 889 illa
1306 843 1368 891 erat
1386 836 1557 904 inpartibus
1575 837 1732 905 dissipata,
1751 844 1784 892 ut
1795 842 1884 893 monet

186 927 260 999 gulis
288 925 395 981 cellulis
419 926 540 980 inclusos
566 925 659 980 fuisso.
689 926 837 997 Angustia.
862 925 910 980 lib.
936 933 959 982 2.
986 928 1020 981 de
1045 920 1231 992 Hieronymus
1248 922 1277 977 in
1295 939 1318 978 c.
1336 927 1377 978 47.
1396 919 1497 977 Gener.
1515 919 1593 974 Idem
1601 937 1667 978 vero
1684 922 1714 976 in
1733 924 1883 994 epist-151.

187 1013 272 1067 doctr.
291 1011 391 1066 Christ.
417 1028 440 1066 c.
462 1019 499 1067 15.
517 1028 573 1065 non
590 1013 675 1065 audet
692 1012 870 1068 assertionem
887 1012 923 1068 de
938 1013 1020 1067 cellu·
1046 1007 1083 1060 ad
1096 1006 1241 1077 Algasiam
1259 1007 1330 1062 hane
1349 1006 1428 1076 ponii
1444 1006 1580 1078 regulam:
1605 1008 1766 1078 Ubicunque
1784 1013 1821 1065 dc
1839 1011 1882 1065 Vs

186 1098 221 1152 lis
249 1106 381 1169 tanquam
412 1104 514 1151 certem
544 1097 718 1166 confirmare,
749 1098 874 1170 quamvis
903 1099 1021 1155 versioni
1046 1093 1101 1145 itti
1122 1095 1309 1147 lemmatum
1332 1094 1487 1162 P'0Pbtiffl
1518 1103 1543 1146 ⁸⁶
1575 1095 1699 1164 αΡθθΐθῖῑ
1728 1097 1882 1151 misam

185 1184 250 1239 huic
268 1185 417 1255 plurimum
434 1185 552 1238 tribuat:
585 1185 621 1236 In
644 1183 763 1239 Graecis
783 1186 891 1256 (inquit)
911 1195 1020 1255 septua·
1042 1180 1236 1248 PtOiblmbis
1264 1178 1429 1249 dibiiibii‘ffl
1459 1181 1661 1235 obseruandum
1684 1189 1726 1236 “i
1754 1199 1813 1237 Μ
1839 1199 1880 1238 ⁶0⁸

185 1272 265 1340 pinta
288 1273 482 1340 interpretum,
509 1273 585 1341 quod
608 1274 649 1325 ad
672 1272 701 1327 V.
722 1274 754 1329 T.
775 1275 885 1342 attinet,
913 1275 1021 1327 excellit
1047 1266 1131 1319 uerba
1148 1274 1255 1320 secutos
1273 1282 1340 1334 esse,
1359 1267 1411 1320 sed
1427 1282 1544 1336 emmas,
1563 1275 1589 1321 et
1603 1266 1879 1338 ubicunqnedeptssa·

86 1369 113 1410 ιι.
125 1366 173 1412 Μ.
186 1359 353 1421 auctoritas,
380 1359 430 1426 qui
449 1358 515 1426 jam
534 1375 590 1426 per
615 1375 707 1412 omnes
724 1361 856 1413 ecclesias
871 1361 1021 1429 peritiores
1046 1352 1127 1419 tinia
1144 1352 1180 1405 ab
1192 1351 1322 1405 Hebraeo
1340 1352 1510 1423 discrepasti,
1527 1352 1687 1408 Hebraeum
1699 1370 1814 1409 tenum
1828 1355 1881 1410 1υὺ

186 1452 264 1498 santa
292 1445 457 1513 possenna
488 1444 613 1513 Spiris-ns
641 1447 733 1498 sancti
758 1447 934 1515 interpretati
964 1464 1021 1500 esse
1049 1438 1217 1506 capraram
1234 1438 1416 1492 sanantur.

186 1532 330 1598 dicuntur,
356 1538 386 1584 ut
409 1548 440 1583 os
457 1549 540 1584 unum
558 1539 599 1584 tot
621 1531 760 1584 hominum
775 1534 877 1599 famil.
916 1534 971 1594 Qrsi
987 1533 1020 1600 si,

185 1624 215 1670 ut
240 1619 347 1686 samur,
378 1617 512 1685 multique
541 1634 596 1669 non
624 1618 736 1685 indipni
757 1619 820 1684 fide
842 1620 1021 1688 praedicant,

183 1704 290 1771 sinpuli
306 1702 385 1757 celliis
404 1704 488 1758 etiam
506 1703 625 1770 sinpulis
641 1705 782 1774 separati,
809 1723 870 1759 cum
887 1706 1021 1776 interpre-

183 1791 238 1843 tati
257 1799 361 1860 essent,
381 1791 454 1843 nihil
472 1791 502 1843 in
521 1791 644 1860 alicujus
660 1808 755 1844 eorum
773 1793 867 1845 codice
886 1792 1022 1845 inuentum

185 1885 231 1942 est,
253 1880 330 1947 qnod
347 1895 403 1931 non
422 1877 522 1930 iisdem
540 1879 630 1931 uerbis
649 1879 798 1947 eodernpue
815 1879 960 1932 verborum
978 1897 1021 1932 or-

1364 1716 1570 1724 --——.—-—

184 1964 250 2017 dine
270 1965 439 2017 inueniretur
456 1965 487 2016 in
505 1963 610 2031 ceteris,
631 1964 680 2032 pai
696 1964 760 2017 huic
779 1966 943 2018 auctoritati
958 1982 1021 2017 con·
1301 1932 1364 1991 SE
1383 1932 1404 1992 ⁰
1423 1933 1448 1990 Τ
1465 1930 1523 1993 1⁰
1554 1931 1621 1992 m·
1921 1988 1926 1995 ·

182 2050 261 2114 ferre
277 2051 396 2118 aliquia,
416 2051 515 2103 nedum
529 2052 680 2118 praeferre
695 2053 819 2106 audeat-²
838 2050 884 2117 (ln
898 2051 1022 2123 margine
1091 2051 1156 2115 DE
1184 2050 1413 2118 SYRIACA
1442 2052 1482 2119 N.
1509 2054 1544 2119 Τ.
1567 2052 1799 2120 VERSION
1807 2055 1843 2119 Ε.

183 2137 327 2190 annotavit
342 2136 488 2190 Erasmus:
511 2137 594 2190 Illud
611 2137 665 2189 alii
683 2147 816 2206 tanquam
829 2137 965 2204 subulam
983 2138 1021 2189 ri·

184 2223 276 2291 dent).
307 2221 493 2293 Hieronymus
519 2222 701 2278 confidentior
729 2223 757 2277 in
784 2223 900 2294 praefat.
920 2222 1021 2276 Ponta-
1084 2225 1140 2277 509.
1168 2221 1230 2287 Qua
1252 2221 1395 2276 occasione
1419 2219 1641 2292 syrianus.
1665 2222 1755 2278 versio
1778 2221 1809 2279 in
1830 2222 1879 2277 Eu·

184 2308 288 2363 teuchs
309 2310 409 2364 Nescio
423 2310 484 2378 prsis
494 2310 606 2378 primus
625 2319 725 2363 auctor
740 2311 920 2378 septnapinta
937 2309 1021 2361 cellu—
1047 2322 1143 2375 ropam
1167 2307 1335 2378 pervenerit,
1361 2309 1536 2379 exposuimus
1560 2309 1588 2361 in
1610 2316 1690 2363 tract.
1712 2309 1748 2364 de
1765 2309 1879 2365 method-

184 2395 230 2448 las
246 2396 440 2449 Alexandriae
456 2396 602 2450 mendacio
619 2415 669 2449 suo
689 2398 866 2461 esstmmerit,
893 2413 954 2448 cum
973 2412 1022 2449 nec
1047 2392 1132 2447 studii
1148 2392 1268 2465 theolog.
1287 2397 1358 2465 part
1375 2402 1397 2450 2.
1417 2402 1482 2449 sect
1504 2400 1524 2448 l.
1545 2411 1605 2465 cap.
1615 2400 1645 2463 33
1666 2395 1695 2448 id
1712 2396 1805 2466 ipsum
1820 2413 1880 2452 vero

184 2481 344 2551 Aristaeus,
368 2484 417 2552 qui
434 2483 543 2550 repotia
562 2483 705 2549 interfuit,
725 2501 774 2536 nec
791 2483 932 2551 Josephus
950 2482 1021 2535 hanc
1046 2477 1129 2532 latius
1152 2478 1272 2550 explieat
1293 2479 1435 2535 iohannes
1458 2480 1605 2535 Balthasar
1623 2479 1834 2537 Bsumbaehins
1854 2481 1880 2537 in

183 2568 329 2622 historiam
353 2585 490 2622 enarrans
513 2569 603 2623 ullam
624 2569 735 2630 faciant
759 2569 926 2622 cellularum
947 2586 1019 2622 men·
1046 2569 1125 2618 tract
1152 2565 1188 2619 ds
1212 2565 1314 2636 linguis
1340 2566 1462 2622 oriental.
1489 2584 1511 2621 c.
1534 2574 1572 2623 1³.
1609 2566 1663 2631 Qui
1686 2567 1759 2623 liber
1775 2566 1879 2622 cumin

182 2654 296 2724 tionem
325 2672 438 2723 cumque
464 2656 545 2708 alind
565 2657 602 2708 sit
626 2673 684 2710 esse
706 2665 810 2718 satem,
837 2657 920 2709 aliud
938 2656 1019 2708 inter-
1045 2666 1197 2721 paucorum
1231 2651 1358 2707 manibus
1382 2658 1519 2722 versetur,
1551 2636 1689 2723 quandlu
1713 2670 1748 2710 ex
1773 2670 1809 2710 eo
1830 2653 1879 2709 huc

180 2749 295 2810 pretenn
331 2748 353 2796 6.
376 2740 458 2795 Multi
477 2739 621 2804 dubitent,
646 2758 682 2794 an
701 2740 810 2795 Graeca
826 2741 929 2808 versio,
949 2757 1020 2811 quae
1045 2737 1208 2794 referemus:
1224 2740 1282 2794 Sub
1292 2742 1385 2794 Leone
1392 2741 1428 2797 X.
1439 2742 1571 2810 pontifics
1579 2740 1718 2810 Romano,
1732 2743 1784 2810 qui
1793 2741 1877 2796 cosei

183 2824 265 2881 hodie
281 2831 377 2896 exstat,
405 2827 441 2881 sit
458 2827 508 2882 illa
526 2844 544 2882 a
560 2826 701 2882 veteribus
719 2833 863 2897 tantopere
881 2826 1020 2881 celebrata
1045 2824 1114 2878 lium
1131 2843 1151 2878 a
1161 2827 1243 2879 Jnlio
1254 2827 1298 2883 ΙΙ,
1317 2835 1495 2880 convocatum
1513 2828 1554 2879 ad
1570 2829 1741 2881 Laterarm
1755 2827 1877 2895 habebat,

182 2911 266 2966 Lxx
287 2913 468 2984 interpretum
490 2913 588 2968 versio.
621 2912 764 2968 Aristaeus
784 2913 856 2968 enim
876 2912 904 2966 in
923 2912 1018 2969 histor.
1044 2912 1164 2964 Romam
1187 2912 1267 2964 missi
1288 2929 1321 2964 ss
1345 2913 1432 2980 Syria
1454 2914 1535 2976 fruere
1553 2913 1640 2981 lepati
1656 2915 1783 2968 Acurius
1800 2914 1877 2968 Jose
1889 2924 1932 2966 us

181 2997 265 3070 hujus
277 2997 410 3053 versionis
429 3003 458 3053 et
468 2997 550 3053 Philo
570 2998 618 3053 lib.
635 3005 658 3054 2.
678 2999 713 3053 de
727 2999 786 3052 vita
796 2996 907 3069 Moysis*
914 3003 1018 3054 testan-
1040 2998 1116 3064 phur
1133 2999 1273 3062 sacerdos,
1293 3000 1408 3066 Moyses
1422 3000 1580 3053 Monachus
1591 2999 1731 3053 diaconae
1741 3007 1769 3054 et
1780 3001 1878 3054 Helias

181 3093 227 3141 tur
254 3085 336 3140 LXX
362 3086 528 3154 interpretes
556 3085 723 3154 fidelissime
750 3103 784 3139 ac
809 3087 1017 3155 propriissime,
1043 3082 1263 3152 hypodiaconus,
1281 3085 1404 3138 hormines
1422 3085 1499 3138 docti
1514 3092 1539 3138 et
1553 3085 1664 3151 ensditi,
1682 3087 1734 3154 qui
1748 3087 1879 3141 Theseum

181 3174 308 3241 adeoque
318 3173 481 3226 adverbum
493 3172 587 3227 onznia
603 3171 787 3239 transtulisse,
805 3180 887 3240 atque
904 3172 1017 3225 illorum
1044 3170 1222 3224 Ambrosium
1247 3173 1381 3226 Albonesi
1401 3172 1529 3240 repulum
1546 3170 1646 3226 litum
1665 3173 1767 3226 literas
1786 3174 1879 3242 Syria·

179 3259 436 3328 interpretationem
463 3277 482 3311 a
505 3258 600 3311 multis
628 3258 778 3325 dilipentcr
798 3260 890 3322 fuisse
917 3259 1018 3313 mami·
1044 3274 1092 3309 cas
1118 3265 1176 3310 tum
1201 3259 1360 3311 docuerunt.
1400 3259 1432 3311 Is
1455 3259 1538 3312 annis
1555 3267 1657 3327 postea
1683 3260 1783 3315 multus
1808 3261 1880 3315 rnna

180 3353 290 3410 umam,
318 3352 465 3414 antequam
483 3345 515 3397 in
532 3345 638 3413 replum
657 3344 847 3397 bibliothecam
861 3353 1019 3413 poneretur,
1044 3344 1213 3397 nwnasticas
1241 3344 1328 3398 cellas
1351 3347 1422 3412 (erat
1440 3346 1512 3398 enim
1528 3352 1590 3399 uoto
1608 3361 1659 3397 seso
1679 3347 1776 3399 sarscts’
1790 3347 1879 3414 Aspa-

174 3433 264 3501 ‘atpne
291 3432 326 3483 ab
349 3431 473 3485 omnibus
497 3431 609 3483 taudem
622 3431 775 3500 fidelitatis
793 3441 818 3485 et
832 3433 1019 3501 proprietatis
1043 3430 1111 3483 stini
1136 3431 1270 3483 canonico
1296 3431 1423 3484 instituto
1449 3432 1605 3495 obstrictus)
1629 3432 1799 3487 meditando
1823 3440 1880 3487 tas·

181 3519 240 3586 ipsi
263 3519 360 3570 datam
384 3533 450 3570 esse.
492 3515 547 3571 Sed
572 3515 681 3571 Graeca
706 3516 809 3586 versio,
837 3534 919 3589 quam
944 3535 1018 3572 nune
1045 3523 1102 3568 tum
1122 3519 1260 3586 profecit,
1288 3525 1319 3570 ut
1347 3517 1415 3585 Syri
1440 3535 1548 3586 quoque
1574 3519 1717 3586 inpertiam
1740 3519 1832 3589 ipsisu
1856 3525 1880 3572 et

181 3602 328 3670 habemus,
352 3602 446 3657 multis
470 3602 499 3655 iu
523 3602 590 3656 locis
607 3619 625 3655 a
641 3609 718 3658 textu
735 3602 864 3659 Hebraeo
884 3605 1018 3660 dissentit.
1044 3620 1137 3656 acrem
1159 3614 1387 3673 praesentemque
1418 3605 1447 3657 in
1473 3623 1505 3659 eo
1524 3606 1629 3659 labore
1657 3607 1784 3660 animum
1809 3605 1879 3659 sebe

181 3690 264 3745 Adde
289 3689 364 3759 quod
386 3689 496 3744 Graeca
519 3688 620 3758 versio,
648 3706 718 3760 quae
742 3688 824 3744 hodie
851 3697 958 3759 exstet,
988 3691 1017 3744 in
1045 3698 1147 3743 menter
1164 3690 1383 3746 admirarentur.
1407 3691 1532 3745 Ceterum
1549 3710 1609 3744 crim
1621 3692 1771 3746 Johassnes
1787 3692 1880 3747 Alter

181 3775 248 3831 locis
283 3774 376 3828 multis
395 3789 467 3829 ¹non
502 3775 591 3844 possit
624 3774 683 3829 ulle
712 3776 818 3830 ratione
849 3793 912 3830 cum
940 3783 1017 3832 textu
1044 3784 1088 3830 tus
1112 3777 1354 3831 Widmanstadius
1373 3778 1460 3831 IOtus
1477 3786 1504 3831 et
1516 3778 1730 3846 provinciarum
1748 3779 1880 3833 Amnius

181 3859 311 3916 Hebraeo
329 3861 486 3929 conciliari,
510 3860 562 3914 nisi
589 3872 781 3916 removeantur
806 3870 910 3932 puncta
934 3869 1018 3934 atque
1045 3863 1223 3916 orientalium
1252 3866 1437 3918 cancellarius
1465 3883 1539 3919 anno
1563 3868 1643 3919 1529.
1669 3866 1700 3920 in
1726 3865 1829 3921 Caroli
1854 3864 1880 3919 V.

182 3947 263 4003 aliter
296 3948 438 4019 legantur,
468 3962 551 4017 quam
577 3952 681 4016 puncta
709 3946 835 4017 subjecta
859 3949 1017 4020 requirunt3
1045 3947 1178 4000 Caesaris
1201 3951 1279 4002 sacri
1295 3952 1465 4005 diadematis
1483 3971 1571 4006 cansa
1588 3953 1751 4006 Bononiam
1767 3952 1879 4023 profici·

181 4034 254 4105 quod
281 4038 444 4105 argumento
468 4038 510 4087 est
533 4040 673 4088 auctorem
694 4032 768 4088 illius
785 4035 917 4089 versionis
938 4054 1017 4090 usum
1044 4035 1146 4087 scentis
1164 4036 1296 4088 comitatu
1308 4045 1377 4090 esset
1391 4045 1416 4091 et
1429 4038 1456 4091 ei
1470 4039 1771 4109 comubernalibssspss
1795 4040 1880 4110 ipsiss

179 4120 265 4176 fuisse
288 4119 382 4176 bibliis
400 4137 455 4174 non
473 4119 626 4190 punctatis,
652 4120 726 4191 quod
746 4120 780 4176 de
798 4120 881 4174 LXX
899 4121 1016 4193 interpp.
1043 4121 1129 4188 Repii
1146 4122 1251 4190 Lepidi
1274 4141 1293 4175 a
1310 4124 1492 4177 amatoribus
1511 4125 1662 4194 hospitium
1679 4126 1772 4194 jocata
1788 4141 1879 4180 como

179 4224 235 4263 non
253 4213 296 4262 est
313 4205 467 4262 verisimile.
493 4204 612 4262 (lasaub.
632 4206 757 4262 exercit:
780 4207 940 4261 Bibliorum
959 4211 1016 4262 edi·
1045 4208 1132 4276 Mum,
1160 4208 1209 4261 ubi
1229 4210 1349 4262 Theseus
1366 4211 1432 4279 jum
1456 4227 1539 4264 senes
1560 4212 1648 4265 vitam
1664 4213 1783 4280 apebat,
1802 4213 1881 4281 sorte

179 4295 281 4348 tionem
311 4292 452 4347 Graecmn
476 4294 584 4346 Romae
611 4302 737 4346 curatam
763 4293 908 4347 Baronius
933 4304 1017 4364 putat
1044 4295 1205 4348 attributum
1228 4297 1344 4364 fuisset,
1366 4299 1509 4367 postridie
1528 4299 1590 4367 ejus
1608 4299 1669 4353 disi
1693 4299 1880 4354 wicmannus

180 4398 237 4436 esse
261 4382 432 4450 ipsissimam
456 4382 511 4434 τῶν
528 4381 612 4434 LXX
632 4382 796 4449 versionem,
822 4399 893 4449 quae
913 4391 1016 4435 senten·
1044 4383 1109 4459 dius
1131 4382 1261 4451 templum
1280 4383 1419 4451 inpressas
1435 4386 1620 4438 uenerandum
1638 4401 1732 4438 serem
1751 4402 1822 4440 casu
1837 4385 1879 4440 ab

179 4467 221 4520 tia
254 4468 285 4520 in
314 4467 404 4521 tirone
434 4466 531 4535 aliquo
562 4467 651 4519 studii
681 4466 828 4533 theolopici
853 4468 899 4519 uis
922 4476 1017 4537 posset
1043 4467 1117 4519 uiurn
1134 4468 1272 4532 salutarit,
1293 4471 1343 4539 qui
1357 4478 1388 4523 ut
1405 4472 1497 4539 speum
1515 4474 1551 4525 de
1568 4472 1696 4525 coenobii
1710 4472 1880 4536 bibliotheca,

180 4554 320 4621 mensuri,
338 4556 439 4607 nedum
457 4555 487 4607 in
505 4554 578 4605 tanti
596 4552 715 4606 nonanis
731 4555 800 4606 uiro.
835 4553 914 4608 Idem
933 4559 1018 4607 statu·
1043 4555 1173 4621 rarisque
1191 4555 1220 4606 in
1239 4571 1273 4607 ea
1290 4555 1371 4608 libris
1388 4558 1529 4610 sciscitari
1547 4558 1696 4625 intelleeit,
1719 4575 1753 4611 ea
1769 4558 1880 4628 nunqu

179 4647 231 4693 unt
247 4638 366 4693 Drusius
384 4638 430 4693 lib.
450 4646 474 4694 6.
493 4638 600 4693 observ.
619 4655 641 4691 c.
662 4646 686 4692 9.
705 4639 840 4694 Witalrer.
863 4640 898 4694 de
917 4639 1015 4708 Script.
1045 4639 1074 4690 in
1098 4639 1228 4692 conclave
1254 4640 1409 4695 introdusit
1439 4651 1464 4696 et
1491 4645 1614 4712 arreptis
1640 4643 1772 4712 epiuteo
1788 4660 1880 4699 sacro

180 4731 366 4798 quasitot.
393 4734 415 4781 t.
429 4724 527 4780 Versio
542 4724 624 4778 LXX
639 4723 820 4795 interpretum
830 4726 890 4795 jam
902 4725 967 4779 olim
981 4725 1017 4779 ab
1044 4725 1149 4777 sanctis
1169 4726 1318 4792 euanpeliis
1338 4729 1455 4796 Syriaca
1473 4731 1606 4798 scriptis:
1640 4731 1769 4801 Hospes,
1797 4731 1882 4800 inquit

180 4811 316 4883 Origene,
340 4809 478 4877 Lucieno,
501 4809 657 4881 Hesychia,
682 4808 854 4882 Hieronymo
878 4812 1017 4866 emendari
1044 4811 1238 4880 inpemiscens,
1273 4815 1433 4882 peregrinis
1466 4816 1509 4868 his
1539 4816 1642 4868 stadiis
1675 4816 1792 4870 dedim
1823 4834 1883 4870 ssss

180 4899 283 4970 coepit,
309 4898 446 4970 quomodo
470 4897 555 4968 igitur
578 4896 615 4951 ab
638 4896 776 4951 erroribus
801 4897 929 4952 immunis
946 4897 1018 4952 fuit‘t
1044 4898 1127 4950 annm
1144 4898 1255 4951 circiter
1271 4900 1429 4968 quindecim
1452 4919 1539 4971 eaque
1566 4903 1626 4955 sine
1650 4901 1740 4955 munti
1756 4905 1799 4957 ad
1813 4903 1883 4957 huss

180 4991 209 5040 et
228 4985 290 5055 quis
307 4985 416 5051 credat,
438 5000 500 5038 cum
518 4983 613 5056 primis
630 4983 759 5038 trecentis
779 4983 858 5037 annis
877 4991 1018 5054 corrupte·
1045 4985 1119 5036 diem
1137 4983 1238 5040 ansani.
1269 4985 1379 5039 Utinam
1397 4987 1466 5041 mihi
1478 4988 1604 5041 omsniat
1616 4988 1775 5056 densando
1788 5006 1881 5059 prosu

179 5071 222 5125 las
243 5070 426 5140 contraxerit,
451 5073 525 5143 quod
548 5069 661 5142 reliquis
685 5070 765 5123 annis
790 5069 865 5124 mille
888 5069 1018 5124 merentis
1042 5078 1092 5138 pto
1107 5079 1266 5138 paratoque
1282 5072 1393 5138 inpenio
1409 5073 1465 5143 uir,
1484 5075 1534 5142 qui
1550 5090 1704 5128 sennonem
1720 5075 1795 5129 hanc
1813 5075 1883 5129 Jsss

180 5155 339 5228 incorrupta
362 5157 512 5213 manserit?
537 5157 640 5213 iustin.
658 5156 687 5210 iu
704 5155 768 5210 dial
788 5172 850 5210 cum
867 5154 1018 5227 T1yphone
1046 5152 1151 5209 Christi
1167 5156 1350 5210 samtimimis
1369 5158 1458 5212 labris
1475 5167 1666 5212 consecratum
1680 5162 1806 5229 posteris
1822 5168 1881 5213 tarr

180 5259 206 5313 p.
236 5248 298 5297 2³1:
330 5243 469 5311 Mapistri
494 5245 580 5297 vestri
604 5245 708 5298 multos
735 5252 761 5295 et
788 5244 909 5311 intepros
932 5260 1017 5310 pror-
1045 5258 1128 5309 queam
1141 5259 1196 5310 per
1213 5261 1312 5297 marine
1331 5247 1499 5298 tradendum
1517 5249 1593 5313 (nam
1611 5254 1691 5299 aetas
1708 5247 1781 5301 mihi
1791 5261 1883 5318 prope

180 5344 229 5382 mss
245 5328 320 5382 locos
337 5330 454 5383 illarum
468 5329 681 5398 Scmpturarum
698 5348 730 5384 eu
748 5329 936 5384 translatione
953 5328 1017 5382 illa·
1038 5327 1104 5394 jam
1124 5337 1219 5382 exacta
1237 5333 1292 5395 est)
1312 5348 1331 5383 a
1349 5347 1391 5384 me
1410 5333 1539 5401 accipere
1556 5332 1630 5386 velit.
1667 5333 1723 5387 Cin'
1738 5333 1884 5403 respondi

179 5430 256 5477 rum,
282 5416 332 5483 qni
350 5432 410 5469 cum
427 5416 589 5470 Holemaeo
605 5419 706 5484 fuere,
731 5418 872 5469 seniorum
898 5414 1017 5469 sustulr-
1052 5414 1302 5469 Widmanstadius:
1329 5419 1427 5486 Pater,
1452 5420 1479 5471 si
1493 5436 1650 5487 paucarum
1667 5414 1803 5473 horarum
1820 5434 1883 5490 ope-

178 5508 259 5570 runt,
282 5499 314 5552 in
329 5501 428 5569 quibem
445 5502 522 5555 clare
540 5502 611 5554 hunc
628 5502 720 5571 speum
741 5502 902 5571 maritimum
919 5502 1017 5553 Deum
1044 5517 1096 5553 rae
1113 5518 1235 5570 parcere
1253 5506 1387 5574 volueris,
1411 5505 1569 5559 auditorem
1588 5520 1631 5558 ms
1651 5505 1764 5559 habebis
1779 5506 1814 5560 iss
1831 5505 1884 5569 he
