3984 6022
208 276 271 336 208
914 269 1037 330 Locus
1055 265 1199 329 tumus

209 426 250 481 sic
272 426 403 481 haeretici
424 424 636 481 orthodoxorum
659 430 688 480 ct
710 441 811 480 nomeu
834 439 864 481 et
879 443 955 481 arma
973 427 1042 482 Scri·
1071 433 1150 481 terna
1171 424 1259 498 cogit,
1283 430 1377 480 tamen
1394 423 1545 480 efficaciter
1562 429 1655 481 moret
1670 424 1848 496 persuuione
1863 422 1900 482 in·

209 520 319 584 pturum
345 512 450 568 scilicet
472 528 578 567 sacrum
601 511 655 567 sibi
678 513 834 567 vendicant.
870 513 1044 569 rathado-
1070 520 1157 576 terns‚
1178 518 1262 583 aupue
1283 511 1335 566 hoc
1354 509 1458 565 sufficit
1476 510 1513 566 ud
1531 511 1777 577 illuminationem,
1795 527 1901 569 eonver-

209 607 285 654 rotus
304 599 334 652 in
352 598 490 669 opusculis
509 606 605 652 contra
622 599 713 653 νιιιιι
731 597 869 668 haereses,
889 618 961 671 quae
980 607 1045 655 suut
1071 599 1175 654 sionem
1199 607 1228 653 et
1250 597 1471 653 informationem
1494 614 1603 667 sorum,
1630 596 1679 670 qui
1702 615 1760 655 non
1777 598 1904 655 resistunt

211 685 240 739 in
259 691 282 740 2.
300 691 365 739 tom.
383 702 457 756 oper.
475 685 612 738 Athenae.
634 685 668 738 Si
685 687 806 742 videant.
823 687 920 754 petitia
936 704 951 741 e
970 688 1044 741 Scri·
1072 685 1248 756 pertinaciter
1268 684 1382 756 Spiritui
1406 690 1511 739 sancto.
1547 684 1674 739 lactant
1697 683 1747 739 lib.
1768 690 1793 740 5.
1818 684 1903 741 Insfit

114 782 117 786 ’
206 779 295 840 ptura
318 771 598 825 demonstrationibus
621 771 768 824 stultitiam
785 788 867 825 auam
885 774 1045 842 corrutrinpi,
1071 789 1093 827 c
1115 781 1159 830 19:
1179 773 1262 825 Nilil
1279 781 1336 824 tam
1353 771 1555 839 uoluntarium,
1574 790 1658 842 quam
1675 772 1786 842 relipio,
1805 773 1837 826 in
1852 790 1904 843 pua

212 856 376 926 Sumptarae
400 864 528 910 recusant
550 856 804 929 (παραγράφονται)
833 867 857 911 ct
883 878 997 929 eropum
1021 870 1045 913 et
1072 861 1099 911 ri
1126 859 1236 912 animoa
1266 876 1395 925 αυιιιιιι,
1418 857 1484 926 jam
1509 858 1635 925 inbuto,
1658 859 1727 928 jum
1754 858 1837 912 nullu
1862 866 1904 913 est

210 960 306 1011 ueurn,·
332 944 361 995 ai
383 944 496 1012 quando
520 959 585 996 uero
606 952 722 1012 putant,
746 945 803 997 ribi
813 947 917 1012 sarcre
941 944 1044 999 nudum
1073 944 1209 1015 Epiphen.
1227 944 1331 999 haeres.
1350 949 1396 1000 et:
1418 943 1515 998 &ltus
1530 945 1590 997 Dei
1607 961 1663 998 non
1682 953 1723 998 eet
1741 962 1775 999 aa
1791 946 1904 1000 maeui-

210 1029 331 1099 uls'puod
353 1031 465 1099 effatum
488 1047 506 1081 a
528 1030 649 1096 penitina
672 1030 792 1083 reectum
817 1032 953 1085 orationis
974 1032 1046 1084 cerie
1072 1040 1142 1098 tate,
1169 1033 1221 1084 aed
1237 1048 1270 1084 ec
1289 1032 1437 1084 uoluntate.
1475 1038 1500 1087 5.
1518 1030 1600 1097 Quod
1616 1031 1802 1087 Bellurminus
1820 1036 1905 1104 urget,

159 1168 165 1177 ,
212 1118 253 1169 ad
270 1133 348 1169 auum
367 1116 554 1185 propositum,
578 1117 789 1169 accommodant
805 1117 864 1169 ruit
882 1118 1045 1182 confirmari·
1073 1119 1174 1187 utaque
1190 1119 1311 1186 quodam
1329 1115 1447 1181 visunt,
1473 1135 1577 1171 summo
1594 1127 1621 1172 et
1638 1119 1796 1172 authentico
1812 1119 1905 1187 judin

210 1203 312 1256 diest*
355 1201 482 1257 Gnostici
505 1200 664 1270 Scripturae
692 1218 845 1272 purpuram
870 1203 928 1256 suis
955 1219 1045 1258 assue-
1073 1221 1126 1256 non
1158 1221 1217 1257 ease
1247 1205 1419 1275 sperandum
1453 1205 1706 1258 controversiarum
1734 1205 1837 1275 finem,
1872 1203 1906 1259 sd

209 1289 278 1344 bant
299 1287 421 1355 laciniis,
447 1287 496 1342 sed
516 1286 588 1341 lrcn.
609 1286 657 1344 lib.
686 1294 707 1342 l.
728 1305 750 1343 c.
771 1295 792 1343 1.
818 1288 935 1359 pulchra
951 1288 1045 1343 simili·
1072 1289 1141 1343 illud
1167 1291 1366 1360 respondemus
1393 1290 1480 1361 ipsius
1507 1290 1670 1346 Bellarmini
1694 1289 1787 1346 verbio
1811 1289 1860 1346 lib.
1883 1296 1905 1347 2

209 1375 306 1430 tudine
330 1381 474 1444 comparat
496 1373 557 1427 illos
578 1390 641 1427 cum
660 1372 707 1442 iis,
734 1375 785 1443 qui
800 1375 895 1442 rapiar
914 1375 1045 1443 inopinis·
1073 1376 1107 1431 de
1125 1376 1222 1432 concil.
1241 1394 1263 1431 c.
1286 1384 1330 1433 te:
1366 1379 1431 1431 Non
1449 1386 1490 1431 eat
1509 1378 1618 1446 mirum,
1636 1379 1663 1430 ri
1677 1385 1774 1431 manet
1791 1376 1906 1431 ccelmio

209 1478 368 1531 compapem
392 1478 425 1514 cu
446 1460 637 1513 aekctioeimie
659 1462 774 1526 pemeria
791 1463 972 1530 compositam
989 1462 1044 1515 sol·
1072 1464 1131 1515 eine
1158 1465 1282 1517 remedio
1308 1465 1428 1517 tuniano
1454 1465 1578 1533 efficaci,
1607 1464 1836 1534 mandopuidem
1854 1480 1906 1518 aon

107 1598 110 1609 ,
207 1556 288 1614 cunt,
322 1547 483 1615 solatorque
510 1554 609 1615 parter
638 1544 668 1597 in
698 1546 777 1599 canis
807 1555 856 1600 out
882 1549 1045 1616 vulpeculae
1072 1551 1168 1602 nititur
1190 1551 1250 1619 ejus
1274 1550 1353 1602 aalua
1366 1551 1519 1619 pruedpue
1536 1549 1659 1604 humana
1676 1551 1833 1604 induetriu.
1860 1551 1908 1604 ssd

202 1637 328 1704 flpuram
346 1641 454 1704 aptant,
471 1632 554 1699 rnilpo
568 1633 743 1701 persuadere
754 1632 882 1700 volentes,
901 1651 960 1687 care
973 1635 1044 1688 lianc
1072 1637 1170 1689 divino
1191 1638 1379 1705 protectione,
1405 1655 1467 1690 cnm
1490 1639 1551 1707 ejua
1568 1654 1618 1691 reu
1634 1639 1672 1691 rit
1688 1640 1778 1691 Deua.
1815 1636 1908 1691 Potest

208 1723 325 1776 eundem
344 1720 494 1788 imopinens
510 1719 600 1787 reple,
626 1736 710 1787 quam
725 1719 837 1787 primae
858 1721 964 1788 ortisen
977 1723 1044 1789 sor·
1072 1741 1106 1777 ac
1132 1723 1210 1777 delet
1238 1724 1354 1777 coclerio
1381 1724 1544 1793 rnpplicare
1572 1742 1607 1779 ac
1633 1732 1736 1777 certrsm
1764 1731 1819 1789 eet,
1846 1725 1907 1778 Deo

208 1809 307 1875 mavit,
329 1815 483 1877 propterea
510 1806 587 1874 qaod
613 1821 646 1857 ex
668 1805 769 1858 iisdem
794 1807 908 1873 punimur
934 1815 1044 1861 comtet.
1072 1826 1156 1862 curae
1175 1811 1247 1876 sore
1270 1810 1331 1878 rjua
1354 1809 1480 1864 ιαὶιιιιιιι.
1516 1815 1539 1864 6.
1560 1809 1698 1865 Pontificii
1721 1807 1831 1865 habeut
1847 1808 1907 1864 visi·

172 1946 175 1951 .
209 1894 396 1951 tDiubolna
414 1893 443 1945 in
461 1891 557 1945 duello
574 1888 672 1944 Matth.
692 1895 716 1956 ι,
734 1907 760 1942 v.
779 1896 794 1946 6
814 1891 956 1960 nllcpabm
969 1894 1045 1948 Seni-
1072 1895 1156 1951 bilem
1171 1893 1308 1965 judicem,
1337 1893 1496 1963 pontificem
1514 1895 1621 1950 scilicet
1635 1893 1802 1950 Romanum.
1836 1894 1908 1951 Num

204 1989 307 2051 pturas
333 1988 431 2033 contra
457 1976 611 2041 Christum,
642 1976 733 2046 inquit
754 1975 855 2031 Eccius
882 1979 911 2033 in
934 1978 1045 2034 Euchir.
1073 1997 1136 2036 vero
1155 1997 1249 2036 omnes
1267 1981 1470 2036 controversiae
1487 1982 1561 2049 apud
1575 1980 1650 2051 ipsos
1664 1980 1793 2052 sopitae?
1813 1980 1907 2037 Praxi·

209 2084 232 2121 c.
251 2073 275 2122 ι.
294 2065 344 2120 aed
362 2063 503 2119 addimus:
531 2061 658 2116 Christus
676 2062 834 2133 Scripturae
851 2064 933 2119 dictis
950 2065 1044 2120 diabo-
1070 2074 1187 2122 testatur
1210 2067 1385 2122 contrarium.
1425 2067 1462 2121 Et
1478 2068 1539 2140 quis
1559 2067 1613 2123 fuit
1626 2069 1714 2140 J‘udex
1733 2068 1845 2124 duobus
1864 2067 1908 2124 sel

209 2154 267 2208 lum
292 2152 366 2206 aicit.
390 2168 451 2222 cap.
477 2149 564 2220 ejusd.
591 2155 692 2204 ν.1.’1
715 2158 743 2205 et
762 2157 807 2219 lu,
831 2166 865 2204 ae
888 2151 970 2206 tertis
985 2152 1045 2207 vice
1071 2152 1159 2207 tribus
1185 2155 1221 2209 de
1246 2155 1311 2209 sede
1339 2154 1434 2225 papali
1459 2154 1545 2208 instar
1574 2151 1719 2209 vulturum
1743 2154 1780 2211 de
1806 2153 1908 2228 praeda

209 2238 311 2309 repetit
333 2245 362 2292 et
383 2235 494 2291 diabolo
511 2235 645 2291 inculcat:
674 2236 815 2306 Scriptum
835 2245 881 2290 est.
917 2238 964 2294 Sic
980 2238 1044 2294 hac·
1072 2239 1303 2310 digladiuntibus,
1328 2258 1389 2293 eum
1407 2258 1490 2310 papa
1507 2241 1608 2293 dubiae
1625 2248 1650 2294 et
1666 2242 1789 2294 incertus
1807 2242 1904 2296 luin-

210 2325 310 2381 reticos
328 2324 364 2378 sd
382 2323 552 2392 Scriptorum
570 2329 754 2393 provocantes
771 2339 805 2377 ex
820 2322 963 2394 Scriptura
978 2324 1044 2378 vuli·
1072 2335 1117 2378 tar
1140 2344 1196 2395 pro
1223 2344 1278 2379 non
1301 2344 1398 2395 papa,
1427 2326 1543 2380 docente
1568 2325 1736 2381 Bellarmino
1760 2326 1826 2384 loco
1845 2344 1906 2399 pro

211 2412 322 2466 dissime
341 2410 504 2466 convincere
524 2427 683 2480 possumus:
703 2410 821 2464 Nullum
839 2429 962 2480 unquam
981 2412 1045 2465 lae·
1072 2411 1142 2467 xime
1164 2413 1256 2467 citato.
1292 2411 1395 2483 Ecqui·
1411 2412 1494 2466 etiam
1512 2411 1600 2482 judex
1617 2418 1671 2477 est,
1688 2412 1822 2483 pontifice
1839 2430 1906 2470 mor·

209 2501 285 2554 resin
309 2516 341 2552 er
360 2498 515 2567 Sempronia
538 2498 661 2566 potuine
684 2497 820 2563 resonari,
846 2495 976 2552 dicebant
997 2498 1044 2552 ad·
1071 2505 1126 2561 tuo,
1145 2499 1263 2552 necdum
1279 2497 1357 2552 alio'
1350 2515 1379 2551 ιιι
1397 2500 1457 2569 eJ'us
1475 2498 1568 2552 locum
1588 2497 1755 2569 surrogato‘?

210 2585 325 2641 versarii
363 2585 392 2637 in
427 2583 563 2654 colloquio
599 2582 793 2637 Ratisbonensi
830 2600 857 2652 p
892 2590 951 2640 2113
988 2585 1046 2639 edit
1106 2591 1164 2640 ιιι.
1185 2590 1208 2639 2.
1232 2584 1394 2637 Calviniani
1409 2584 1505 2639 itidem
1525 2581 1683 2654 Scripturae
1700 2601 1800 2641 werae
1816 2584 1964 2678 partes²⁰¹

212 2672 299 2730 Neob.
326 2671 382 2726 Sed
405 2669 519 2723 historie
543 2669 730 2724 ecclesiastica
754 2676 782 2723 et
799 2668 861 2739 ipsa
877 2671 1046 2741 experientia
1068 2670 1255 2741 judiciarius
1248 2688 1278 2724 ιιι
1297 2669 1458 2725 decidendis
1474 2668 1541 2723 fidei
1558 2672 1750 2725 controversiis
1765 2649 1930 2745 derogant,
1917 2698 1960 2730 ιιι

211 2763 363 2825 testantur,
387 2755 491 2809 nullam
516 2772 639 2825 uuquam
663 2753 789 2810 haeresin
813 2762 871 2811 tam
895 2757 1045 2812 absurdam
1071 2755 1146 2828 quod
1164 2756 1333 2811 ostendimus
1350 2756 1401 2810 hoc
1418 2762 1596 2826 argumento:
1621 2755 1676 2822 Qui
1693 2764 1781 2830 negat
1797 2776 1833 2815 ex
1847 2771 1905 2814 ver·

211 2854 324 2914 tamque
343 2841 624 2913 prodigiosam,tam
643 2841 795 2912 speciosam
815 2849 927 2914 tamque
943 2845 1045 2914 plausi·
1072 2842 1114 2897 bie
1133 2842 1312 2896 institutionis
1332 2842 1533 2896 controversias
1552 2841 1906 2902 eucharisticusessetleoi·

211 2931 296 2985 bilem
321 2928 407 2984 fuisse
431 2934 540 2995 natum,
569 2943 641 2998 quae
664 2942 719 2981 non
743 2929 864 2997 potuerit
887 2928 1046 3000 Scripturae
1071 2929 1176 2984 dandas
1199 2935 1228 2983 ct
1248 2928 1431 2999 judicandae,
1459 2928 1482 2981 is
1505 2927 1664 3000 Scripturae
1690 2945 1790 2986 sacrae
1814 2946 1907 2987 roem

212 3016 295 3074 armis
316 3013 457 3071 debellari.
484 3013 637 3068 Aureolum
655 3019 696 3068 eat
713 3012 783 3068 illud
801 3021 923 3070 veterum
941 3015 1045 3072 Rabbi-
1068 3015 1170 3085 judicis
1201 3014 1230 3068 in
1262 3013 1425 3068 decidendis
1459 3012 1525 3069 fidei
1559 3015 1751 3070 controversiis
1783 3015 1906 3090 derogat

211 3121 322 3160 nomm:
351 3104 389 3157 In
407 3118 568 3171 quocumque
587 3101 752 3169 Scripturae
770 3102 831 3155 loeo
848 3103 956 3156 invenie
973 3105 1045 3172 odje·
1072 3102 1150 3166 Quae
1174 3100 1247 3155 enim
1270 3099 1341 3154 ratio
1368 3100 1449 3153 uniue
1473 3099 1595 3169 articuli,
1620 3100 1719 3156 eadem
1745 3102 1831 3158 etiam
1848 3100 1907 3158 reli·

211 3195 327 3248 dionem
344 3207 401 3259 pro
427 3187 587 3256 haereticis,
613 3187 718 3240 invenio
741 3204 847 3256 qnoque
866 3189 1045 3243 medicamen·
1072 3204 1188 3259 quorum
1207 3185 1337 3240 omnium.
1364 3185 1520 3240 calviniani
1537 3193 1650 3258 negant,
1669 3204 1702 3242 cx
1721 3188 1816 3244 verbis
1832 3188 1907 3245 ine

110 3336 113 3344 ,
167 3331 173 3344 ,
211 3287 269 3333 tum
290 3279 321 3330 in
345 3277 434 3330 latere
451 3276 520 3343 ejus.
556 3279 581 3328 5.
604 3273 663 3329 Nec
682 3289 784 3328 ommes
801 3273 932 3330 haeretici
949 3293 1046 3345 provo·
1071 3274 1186 3329 tutionis
1209 3270 1421 3327 controversias·
1437 3269 1634 3327 eucharisticae
1659 3288 1720 3328 csse
1743 3273 1908 3330 decidendas

213 3368 311 3420 cerunt
335 3361 373 3417 ad
398 3361 568 3431 scripturae,
596 3359 645 3413 sed
674 3359 786 3430 quidam
814 3358 867 3414 sub
891 3360 1045 3417 traditionis
1072 3367 1101 3414 et
1128 3357 1305 3414 dinmeudas.
1347 3358 1508 3429 Tigurini
1500 3376 1529 3412 ιιι
1552 3358 1601 3413 ιιι).
1627 3365 1724 3414 contra
1749 3358 1788 3415 D.
1811 3359 1906 3416 decula

212 3450 297 3522 pallio
322 3448 435 3520 putidus
459 3463 523 3500 suas
546 3461 651 3500 merces
674 3444 849 3501 abscondunt
868 3452 896 3502 et
913 3446 1046 3504 ecclesiae
1072 3445 1214 3500 Andream
1239 3444 1287 3498 iol.
1315 3450 1356 3500 45
1381 3443 1575 3499 Beumlerus
1567 3462 1597 3497 ru
1619 3444 1720 3499 falcon.
1748 3444 1907 3517 deplumata

213 3536 361 3593 obtrudere
379 3539 519 3604 satagunt.
1073 3551 1100 3604 p
1131 3537 1171 3588 63.
1197 3530 1354 3602 postulant,
1386 3531 1471 3584 eata
1497 3547 1599 3584 coenae
1626 3549 1681 3584 non
1707 3532 1832 3601 umpls'ru
1855 3549 1907 3602 pro

138 3641 152 3668 ι
174 3643 199 3669 u·
248 3630 307 3679 tto.
329 3631 353 3678 5.
372 3625 417 3676 Ea
428 3619 539 3689 joann
557 3619 724 3672 conditione.
749 3619 1049 3675 teneraetenerae·
1071 3614 1255 3683 inindumento
1273 3618 1404 3685 allepari,
1425 3617 1493 3684 quia
1512 3617 1569 3670 rint
1588 3618 1619 3671 ni
1639 3615 1799 3690 κρινόμενοι
1792 3615 1906 3690 r,quotl

115 3694 165 3772 η’.
213 3719 240 3765 ct
258 3709 357 3763 audiri
375 3707 410 3760 ab
428 3715 546 3776 utraque
565 3705 734 3774 litipants'nm
749 3713 847 3775 parte,
868 3707 947 3760 debet
964 3708 1046 3760 etium
1073 3704 1173 3776 repetit
1189 3701 1352 3758 Witukerus
1379 3703 1414 3757 de
1432 3701 1532 3772 script.
1555 3719 1582 3773 q.
1601 3709 1623 3757 5.
1645 3702 1802 3758 Consenms
1819 3703 1907 3760 nebo

151 3814 157 3827 ·
211 3798 312 3851 liutem
330 3795 522 3848 auctoritatem
541 3793 708 3855 coactivam,
730 3792 840 3861 alioqui
856 3810 911 3845 non
929 3795 981 3846 erit
998 3811 1047 3846 nec
1073 3790 1160 3846 doxus
1186 3807 1210 3845 c.
1240 3797 1253 3845 l
1289 3788 1337 3844 t‘ol.
1368 3795 1430 3844 161:
1463 3788 1650 3855 Manifestum
1677 3805 1738 3844 erae
1765 3791 1907 3845 umbem

213 3900 271 3938 eece
293 3881 398 3952 poterit
422 3879 673 3932 controversiarum
694 3878 770 3947 finio.
810 3875 894 3949 Resp.
925 3885 945 3933 1.
970 3877 1047 3933 aliud
1073 3895 1173 3931 coenae
1199 3877 1316 3929 alueum
1343 3873 1441 3928 maurit
1467 3874 1497 3926 in
1522 3876 1673 3943 probando
1700 3893 1748 3944 eo,
1776 3878 1854 3946 quod
1877 3892 1907 3929 aa

214 3979 256 4025 est
272 3966 409 4040 judicium
427 3965 488 4032 fori,
507 3964 583 4018 aliud
600 3981 664 4018 vero
681 3962 747 4034 poli,
768 3963 844 4018 uliud
861 3972 904 4019 est
919 3964 1046 4020 ecclesia·
1072 3964 1163 4017 aaron
1181 3965 1210 4016 in
1228 3961 1387 4032 quaeatione
1404 3961 1447 4013 uel
1467 3961 1497 4013 in
1516 3962 1704 4015 controocrriu
1723 3970 1771 4015 est.
1802 3962 1907 4034 Martyr

210 4057 310 4112 sucum
329 4051 522 4114 ministerium,
546 4049 622 4104 aliud
639 4049 782 4120 politicum
800 4050 924 4122 regimen
944 4059 971 4105 et
990 4067 1046 4105 ma·
1073 4050 1101 4104 in
1119 4049 1181 4103 dial.
1201 4049 1236 4104 de
1253 4054 1310 4103 nst.
1329 4047 1403 4104 hum.
1421 4044 1468 4101 iol.
1490 4052 1551 4103 tlt:
1575 4048 1691 4117 Semper
1706 4049 1763 4101 uiri
1778 4049 1845 4102 atie
1861 4047 1907 4102 mi·

210 4142 361 4216 pistorium
396 4136 534 4205 Ecclesia,
559 4144 591 4190 ut
607 4153 663 4190 uon
681 4142 724 4192 eat
741 4136 776 4191 de
793 4135 845 4190 hoc
864 4136 982 4204 mundo,
1006 4138 1047 4192 ita
1073 4156 1124 4190 nuo
1144 4154 1227 4207 quom
1241 4153 1302 4204 par
1315 4143 1355 4188 eat
1368 4151 1478 4203 repere,
1495 4152 1556 4188 cum
1570 4153 1626 4204 pro
1641 4136 1772 4203 dopmcte
1786 4135 1906 4189 auum

211 4245 320 4302 quoque
343 4243 398 4282 non
423 4223 529 4294 regitur
552 4222 632 4276 modo
656 4222 739 4292 hujus
763 4221 858 4277 seculi.
897 4228 920 4277 2.
939 4221 1045 4278 Damus
1073 4241 1107 4276 ac
1133 4223 1230 4275 inutili
1253 4221 1400 4287 lator-etia,
1427 4238 1477 4273 nec
1496 4237 1552 4290 pro
1578 4238 1609 4275 eo
1634 4223 1735 4275 tuendo
1761 4222 1906 4293 quicquum

212 4324 240 4370 et
257 4332 308 4369 nos
326 4311 463 4367 visibilem
478 4309 616 4379 judicem,
636 4309 818 4363 ministerium
837 4308 944 4363 scilicet
961 4310 1046 4366 eccle·
1073 4310 1211 4375 talentu,
1244 4308 1301 4360 niti
1328 4307 1433 4362 Cleriati
1462 4305 1490 4359 ιὸ
1519 4305 1618 4379 ῥηιόνι
1654 4307 1717 4360 Ηοο
1742 4315 1784 4361 ert
1809 4323 1906 4380 corpur

211 4401 362 4469 rusticum,
376 4397 573 4459 sedaddimus‚
586 4394 1048 4467 judicemillumerseinieriorem,
1073 4414 1169 4450 meum.
1211 4393 1312 4449 lehun.
1337 4392 1492 4448 Politianue
1514 4400 1585 4462 part.
1612 4397 1636 4447 3,
1659 4391 1732 4446 Phil.
1760 4393 1905 4451 euehm'ut

211 4488 327 4559 proinde
351 4502 406 4540 nou
429 4500 508 4555 pesae
534 4498 586 4537 nec
609 4481 711 4537 debere
737 4481 970 4555 ‹rirorpuropraoir
985 4500 1046 4554 pro·
1073 4499 1097 4537 c.
1119 4489 1143 4538 ι.
1168 4480 1232 4536 edit.
1260 4486 1322 4536 uto:
1351 4480 1480 4533 Primam
1504 4480 1701 4532 inatitutionem
1724 4481 1817 4536 minus
1837 4488 1906 4535 reeta
1960 4488 1963 4493 “

211 4575 353 4635 nuntiare,
381 4571 430 4626 sed
451 4567 588 4640 judicium
610 4585 691 4622 suum
710 4567 859 4638 Scripturis
879 4569 964 4623 sacris
982 4568 1047 4622 sub-
1073 4569 1133 4623 diri
1153 4568 1211 4622 uult
1234 4567 1437 4621 controuersiae
1455 4568 1491 4619 de
1509 4566 1678 4620 uniar-ictio
1688 4567 1905 4633 fundamenta·

210 4663 332 4729 mittere,
354 4658 506 4728 iisdemque
526 4662 659 4725 tanquam
679 4653 740 4707 voci
760 4654 882 4725 supremi
895 4654 999 4725 judicis
1020 4655 1262 4737 ettproeerpanm.
1297 4651 1428 4708 Calvinae
1451 4651 1499 4706 lib.
1522 4659 1546 4708 1.
1569 4651 1678 4707 institit.
1703 4669 1725 4706 c
1751 4659 1792 4708 17.
1817 4648 1905 4729 §.2³2

210 4840 234 4890 3.
258 4834 303 4889 De
328 4844 455 4900 supremo
479 4836 508 4883 et
531 4825 690 4882 authentico
711 4827 957 4882 controversiarum
982 4827 1046 4883 fidei
1073 4835 1152 4883 vocat
1168 4828 1342 4896 rpllatcrnm
1359 4843 1487 4896 erumpes,
1505 4825 1619 4895 perinde
1636 4822 1778 4881 Pontificii
1794 4842 1847 4883 noe
1861 4842 1905 4883 ro·

193 4974 199 4987 .
206 4919 302 4990 judice
325 4932 458 4987 negemus
480 4913 553 4968 hanc
573 4911 772 4981 conditionem,
799 4914 875 4985 quod
892 4914 1048 4969 necessario
1072 4922 1138 4970 cant
1160 4915 1363 4983 ecripturarior
1387 4922 1412 4966 rt
1434 4913 1575 4982 ticolopoc
1595 4913 1802 4970 atramentalea.
1838 4911 1905 4968 Dor·

210 5003 312 5061 debeat
338 5001 425 5058 videri
452 4998 675 5072 αὐτοπροσιιιιως
703 5006 731 5053 et
754 4999 846 5053 ιιιιιιιι
870 4998 1047 5069 αὐιοᾳωίως,
1072 5001 1218 5056 &menses
1250 4999 1326 5069 apud
1349 4999 1536 5054 Tectandrum
1563 4995 1590 5073 ξ.
1619 5004 1658 5054 23.
1686 5014 1815 5069 expresse
1843 4997 1905 5055 sori·

211 5089 267 5152 Qui
291 5109 347 5144 non
376 5089 480 5154 aede,
505 5088 570 5157 jam
592 5087 743 5156 judicatur
772 5094 824 5149 eet,
856 5086 896 5141 ait
921 5085 1047 5142 Christus
1073 5086 1156 5141 bunt:
1184 5087 1332 5155 Scriptura
1356 5103 1410 5139 non
1435 5093 1474 5138 eet
1493 5085 1611 5151 idonea,
1637 5091 1668 5136 ut
1684 5085 1723 5137 sit
1733 5085 1827 5154 judex
1844 5102 1905 5140 eoa·

210 5175 309 5243 lehun.
329 5181 358 5244 3,
382 5194 406 5229 r.
428 5181 467 5241 18,
488 5174 613 5245 quamvis
630 5173 700 5228 illud
719 5188 774 5226 uon
792 5172 894 5227 videat
930 5171 1047 5242 Sufficit,
1073 5173 1276 5226 troveraiernm.

210 5262 272 5332 ejus
294 5277 390 5319 vocem
414 5261 504 5315 audiri
527 5259 564 5315 ab
588 5257 740 5314 omnibus
732 5275 762 5312 m
779 5258 889 5329 scriptis
907 5259 1047 5329 propheti·
1107 5264 1165 5314 472.
1190 5265 1213 5313 3.
1239 5258 1405 5312 Plotiniani
1426 5256 1517 5311 verbio
1542 5256 1652 5328 quidem
1679 5255 1716 5311 ad
1735 5255 1964 5356 &dptmsmtn

210 5347 251 5402 cis
274 5354 301 5402 et
323 5345 490 5417 apostolicis.
524 5344 625 5401 Johan.
647 5351 690 5411 12,
709 5363 734 5400 v.
753 5350 801 5402 48ι
830 5344 942 5414 Sermo,
967 5364 1047 5416 quem
1071 5344 1148 5399 velut
1173 5343 1283 5399 unicum
1312 5359 1436 5398 normam
1462 5349 1492 5397 et
1510 5342 1634 5412 judicem
1660 5349 1829 5413 provocant,
1856 5317 1964 5409 sein..

210 5432 318 5488 ιοοιιιιιι
334 5452 403 5502 sum,
415 5430 606 5502 judicabilia
624 5433 671 5485 die
687 5432 847 5487 nooirrimo.
882 5438 907 5488 ι.
926 5430 1046 5502 Spiritus
1070 5431 1162 5501 reipsa
1179 5429 1347 5502 judicariam
1368 5428 1561 5485 auctoritatem
1579 5427 1739 5498 Scripturae
1761 5428 1964 5501 donentur

210 5527 323 5583 sosoma
347 5520 377 5577 iu
398 5518 549 5591 scripturis
570 5517 700 5594 ιοιιιιι,
727 5536 784 5579 uon
807 5517 922 5593 quidem
946 5517 975 5573 ri
997 5534 1042 5573 ax·
1070 5517 1169 5575 dum'
1160 5534 1192 5575 ιιι
1214 5515 1281 5573 fidei
1308 5514 1433 5571 ιιιιοιιιιι
1458 5530 1477 5568 a
1501 5513 1585 5571 litera
1605 5511 1767 5585 scripturae
1792 5519 1905 5591 proptu
