3984 6022
730 278 782 335 DE
801 276 1016 345 SCRIP'I'URA
1032 280 1162 341 SACRA.
1731 289 1789 350 χοι

95 440 137 492 cst
159 433 202 489 illi
225 434 320 490 coetui
338 432 457 504 Spiritus
480 433 569 492 sancti
591 435 715 507 gratiom
730 434 888 506 praesentia
906 439 935 489 et
963 455 1062 493 munus
1087 443 1130 493 est
1154 437 1188 493 de
1212 436 1405 494 controversiis
1427 434 1494 493 fidei
1511 453 1544 492 ex
1563 435 1706 509 Scriptura
1718 439 1795 509 judi·

96 520 301 592 Scripturarnm
319 539 386 578 vera
402 521 596 595 intelligentia,
615 524 665 581 sed
681 524 933 597 quatenusinsim·
962 541 1033 581 care
1066 525 1119 581 Est
1137 525 1226 597 judex
1243 525 1372 597 judicans
1392 526 1528 580 danunt
1544 531 1573 580 et
1592 530 1635 581 est
1647 526 1735 597 judex
1749 527 1795 598 ju·

44 639 50 649 ·
95 608 222 679 plicitate
256 607 334 663 verbi
371 610 524 680 acquiescit
553 616 582 666 et
609 611 766 683 depositum
794 611 934 667 doctrinae
960 612 1110 681 dicandus3
1136 629 1187 668 seu
1211 618 1255 669 est
1273 615 1365 683 jader
1385 615 1426 666 od
1442 630 1522 682 quem
1546 621 1571 667 st
1582 614 1674 682 judea
1692 632 1711 667 o
1731 631 1794 684 qao,

96 694 224 750 coelestis
249 711 350 766 purum
376 701 460 768 atque
488 696 677 769 incorruptum
706 692 814 754 retinet
860 704 884 753 3.
903 698 934 755 Si
960 705 991 754 ut
1007 699 1073 756 Jcti
1096 699 1255 771 loquuntur.
1286 705 1310 756 2.
1329 699 1410 766 Quod
1423 698 1568 772 Scriptura
1584 716 1664 755 sacra
1680 700 1717 755 sit
1735 705 1795 755 tum

95 781 223 837 absolute
240 788 269 835 et
287 780 449 851 simpliciter
471 783 508 838 ab
531 784 649 841 ecclesia
666 800 831 857 quocunque
850 785 932 840 modo
958 804 1011 840 occ
1022 786 1134 855 Μὲσὺ
1152 786 1276 841 absoluti
1293 792 1322 841 et
1335 785 1504 858 principalis,
1524 791 1583 841 tum
1595 785 1676 841 simul
1687 804 1794 851 οοοοιο,

96 885 127 924 se
150 865 272 922 habente
298 867 457 940 scripturae
479 870 664 942 intelligentia
681 871 828 943 penderet,
856 871 932 942 prius
959 889 1044 944 quam
1065 873 1152 944 judex
1176 872 1363 928 ministerialis
1380 878 1409 928 et
1426 872 1539 928 inferior
1556 871 1637 927 unice
1657 873 1795 943 respicere

96 958 132 1010 de
163 955 283 1010 ecclesio
316 971 401 1027 quam
430 957 466 1012 de
495 957 646 1028 Scriptura
674 958 732 1013 sive
756 958 842 1014 verbo
865 958 933 1014 DliI
959 976 993 1014 ac
1018 960 1101 1031 juxta
1131 975 1193 1015 earn
1219 960 1346 1030 judicare
1378 959 1473 1028 debet,
1509 959 1583 1016 unde
1615 959 1730 1030 qnidam
1761 976 1794 1014 ex

92 1045 176 1115 juxta
192 1043 270 1114 leges
289 1042 412 1098 methodi
424 1043 564 1100 Pontificii
581 1043 714 1102 deberent
723 1051 849 1101 tracma.
878 1044 932 1101 Sed
959 1045 1058 1101 uostris
1083 1063 1144 1101 eam
1164 1052 1266 1101 vocant
1279 1047 1407 1114 judicem
1429 1046 1593 1100 directiorem
1611 1051 1740 1116 respectu
1756 1045 1794 1100 ad

96 1129 292 1199 Bellarnrinus,
310 1128 449 1200 Costerus,
467 1131 604 1187 Pistorius
619 1137 670 1188 etc.
688 1132 933 1189 contrarioordiue
960 1133 1169 1188 ministerialem
1192 1139 1220 1188 et
1246 1131 1403 1188 inferiorem
1424 1132 1549 1202 jndicem
1573 1132 1684 1200 habito,
1711 1150 1794 1203 quem

93 1215 313 1288 progrediuntur
330 1233 364 1270 ac
381 1216 459 1288 prius
480 1217 514 1272 de
533 1216 676 1288 Scriptura
693 1234 777 1288 quam
796 1219 831 1275 de
847 1220 933 1274 eccle
960 1219 1057 1291 dirigit
1082 1225 1112 1275 et
1135 1219 1308 1290 moderatur,
1335 1236 1370 1274 ne
1395 1218 1425 1273 in
1447 1218 1600 1289 judicando
1626 1235 1644 1273 a
1669 1219 1794 1274 veritatis

95 1303 137 1358 sia
154 1308 250 1374 agunt
286 1302 426 1359 Viderunt
445 1302 498 1359 hoc
515 1303 616 1359 Eccius
635 1320 669 1359 ac
686 1303 844 1374 Turrensis,
870 1304 932 1361 ideo
959 1306 1070 1361 tramite
1095 1306 1212 1360 aberret
1246 1305 1324 1360 Deus
1343 1305 1454 1376 J'ndicat
1472 1304 1599 1375 πρώτως,
1623 1305 1748 1375 ῖξοχικοῐς
1765 1311 1795 1360 et

94 1389 123 1444 in
142 1388 232 1461 primo
251 1389 344 1444 statim
361 1388 455 1445 limine
473 1390 508 1445 de
526 1390 645 1446 ecclesia
662 1397 756 1462 agunt
792 1397 815 1446 4.
838 1390 933 1447 ΕοοΙο-
961 1391 1135 1460 αἰσθητικῶς,
1154 1392 1297 1462 Scriptura
1313 1396 1471 1455 κανονικῶς,
1492 1392 1609 1448 ecclesia
1625 1393 1795 1454 διακονικῶς.

94 1476 153 1531 siae
169 1474 481 1531 nomineRomanenses
497 1475 660 1548 intelligunt
675 1494 756 1532 suum
767 1477 933 1548 pontificem,
961 1485 985 1535 3.
1014 1479 1095 1546 Quod
1125 1478 1310 1534 ministerialis
1337 1478 1426 1548 judex
1457 1479 1580 1550 docendi
1600 1495 1685 1534 causa
1709 1482 1795 1550 possit

95 1580 128 1618 so
156 1562 229 1618 enim
256 1560 354 1617 ultima
380 1563 504 1634 analysis
526 1562 609 1634 hujus
633 1565 791 1620 assertionis
816 1582 866 1619 nos
886 1565 931 1620 de·
960 1567 1045 1622 statui
1063 1565 1180 1636 duplex:
1195 1565 1327 1635 publicus
1345 1573 1371 1618 et
1383 1566 1522 1635 privatus.
1555 1565 1690 1620 Publicus
1706 1566 1794 1636 judex

96 1649 181 1704 ducit
216 1648 347 1704 Bellarm
365 1647 414 1703 lib.
433 1656 457 1705 4.
479 1650 515 1705 ds
531 1649 630 1720 pontif.
650 1668 674 1705 c.
692 1656 724 1707 2:
749 1651 820 1721 lpse
844 1653 932 1716 insat·
960 1651 1440 1721 estministeriumecclesiastioum3
1453 1652 1577 1722 privatus
1590 1657 1633 1707 est
1641 1652 1794 1708 membrum

95 1736 215 1790 hidrico
232 1753 289 1789 non
306 1742 348 1788 est
364 1735 395 1788 iss
413 1743 491 1788 coetu
508 1737 737 1791 emtas-iorem
756 1739 801 1792 oet
820 1739 850 1792 iu
868 1757 931 1793 coo·
960 1738 1073 1809 aliquod
1096 1739 1244 1807 ecclesiae,
1269 1755 1386 1808 persona
1409 1738 1516 1793 scilicet
1532 1738 1648 1808 privata.
1683 1739 1736 1793 His
1754 1740 1795 1794 ita

94 1821 163 1876 celio
193 1823 401 1893 episcoporum,
433 1823 486 1874 esd
512 1823 543 1876 iu
572 1825 633 1877 soto
660 1824 800 1894 pontifics.
844 1824 931 1896 Atqui
959 1825 1116 1895 praemissis
1147 1825 1201 1879 tria
1233 1830 1316 1880 erunt
1342 1825 1573 1880 demonstranda:
1612 1832 1635 1882 1.
1664 1826 1793 1887 Judicera

94 1906 220 1980 pontifici
245 1914 409 1978 perpetuam
437 1907 556 1980 Spiritus
582 1910 675 1965 sancti
695 1910 880 1965 assistentiam
903 1918 932 1966 et
958 1911 1151 1982 principalem,
1177 1911 1334 1967 absolutum
1357 1917 1387 1968 et
1409 1910 1598 1967 authenticum
1623 1929 1684 1968 esse
1701 1912 1793 1984 ipsum

94 2011 188 2051 reram
206 1994 365 2066 Scripturas
388 1994 600 2067 intelligentiam
618 2012 677 2051 esse
694 1997 857 2066 promissam
875 2015 929 2052 non
960 1999 1058 2066 Deum,
1076 1997 1236 2067 Scripturas
1253 2005 1407 2067 auctorem3
1443 2004 1467 2072 2.
1487 1998 1611 2069 judicem
1628 1998 1790 2054 ministeria·

93 2088 187 2152 potest
207 2097 240 2136 er
258 2080 343 2137 sacris
367 2081 453 2137 literis
476 2082 658 2163 demonstrari
682 2088 707 2137 5.
727 2081 930 2155 Argumentum
957 2084 1011 2139 lem
1028 2089 1057 2140 et
1075 2084 1232 2139 inferiorem
1250 2101 1310 2139 esse
1328 2083 1489 2153 ecclesiam
1526 2090 1550 2141 3.
1568 2101 1664 2140 vocem
1685 2085 1790 2155 judicis

95 2174 139 2224 est
154 2184 172 2222 a
188 2167 350 2239 quaestione
369 2167 497 2223 alienum
533 2168 697 2233 Quaerimus
715 2169 788 2224 enim
800 2168 932 2239 hocloco,
958 2170 1117 2241 principalis
1138 2178 1166 2226 et
1188 2187 1312 2225 normam
1331 2169 1433 2239 judicii
1458 2170 1644 2226 ministerialis
1669 2187 1730 2226 esse
1748 2189 1791 2226 so·

96 2273 152 2310 nen
171 2254 220 2310 ubi
239 2255 396 2326 quaerenda
419 2255 457 2310 sit
476 2254 619 2324 Scriptura
641 2261 670 2310 et
689 2271 756 2310 vera
775 2255 931 2327 Scripturas
957 2257 1012 2312 lam
1029 2257 1201 2326 Scriptorum
1219 2273 1333 2312 sacram

94 2340 288 2413 intelligentia,
306 2357 389 2413 quam
407 2342 437 2395 in
449 2340 567 2396 ecclesia
580 2341 767 2413 quaerendam
778 2359 838 2397 esse
851 2359 930 2398 nemo
992 2350 1050 2400 454.
1080 2343 1204 2398 Primum
1228 2343 1382 2400 membrum
1399 2343 1476 2398 hisce
1494 2343 1714 2398 demonstramus
1729 2344 1792 2398 fun·
1801 2340 1827 2444 1¹3
1829 2341 1907 2434 ‘¹22⁰‘

96 2427 315 2485 destianorum
337 2433 436 2499 negat,
460 2427 509 2482 sed
532 2444 604 2498 quae
621 2428 659 2483 sit
675 2445 771 2484 norma
785 2429 930 2497 judicandi
959 2429 1103 2485 damantis.
1142 2438 1164 2484 t.
1183 2429 1349 2499 Principalis
1368 2429 1527 2500 Scripturas
1546 2436 1701 2485 auctorest
1718 2430 1922 2500 ejus-prinsipe-

96 2514 133 2569 de
149 2512 343 2570 controversiis
361 2512 428 2569 fidei
445 2513 475 2568 in
493 2513 618 2583 ecclesia,
636 2531 721 2586 quam
734 2531 859 2570 normam
872 2532 931 2571 esse
959 2517 1021 2571 dem
1037 2533 1160 2571 summus
1177 2516 1316 2586 interpres
1330 2522 1358 2570 et
1374 2514 1535 2586 principalis
1546 2515 1793 2571 controversiarum
1805 2497 1925 2588 {22:³22

97 2600 268 2672 Scriptorum
292 2616 412 2668 sacram
438 2617 472 2656 ex
496 2600 666 2672 argumentis
690 2617 741 2672 pro
758 2608 853 2657 noema
870 2619 931 2658 sen·
954 2604 1049 2674 judex.
1076 2604 1154 2660 Deus
1172 2610 1215 2660 est
1229 2603 1390 2675 principalis
1404 2601 1562 2672 Scripturas
1575 2608 1679 2656 auctor.
1707 2599 1919 2693 Erge3gffihffiu·

96 2687 186 2744 tentia
201 2687 329 2742 adductis
346 2687 528 2760 liquidissime
544 2688 683 2744 elucescit
958 2690 1101 2762 Scriptura
1129 2708 1185 2745 non
1218 2696 1260 2746 est
1284 2690 1359 2750 ἰδίας
1384 2687 1546 2752 ἐπιλύσεως,
1573 2687 1664 2759 inquit
1690 2688 1793 2745 Petrus
1805 2705 1855 2754 ipss
1865 2703 1945 2745 nense

35 2770 80 2851 ῑζί·
133 2779 193 2831 452.
230 2780 254 2830 2.
288 2774 453 2830 Goloinioni
484 2773 577 2828 verbis
613 2774 725 2846 quidem
761 2774 931 2846 profitentur,
959 2783 983 2832 2.
1002 2778 1081 2848 epist.
1102 2783 1125 2847 1,
1142 2794 1168 2834 v.
1189 2781 1228 2832 21.
1247 2776 1314 2848 quia
1331 2792 1387 2831 non
1403 2775 1543 2830 uoluotote
1560 2775 1681 2829 humores
1699 2776 1793 2835 allato

96 2861 268 2932 Scripturam
295 2877 401 2915 sacram
435 2877 495 2916 esse
525 2861 639 2916 totalem
669 2867 697 2917 et
725 2861 836 2917 unicam
867 2861 931 2918 fidei
959 2872 999 2918 est
1021 2865 1183 2935 prephetia,
1211 2865 1263 2917 seri
1290 2862 1403 2932 Spiritu
1429 2869 1525 2916 coacto
1551 2861 1686 2932 inspirati
1707 2862 1794 2916 beati

95 2965 229 3017 normam,
248 2947 296 3004 sed
313 2947 405 3018 reipsa
421 2946 490 3001 illud
510 2953 622 3019 negant,
640 2947 707 3001 dum
724 2948 855 3003 articulos
867 2947 931 3004 fidei
958 2959 1021 3005 suut
1039 2951 1131 3005 sancti
1147 2952 1207 3006 Dei
1223 2950 1354 3012 homiues,
1370 2948 1423 3003 hoc
1441 2955 1490 3010 est,
1509 2946 1575 3020 quia
1593 2963 1644 3018 per
1659 2947 1793 3019 Spiritum

96 3034 126 3089 in
151 3033 307 3107 perspicuis
332 3040 360 3089 et
382 3034 486 3103 apertis
510 3033 668 3106 Scripturas
690 3035 758 3089 locis
777 3035 932 3106 propositos
959 3043 1084 3092 sanctum
1103 3035 1261 3108 Scripturas
1281 3042 1345 3091 suut
1365 3033 1462 3096 editae,
1481 3033 1544 3089 ideo
1562 3033 1646 3088 etiam
1662 3049 1714 3115 per
1732 3031 1793 3103 Spi-

96 3139 131 3178 ex
146 3119 293 3193 principiis
311 3119 508 3191 philosophicis
525 3119 597 3176 male
616 3120 763 3176 intellectis
779 3121 825 3178 vel
843 3122 932 3194 appli·
959 3124 1041 3179 ritum
1068 3130 1195 3178 sanctum
1225 3129 1291 3176 sunt
1320 3120 1518 3191 intelligendae
1546 3124 1575 3175 et
1605 3118 1793 3189 explicandae,

95 3209 166 3264 catis
184 3213 362 3280 oppugnant,
380 3213 408 3263 et
424 3206 521 3262 relicto
541 3206 675 3279 genuino,
699 3208 810 3279 proprio
827 3215 857 3264 et
872 3209 932 3265 lite·
959 3212 1032 3266 unde
1051 3211 1090 3264 sic
1107 3208 1263 3264 inferimus:
1281 3208 1309 3261 A
1327 3224 1382 3279 quo
1400 3205 1590 3277 principaliter
1605 3205 1710 3276 pendet
1726 3222 1795 3262 vera

94 3294 146 3351 rali
164 3293 323 3364 Scripturas
346 3312 429 3350 sensu
446 3301 584 3366 quaerunt
601 3291 730 3349 διάνοιαν
747 3295 848 3350 rationi
867 3313 931 3351 con·
959 3298 1117 3367 Scripturas
1136 3294 1331 3365 intelligentia,
1357 3293 1393 3347 ab
1417 3308 1450 3346 eo
1473 3292 1556 3347 etiam
1575 3292 1726 3363 petendum
1744 3309 1793 3347 au·

36 3363 80 3450 2²*
94 3387 263 3439 seutaneam.
298 3385 321 3436 3.
344 3381 512 3435 Photioiassi
533 3379 621 3436 eidem
647 3381 777 3436 insistunt
793 3382 932 3451 methodo,
959 3383 1111 3439 thenticum
1138 3382 1166 3435 in
1194 3379 1386 3435 controversiis
1414 3377 1479 3433 fidei
1500 3378 1645 3448 judicium
1681 3379 1709 3432 A
1731 3379 1793 3436 Deo

92 3487 156 3524 cnm
181 3474 210 3523 et
234 3466 288 3538 ipsi
308 3484 342 3522 ex
367 3467 509 3539 principiis
534 3467 649 3521 rationis
674 3468 804 3523 articulos
821 3468 886 3524 fidei
903 3470 932 3523 in
960 3468 1106 3540 principali
1125 3466 1285 3536 Scripturas
1310 3471 1424 3520 auctore
1446 3463 1636 3536 principaliter
1654 3465 1795 3537 dependet

36 3545 69 3637 ζ,
95 3553 239 3626 Scriptura
256 3553 392 3610 revelatos
410 3561 589 3624 praepostere
606 3554 779 3626 impugnent.
812 3561 835 3610 4.
859 3557 930 3611 Wei-
959 3573 1025 3612 vers
1042 3555 1202 3625 Scripturas
1218 3550 1410 3622 intelligentia
1445 3551 1527 3622 Ergo.
1564 3551 1654 3621 Major
1676 3558 1720 3606 est
1736 3569 1793 3608 rua-

92 3639 320 3712 psiioniaverbo
333 3645 445 3696 externo
457 3645 608 3711 provocant
620 3640 658 3695 ad
669 3641 816 3710 internum,
829 3658 931 3713 negan-
959 3644 1075 3699 niiestae
1097 3641 1236 3708 veritatis,
1262 3639 1328 3710 quia
1349 3643 1413 3708 post
1435 3638 1524 3693 editas
1550 3637 1707 3709 Scripturas
1726 3637 1792 3693 fidei

92 3735 136 3785 tes
155 3745 189 3784 ex
209 3727 364 3798 Scriptura,
382 3726 487 3799 quippe
504 3743 576 3798 quae
594 3728 631 3782 sit
646 3727 728 3782 litera
746 3734 868 3798 mortua,
888 3746 930 3785 re·
959 3727 1131 3785 Christianae
1146 3725 1312 3797 principium
1329 3723 1441 3779 unicum
1460 3729 1488 3779 et
1505 3723 1647 3779 immotum
1665 3725 1701 3779 ad
1718 3723 1795 3795 judi·

92 3815 188 3889 gnlam
206 3821 292 3887 atque
307 3830 432 3869 normam
448 3811 515 3869 fidei
533 3813 592 3884 peti
611 3831 700 3884 posse.
959 3817 1031 3871 cium
1051 3815 1086 3869 de
1101 3813 1167 3868 fidei
1179 3809 1371 3866 controversiis
1385 3809 1530 3866 ferendum
1538 3810 1688 3881 requiritur
1699 3827 1793 3865 earum

162 3936 165 3941 ¹
959 3900 1152 3970 intelligentia
1187 3897 1278 3953 Minor
1299 3895 1477 3951 conlimatur
1495 3913 1528 3951 ex
1548 3896 1622 3951 dicto
1640 3896 1793 3966 apostolico

958 3977 1081 4044 adducto
1106 3993 1135 4041 et
1161 4002 1195 4041 ex
1221 3984 1348 4040 omnibus
1374 3983 1430 4037 illis
1453 3983 1612 4054 Scripturas
1639 3983 1734 4049 dictis,
1763 3982 1793 4036 in

959 4075 1059 4147 quibus
1082 4072 1176 4127 aDeo
1193 4070 1297 4143 petitur
1311 4087 1379 4125 vera
1396 4086 1430 4124 ac
1447 4070 1577 4125 salutaris
1594 4068 1673 4124 verbi
1692 4068 1792 4123 intelli·

408 4066 616 4078 ——d

958 4162 1055 4235 gentia
1075 4159 1149 4215 Psal.
1170 4165 1233 4225 lta,
1257 4177 1283 4212 v.
1304 4161 1402 4213 10.12.
1423 4161 1462 4212 18.
1484 4162 1523 4212 19.
1543 4161 1575 4210 27
1593 4162 1646 4212 etc.
1683 4153 1747 4224 Sap.
1766 4161 1791 4217 9,

467 4242 471 4254 ’
958 4268 984 4306 v.
1011 4255 1051 4304 10.
1086 4249 1158 4302 Item
1185 4263 1219 4301 ex
1246 4245 1393 4300 collatione
1422 4244 1516 4314 legum
1544 4243 1700 4296 divinarum
1728 4258 1791 4296 cnm

337 4283 491 4354 ΗΠ
509 4285 535 4344 Τ
568 4283 686 4346 xxn'
957 4333 1065 4405 legibus
1082 4331 1218 4387 humanis.
1245 4329 1483 4396 Quemadmodum
1502 4345 1625 4382 summus
1636 4334 1665 4382 et
1675 4326 1790 4381 authen·

36 4419 52 4464 A
92 4411 159 4478 DE
188 4407 381 4476 JUDIOE
412 4405 929 4474 CONTROVERSIARUM
957 4421 1028 4474 aiem
1053 4418 1147 4489 legum
1172 4418 1355 4471 humansrum
1381 4415 1516 4484 interpres
1542 4421 1584 4470 est
1604 4413 1645 4482 is,
1671 4413 1719 4484 qni
1743 4430 1790 4468 eas

345 4510 399 4575 IN
427 4509 489 4576 ΕΟ
499 4508 592 4575 01,ss
602 4507 649 4575 SI
655 4508 694 4575 A,
959 4503 1151 4577 promulgarit,
1170 4504 1210 4556 ita
1226 4518 1338 4573 quoque
1357 4517 1480 4555 summus
1491 4507 1520 4556 et
1532 4499 1708 4554 authenticus
1720 4499 1790 4570 legis

957 4608 1024 4646 suae
1041 4591 1176 4660 interpres
1195 4595 1237 4644 est
1254 4589 1314 4658 ipse
1330 4588 1431 4642 Deua¹
1453 4592 1476 4640 2.
1501 4586 1545 4641 Ι)ο
1563 4585 1671 4642 Christo
1689 4585 1791 4640 dicitur

36 4711 81 4743 m
127 4686 186 4739 453.
214 4678 361 4738 Unanimis
378 4683 408 4734 ct
423 4685 552 4734 conamus
570 4684 613 4735 est
630 4678 807 4734 ecclesiarum
825 4684 929 4734 nostra·
956 4678 1019 4734 Job.
1039 4685 1067 4746 5,
1090 4694 1116 4730 r.
1138 4681 1178 4730 22.
1203 4674 1278 4745 quod
1295 4675 1386 4728 Pater
1406 4674 1463 4744 spei
1480 4674 1633 4727 cediderit
1650 4690 1728 4727 omne
1738 4674 1790 4742 ju·

36 4754 80 4845 ,¹3¹
91 4767 303 4835 ramassertio,
327 4764 499 4835 Scripturam
524 4781 630 4819 sacram
652 4782 713 4820 esee
734 4766 929 4820 controversia·
956 4767 1075 4832 dicium,
1102 4768 1131 4817 et
1146 4760 1242 4816 Actor.
1265 4766 1312 4824 17,
1338 4778 1365 4816 v.
1386 4764 1428 4814 31.
1460 4760 1535 4830 quod
1552 4760 1735 4828 judicaturus
1753 4760 1790 4813 rit

36 4877 47 4896 r
90 4872 153 4911 rum
177 4850 245 4909 fidei
266 4858 299 4907 nt
320 4867 444 4906 normam
468 4850 591 4919 unicam,
616 4850 657 4904 ita
676 4866 787 4922 quoque
806 4850 929 4918 judicem
956 4853 1046 4905 orbem
1072 4850 1102 4902 ic
1123 4847 1252 4916 justitia,
1280 4847 1354 4901 unde
1379 4846 1418 4900 sic
1446 4845 1602 4901 inferimus:
1630 4845 1682 4901 Cui
1704 4845 1790 4900 Pater

90 4939 277 5007 infallibilem,
298 4938 372 5010 quod
391 4944 422 4993 ut
439 4945 515 4992 recte
533 4937 687 5007 explicetur
703 4942 732 4991 et
749 4936 929 5008 intelligatur,
956 4936 1080 4993 coelestis
1113 4932 1190 4987 dedit
1220 4949 1301 4987 omne
1334 4931 1470 5002 judicium
1502 4939 1530 4985 et
1559 4931 1606 5002 qui
1638 4931 1789 5002 aliquando

91 5024 247 5083 notandum
274 5031 296 5080 1.
316 5023 391 5095 quod
414 5022 517 5094 duplex
536 5022 573 5076 sit
589 5021 836 5077 controversiarum
852 5023 928 5079 theo·
956 5024 1049 5078 orbem
1069 5027 1203 5075 terrarum
1222 5019 1399 5089 judicaturus
1417 5017 1446 5071 in
1463 5017 1588 5088 justitia,
1610 5017 1658 5072 ille
1678 5034 1788 5090 quoque

90 5111 244 5184 logicorum
259 5110 363 5180 juder,
384 5110 527 5163 absolutate
545 5126 579 5162 oc
593 5108 781 5178 principalis,
799 5109 929 5165 videlicet
955 5117 996 5166 est
1023 5106 1110 5178 judex
1136 5104 1381 5160 controversiarum
1407 5102 1473 5157 fidei
1499 5103 1527 5157 in
1555 5103 1680 5158 ecclesia
1723 5103 1787 5159 Jam

90 5198 170 5253 Dens
195 5195 258 5267 ipae
283 5201 380 5250 auctor
409 5194 580 5266 Scripturas,
610 5194 654 5249 vel
681 5193 756 5265 quod
781 5195 854 5250 idem
879 5203 929 5264 est,
956 5211 1020 5250 vero
1044 5191 1153 5248 Christo
1180 5191 1275 5244 datum
1298 5197 1341 5245 est
1364 5206 1382 5244 a
1404 5189 1488 5245 Patre
1509 5207 1589 5245 omne
1602 5191 1740 5261 judicium
1759 5196 1830 5253 ctu,
1843 5210 1889 5254 ate.

90 5283 211 5356 spiritns
230 5288 351 5350 sauctus,
370 5281 436 5353 quia
454 5282 482 5336 in
501 5281 631 5351 operibus
649 5280 685 5333 ad
700 5283 930 5338 exnanonrinata
955 5280 1078 5334 Christus
1093 5277 1233 5348 judicabit
1251 5275 1400 5346 aliquando
1421 5276 1515 5331 orbem
1533 5284 1675 5331 terrarum.
1703 5277 1786 5350 Ergo.

89 5387 149 5427 nna
172 5385 291 5441 persona
314 5369 478 5442 intelligitur
501 5374 561 5424 tota
589 5373 767 5421 sacrosancta
792 5368 928 5437 Trinitas3
954 5365 1036 5421 Ratio
1066 5362 1279 5434 consequentiae
1308 5362 1337 5416 in
1362 5364 1467 5432 majore
1497 5370 1539 5418 est
1566 5363 1720 5419 manifesta.
1758 5364 1788 5421 Si

90 5462 120 5514 st
137 5455 333 5510 ministerialis
351 5473 387 5509 οο
407 5455 530 5518 inferior
549 5453 680 5510 videlicet
696 5453 829 5522 ecclesia,
846 5454 929 5526 inque
956 5453 1028 5510 enirn
1048 5450 1172 5506 Christus
1197 5449 1234 5503 ab
1257 5448 1305 5503 illo
1328 5448 1434 5519 judicio
1452 5449 1698 5504 controversiarum
1716 5455 1790 5506 esset

89 5559 127 5604 οι
143 5541 295 5617 ρηοοίοοο
311 5544 437 5606 parares
454 5548 482 5599 et
498 5541 624 5596 doctores
643 5538 792 5610 ecclesiae,
812 5557 929 5612 quorum
955 5539 1099 5608 exclusus,
1120 5552 1176 5592 non
1198 5550 1279 5591 omne
1298 5532 1437 5606 judicium
1454 5533 1496 5591 illi
1513 5533 1631 5592 aPstre
1649 5541 1724 5594 esset
1740 5536 1788 5591 ds·
