3984 6022
242 230 282 289 22
949 219 1071 278 meaa
1088 219 1230 280 PRIMUS

246 377 471 449 aequiparantur.
524 375 596 439 Quid
626 375 697 430 enim
727 375 804 430 alind
830 383 872 430 est
899 375 1009 430 divinus
1033 375 1080 430 ille
1108 382 1135 429 ct
1159 376 1327 446 inspiranto,
1356 376 1438 430 olirsd
1456 383 1585 446 cooperte
1599 379 1798 447 praecinente
1832 377 1871 433 Et
1889 395 1936 449 po-

249 463 384 535 impnlsus
414 479 497 533 qnam
526 461 686 516 mandatum
718 461 856 517 internum
888 469 915 517 et
941 463 1081 516 occultum
1105 469 1172 516 stes
1208 464 1346 532 Loquitur
1365 464 1536 530 Aapsrstinus
1554 465 1589 518 dc
1606 464 1725 532 insperso
1742 464 1937 534 11101110,οω

245 550 370 621 ejusdem
396 549 507 604 omnino
531 547 703 602 auctoritatis
727 565 760 603 ac
777 547 906 619 ponderis
923 564 988 602 cum
1004 563 1079 603 man·
1107 548 1234 605 Cineam
1260 549 1438 614 irwisibiiitcr
1463 558 1494 604 ut
1519 558 1602 619 capse
1627 551 1751 605 cumbra
1776 567 1829 605 suo
1850 560 1939 607 monet

245 636 311 691 dato
336 642 447 691 esterno
472 641 501 689 et
524 634 693 689 manifesto?
719 634 811 689 Etiam
830 634 982 705 prophetae
999 634 1027 688 in
1045 634 1079 689 V.
1106 637 1147 689 od
1162 636 1259 688 sarias
1276 635 1413 703 11110111,
1441 638 1517 704 parad
1533 637 1680 705 imperium
1698 637 1837 705 samosatis
1854 654 1937 708 pau

245 722 278 777 Τ.
304 738 360 775 non
385 737 491 790 semper
512 727 680 791 acceperunt
703 728 845 776 externum
870 727 898 776 et
921 738 1080 791 expressum
1105 724 1172 775 dam
1190 731 1215 775 at
1233 723 1384 791 irupiratio
1398 724 1508 791 potiris,
1528 741 1611 791 quam
1626 731 1806 791 praeceptum
1819 724 1939 794 propris

245 809 405 863 mandatum
429 806 583 876 scribendi,
612 814 641 862 et
672 816 763 863 tamen
792 807 930 876 scriptura
957 804 1210 904 ipsorumicls'ctom
1235 807 1392 861 eserinam·
1420 810 1506 862 debet.
1542 808 1613 877 (Imo
1631 825 1696 864 sero
1714 825 1786 878 quae
1802 824 1838 865 ex
1854 809 1937 881 inspi-

244 902 287 950 est
314 901 342 949 et
363 893 507 963 judicatur
530 892 624 947 diviua
648 910 680 947 ex
707 893 760 948 Dei
788 893 918 948 mandato
944 892 1077 962 profecta
1103 895 1211 949 ratione
1227 893 1322 948 divim
1340 894 1491 964 prophetae
1502 895 1568 949 olim
1579 895 1937 966 protuleruntetiecerunt,

246 982 335 1037 Oscae
352 997 377 1034 v.
393 984 433 1034 12.
445 980 487 1031 ait
499 979 646 1044 Dominus,
665 979 770 1047 sampsi
781 979 841 1032 illis
851 978 1077 1046 mupnals'alaps's
1104 997 1138 1035 ea
1156 998 1188 1035 es
1200 971 1337 1035 'mandato
1350 980 1461 1034 Domini
1473 981 1620 1051 protulisse
1633 988 1661 1036 et
1672 981 1937 1038 ieciseecensentnr.

245 1084 330 1133 oscae,
348 1065 397 1120 nbi
416 1064 567 1119 Massicum
585 1063 756 1134 scripturam
778 1081 811 1119 er
833 1064 965 1119 instinctu
984 1071 1012 1119 et
1029 1064 1077 1119 im·
1105 1065 1183 1121 Idem
1211 1065 1247 1120 de
1273 1066 1404 1136 apostolis
1434 1073 1493 1122 esto
1518 1066 1663 1137 judicium.
1716 1068 1794 1123 Neve
1815 1068 1878 1140 quis
1904 1085 1937 1126 es

247 1153 331 1226 pulsu
358 1168 408 1206 suo
435 1149 589 1221 proiectam
617 1149 670 1204 sibi
697 1150 751 1220 ipsi
771 1150 876 1206 tribuit
919 1151 983 1206 dam
1013 1166 1078 1208 sero
1104 1153 1164 1207 loco
1181 1152 1332 1221 apostolico
1355 1159 1375 1207 1.
1388 1151 1449 1207 Cor.
1469 1160 1493 1220 ’1,
1511 1171 1536 1206 v.
1556 1159 1598 1208 25.
1618 1153 1765 1210 discrimen
1779 1153 1938 1209 iaciendum

246 1238 436 1310 evangelistae
462 1244 490 1292 et
512 1236 630 1307 apostoli
655 1237 776 1308 impulsu
794 1243 822 1293 et
843 1237 1021 1307 inspiratione
1038 1237 1078 1292 di·
1105 1243 1217 1292 censeat
1235 1236 1306 1291 inter
1317 1237 1370 1292 Dei
1389 1237 1549 1311 mandatnm
1567 1245 1595 1293 et
1606 1238 1821 1308 inspirationem,
1841 1245 1937 1295 notan·

246 1326 312 1380 sina
328 1324 445 1397 permoti
465 1325 500 1379 ad
515 1324 693 1379 scribendum
710 1331 893 1380 maesserunt
924 1323 1078 1380 Prohasnus
1106 1324 1186 1388 dum,
1220 1323 1295 1394 quod
1314 1323 1454 1392 apostolus
1473 1323 1602 1393 loquatur
1619 1323 1654 1379 de
1671 1325 1802 1380 mandato
1819 1325 1938 1396 quodam

245 1414 297 1468 hoc
313 1410 486 1468 testimoniis.
518 1417 539 1466 1.
560 1411 734 1479 Scripturas.
766 1415 842 1465 πᾶσα
859 1410 955 1482 γραφὴ
976 1409 1080 1466 scilicet
1106 1408 1229 1480 generali
1247 1424 1342 1463 omnes
1359 1408 1481 1479 virginee
1500 1406 1656 1479 obligante,
1674 1410 1748 1479 quod
1766 1427 1895 1480 expresse
1911 1417 1939 1468 et

248 1497 322 1571 lapis,
341 1505 373 1553 ut
391 1515 425 1552 ex
443 1513 514 1552 rere.
531 1498 657 1567 praeced.
676 1504 791 1568 constat,
811 1497 1078 1560 fairrinnandans,
1105 1493 1261 1564 specialiter
1278 1494 1331 1548 hac
1349 1494 1383 1548 de
1403 1510 1433 1548 re
1452 1511 1470 1548 a
1485 1493 1546 1549 Deo
1565 1494 1601 1548 sit
1617 1496 1829 1567 promulgatum,
1849 1514 1867 1551 a
1883 1514 1938 1569 quo

246 1586 286 1640 ait
314 1583 455 1654 apostolus
483 1588 497 1637 1
523 1582 642 1637 Timoth.
666 1588 695 1652 3,
724 1601 749 1636 v.
776 1589 815 1639 16.
839 1584 960 1654 impulsu
986 1583 1079 1637 divino
1107 1580 1254 1650 distinguit
1271 1596 1350 1635 suam
1369 1580 1487 1653 γνώμην
1504 1588 1658 1650 temporum
1678 1581 1786 1637 illorum
1804 1589 1833 1638 11
1847 1599 1938 1653 perso·

247 1670 365 1738 tradita,
389 1677 418 1725 et
437 1669 515 1739 quasi
533 1669 688 1738 inspirata,
706 1669 754 1724 ubi
774 1670 896 1740 loquitur
914 1687 970 1725 non
990 1670 1079 1724 solum
1105 1682 1202 1720 narum
1221 1665 1370 1721 conditioni
1388 1665 1538 1736 prudenter
1559 1668 1800 1723 accommodatam.
1829 1669 1940 1725 Perstat

247 1758 283 1812 ds
299 1757 378 1812 libris
397 1756 432 1812 V.
443 1755 477 1809 T.
495 1756 544 1811 sed
562 1755 645 1811 etiam
663 1757 697 1811 de
715 1756 826 1828 scriptis
843 1757 878 1814 N.
891 1757 923 1811 ’1.
936 1773 1008 1828 quae
1025 1757 1079 1811 illis
1107 1751 1193 1823 igitur
1218 1751 1373 1821 conclusio,
1403 1753 1477 1823 quod
1502 1752 1688 1824 evangelistae
1713 1761 1742 1808 et
1764 1754 1883 1825 apostoli
1906 1771 1938 1811 ex

248 1849 315 1899 sunt
325 1842 436 1898 omnino
447 1842 627 1913 homogenea,
643 1859 770 1915 quaeque
782 1860 816 1899 eo
826 1850 950 1916 tempore
962 1844 1080 1899 maxima
1107 1839 1238 1893 mandato
1255 1845 1284 1894 et
1300 1838 1442 1893 voluntate
1455 1837 1510 1893 Dei
1527 1837 1694 1909 scripserint

248 1947 282 1986 ex
304 1935 384 2001 parte
398 1930 517 1999 jamtum
536 1928 697 1998 exstabant,
727 1947 790 1984 snm
806 1929 874 1985 haec
892 1930 1027 2001 posterior
1043 1930 1079 1986 ad
1142 1927 1290 1981 111111
1313 1927 1446 1979 mndata
1470 1924 1587 1994 Christi,
1614 1942 1669 1997 quo
1688 1927 1824 1996 jubentur
1840 1928 1940 1982 (101111

253 2015 427 2072 'timotheum
451 2014 568 2084 epistola
590 2015 661 2068 inter
683 2031 777 2071 omnes
802 2017 968 2087 apostolicas
988 2016 1024 2071 sit
1041 2016 1080 2070 ul·
1108 2028 1200 2065 omnes
1225 2019 1325 2078 9111111.
1362 2010 1415 2074 Qui
1436 2011 1571 2081 jubentur
1595 2012 1694 2067 dacae
1715 2029 1809 2069 omnes
1833 2018 1939 2084 gentas,

249 2103 317 2158 tima
333 2100 717 2173 anachoritanum
748 2107 771 2157 2.
792 2103 918 2157 Patruus.
934 2101 1006 2157 Iren.
1018 2102 1079 2158 libr.
1107 2097 1147 2152 illi
1166 2096 1249 2152 ctiam
1264 2096 1398 2168 jubentur
1416 2096 1658 2153 doctrinamsuam
1669 2098 1939 2171 mripmcomplecti,

251 2196 274 2245 3.
293 2189 357 2243 ads.
376 2187 480 2242 haeres.
499 2203 523 2241 c.
545 2192 567 2241 1.
603 2188 736 2256 Apostoli
754 2190 831 2257 quod
850 2190 973 2258 primum
996 2205 1080 2258 prac-
1107 2199 1197 2255 neque
1222 2183 1295 2238 enim
1318 2200 1413 2239 omnes
1439 2191 1535 2255 gentes
1560 2184 1644 2240 etiam
1665 2186 1786 2241 secuturi
1806 2186 1939 2258 temporis

247 2274 440 2341 coniecerunt,
465 2280 565 2342 postca
585 2289 639 2342 per
659 2275 717 2326 Dei
738 2274 905 2327 uoluntatem
925 2274 1080 2344 Sca-sparsis
1107 2269 1171 2324 siva
1190 2286 1259 2325 soce
1276 2269 1382 2341 absque
1401 2270 1505 2341 scripto
1524 2271 1766 2342 docerepotersnt
1792 2271 1858 2327 lam
1875 2290 1940 2329 sero

249 2361 327 2415 noim
345 2359 534 2413 tradiderunt.
572 2357 742 2412 Athanasius
761 2358 790 2413 in
809 2359 926 2430 epistola
943 2359 980 2414 ad
998 2359 1079 2416 Libe-
1105 2355 1222 2426 apostoli
1245 2356 1380 2427 iubentur
1406 2359 1505 2410 docere
1531 2374 1624 2411 amnes
1649 2366 1740 2425 pentes
1767 2358 1866 2414 Mettis.
1896 2365 1939 2417 28.

248 2446 318 2501 rium
333 2446 373 2500 'de
389 2443 500 2499 Christo
518 2443 621 2499 scribit.
656 2444 712 2497 Hic
734 2446 764 2498 V.
778 2453 803 2498 et
822 2447 857 2499 N.
875 2446 904 2499 T.
918 2447 1080 2516 composuit.
1107 2460 1132 2497 r.
1154 2448 1193 2498 19.
1212 2459 1267 2497 non
1286 2442 1360 2497 illius
1379 2443 1476 2510 solum,
1493 2443 1542 2498 sed
1560 2444 1644 2498 etiarn
1660 2444 1781 2498 secuturi
1799 2445 1939 2516 temporis,

248 2531 420 2603 Epiphanius
446 2534 542 2584 contm
560 2528 690 2600 siiiyooc:
730 2532 808 2585 Tunc
827 2531 952 2601 Spiritus
968 2541 1080 2586 concurs
1106 2533 1138 2582 nt
1160 2535 1270 2583 constat
1292 2545 1325 2583 ex
1348 2529 1527 2599 promissione
1552 2530 1648 2585 addita
1668 2549 1692 2584 s.
1714 2537 1755 2586 10.
1794 2534 1868 2586 Ecce
1889 2550 1939 2602 epo

246 2618 367 2688 impellit
385 2619 500 2683 Lucam
518 2623 549 2669 ut
567 2617 603 2670 ab
623 2617 678 2669 imo
693 2619 841 2686 profando
857 2619 1005 2688 proferret
1020 2636 1079 2672 sess-
1105 2615 1243 2668 tabacum
1261 2633 1322 2668 sam
1341 2616 1465 2669 maresa
1486 2616 1583 2670 diebus
1601 2634 1686 2686 usque
1705 2619 1747 2670 ad
1765 2635 1939 2673 consumma·

246 2705 360 2759 tentiam
381 2703 571 2770 confutantem
594 2704 735 2772 dmoptoa,
762 2711 844 2773 rupim
860 2706 950 2758 denuo
968 2723 1079 2758 acanum
1105 2701 1207 2755 tionem
1226 2701 1320 2756 1101111.
1354 2701 1436 2773 Ergo.
1463 2701 1581 2774 Dixerit
1596 2702 1707 2774 aliquis,
1724 2703 1752 2756 ss'
1769 2721 1801 2756 err
1818 2705 1862 2758 isis
1880 2723 1939 2761 oer-

248 2793 406 2845 admooerct
429 2788 480 2855 iis,
506 2804 576 2857 quae
597 2787 652 2840 aiii
668 2790 879 2857 [ιι-1111111111.
922 2790 1079 2846 Dorotheus
1107 2786 1147 2839 aa
1169 2787 1274 2841 Christi
1293 2788 1383 2840 cuincs'
1396 2795 1504 2856 posset,
1528 2789 1691 2841 mandatum
1708 2790 1851 2844 scribendi
1869 2809 1939 2863 apo·

248 2875 316 2947 Cyri
330 2874 475 2946 episcopus
487 2873 579 2942 refert,
594 2876 700 2928 Micam
713 2892 745 2928 en
762 2877 896 2929 mandam
909 2878 992 2930 Petri
1001 2895 1079 2930 sunm
1104 2872 1294 2942 antefuisse
1312 2875 1416 2942 dotum
1434 2891 1600 2944 consequaces
1609 2878 1688 2945 fore,
1707 2878 1783 2944 quod
1794 2878 1941 2933 moseia

249 2961 430 3029 euangelium,
448 2969 474 3013 et
491 2961 566 3013 Acta
582 2979 634 3014 sua
649 2979 681 3014 aa
692 2964 827 3016 mandato
839 2963 929 3016 Pauli
940 2980 1078 3017 marasse.
1105 2975 1198 3013 omnes
1219 2961 1346 3028 scribere,
1365 2978 1425 3034 mem
1443 2977 1536 3014 omncs
1552 2978 1585 3015 aa
1602 2978 1690 3030 aequo
1707 2963 1759 3017 hoc
1774 2966 1941 3020 mundaum

248 3047 337 3119 Atqui
355 3047 404 3101 ills
421 3047 554 3101 mandata
572 3047 648 3102 Petri
665 3052 694 3102 et
706 3047 787 3101 Pauli
807 3064 841 3102 ex
854 3047 973 3119 Spiritus
990 3050 1079 3104 sancti
1104 3046 1270 3114 acceperint.
1305 3045 1387 3116 Resp.
1412 3046 1573 3101 mandatum
1601 3046 1653 3102 hoc
1674 3048 1726 3104 toti
1752 3050 1939 3120 apostolorum

246 3133 424 3206 inspiratione
443 3132 520 3187 inere
538 3131 671 3202 prolecta,
690 3133 756 3204 quis
773 3133 926 3206 φερόμενοι
944 3133 1078 3205 aspiritu
1105 3131 1239 3202 collegio,
1264 3149 1297 3186 ac
1321 3133 1494 3188 venerandae
1513 3133 1648 3189 dodecadi
1665 3135 1720 3188 fuit
1738 3135 1841 3191 datum
1876 3137 1940 3193 art-

149 3259 154 3269 ,
247 3227 342 3277 sancto
359 3218 447 3275 locuti
466 3225 531 3273 sunt
550 3218 639 3272 sancti
656 3218 710 3275 Dei
728 3219 857 3275 homines.
889 3225 913 3275 2.
924 3219 999 3275 Petr.
1013 3226 1035 3289 i,
1053 3239 1078 3276 s.
1104 3217 1163 3273 ficit
1186 3233 1268 3288 ergo,
1296 3218 1371 3290 quod
1399 3219 1512 3290 quidam
1535 3218 1644 3275 illorum
1668 3221 1841 3292 scripserint,
1870 3241 1940 3296 quo·

247 3314 287 3363 11.
323 3305 368 3362 ns
384 3305 481 3360 Marco
504 3304 600 3359 scribit
618 3303 731 3363 Hieron.
750 3306 778 3360 in
797 3306 913 3377 catalog.
932 3306 1007 3378 quod
1025 3309 1078 3361 Pe
1104 3322 1166 3359 rum
1192 3303 1296 3374 scripta
1317 3303 1416 3375 reliqui
1441 3322 1490 3359 suo
1514 3305 1647 3377 suffragio
1666 3306 1876 3378 confirmarunt,
1910 3317 1941 3367 st
1967 3319 1982 3360 11

247 3403 305 3446 trus
333 3391 506 3459 manentum
536 3397 637 3458 ropatu
662 3394 794 3458 fratrum
822 3393 929 3446 Romae
954 3393 990 3445 ab
1017 3393 1079 3462 ipso
1105 3388 1245 3446 auditores
1269 3407 1333 3445 suos
1355 3390 1392 3444 ad
1415 3407 1448 3446 ea
1465 3393 1637 3447 remiserunt.
1673 3393 1837 3451 Mandatum
1858 3413 1940 3467 prae-

247 3480 381 3549 scriptum
405 3476 616 3547 approbaverit,
648 3484 672 3528 et
696 3478 829 3530 ecclesiae
853 3478 1000 3547 legendum
1026 3497 1078 3533 aaa
1106 3476 1218 3532 dicandi
1246 3476 1403 3547 pertinebat
1430 3494 1486 3533 non
1517 3478 1604 3533 solum
1634 3479 1672 3533 ad
1700 3479 1858 3552 universos,
1886 3485 1939 3540 sed

248 3565 401 3618 autoritate
420 3564 635 3629 commmdarit,
652 3562 753 3634 quibus
772 3563 871 3619 similia
888 3581 922 3619 ex
938 3565 1079 3621 Clemente
1104 3562 1189 3618 etiam
1216 3562 1353 3632 singulos,
1379 3563 1428 3616 sed
1452 3562 1590 3620 1111111111
1612 3566 1774 3621 mandatum
1790 3585 1809 3623 a
1825 3569 1941 3641 quibas·

182 3652 185 3657 ’
222 3650 434 3709 ’1111111τί10
451 3655 578 3705 recenset
588 3648 724 3705 Eusebius
743 3649 804 3705 libr.
820 3656 843 3718 1,
861 3668 884 3707 1.
903 3656 941 3707 15.
953 3657 986 3705 ut
996 3652 1078 3722 paulo
1106 3649 1171 3704 dam
1188 3648 1324 3703 duntaxat
1342 3649 1718 3721 metationifuitdandum,
1737 3655 1940 3715 cumnontue·

247 3736 373 3809 superius
392 3736 474 3792 etiam
489 3735 651 3791 monuimus.
681 3738 801 3809 August.
821 3735 883 3791 libr.
905 3744 925 3792 1.
946 3738 981 3794 de
1004 3755 1079 3797 cons,
1105 3734 1141 3789 rit
1166 3734 1352 3790 necessarium
1375 3751 1469 3790 omnes
1494 3752 1528 3790 ac
1551 3737 1675 3808 singulos
1697 3740 1832 3808 scribere,
1861 3744 1940 3811 qnod

247 3824 371 3896 asangm
397 3840 458 3894 cap.
483 3823 531 3878 ult.
579 3824 647 3878 Cum
671 3823 719 3877 illi
741 3822 939 3893 (evangelistae
964 3828 992 3878 et
1015 3840 1079 3895 apa-
1106 3820 1197 3891 ipsum
1220 3839 1252 3877 ex
1276 3821 1409 3891 peculiari
1425 3821 1493 3878 DEI
1512 3821 1645 3879 instinctu
1659 3831 1687 3880 11
1704 3824 1833 3882 familiari
1852 3828 1940 3900 Spiri-

246 3911 323 3978 stoli)
341 3911 520 3980 campserunt,
541 3925 612 3976 mane
630 3909 680 3962 ille
698 3908 817 3988 ostendit
837 3916 862 3960 st
880 3909 1078 3978 arctansque·
1104 3913 1150 3961 tus
1167 3908 1256 3962 nucu
1273 3908 1395 3979 alloquio
1413 3926 1579 3981 cognoscere
1595 3919 1753 3985 potuerunt

245 4016 329 4069 paam
340 3997 488 4051 dicendum
501 4003 549 4062 est,
562 3996 707 4063 qsmdipse
720 3995 939 4064 nonams'psers't,
953 3997 1078 4063 quando-
1140 3996 1287 4049 2111111
1312 3997 1505 4064 apostolorum
1526 3999 1631 4064 officio.
1671 3999 1793 4064 Quorum
1814 4000 1939 4059 officinm

246 4084 357 4155 quidem
375 4081 496 4135 rnembm
513 4080 574 4149 aisis
595 4081 627 4133 s'd
638 4088 754 4148 operata
773 4088 845 4146 eunt,
863 4082 940 4149 quod
955 4081 1078 4135 dictante
1104 4086 1148 4134 est
1163 4080 1319 4135 nouaclum
1333 4080 1396 4135 siva
1412 4098 1479 4136 soce
1486 4085 1694 4151 praedicando,
1711 4087 1760 4143 sed
1772 4086 1856 4143 etiam
1866 4090 1938 4143 sari-

245 4170 336 4240 aapite
367 4174 559 4235 coenaverunt.
613 4166 752 4235 Quicquid
784 4166 856 4218 enim
888 4166 939 4218 ille
963 4169 998 4220 dc
1020 4168 1079 4221 suis
1105 4166 1193 4220 bando
1211 4165 1247 4220 de
1265 4165 1375 4221 Christo
1389 4167 1525 4223 salvatore
1541 4169 1651 4238 testari,
1669 4170 1777 4228 illorum
1792 4172 1939 4246 Scriptura

245 4255 329 4310 dictis
356 4262 381 4308 et
400 4253 495 4321 factae
520 4270 570 4304 nos
596 4252 808 4320 119111101111,
837 4252 888 4306 lroc
904 4253 1079 4307 111111ιά111
1105 4267 1123 4304 a
1138 4251 1268 4307 mandato
1287 4252 1381 4308 divino
1399 4254 1532 4326 originem
1550 4255 1643 4311 1111111.
1677 4257 1759 4315 Ratio
1774 4266 1832 4327 eat,
1860 4261 1937 4333 quin,

245 4342 285 4395 eis
309 4348 441 4410 mnarum
466 4339 525 4393 soa
544 4338 671 4391 monibus
688 4338 843 4408 imperauit.
881 4338 944 4390 Hoc
963 4339 1079 4392 unitatis
1104 4336 1157 4392 nisi
1175 4337 1317 4408 Scriptura
1340 4339 1389 4394 illa
1409 4346 1481 4396 esaei
1500 4340 1595 4396 dirim
1612 4349 1640 4397 et
1656 4360 1675 4398 a
1692 4343 1785 4400 divino
1803 4347 1937 4405 andsto

245 4426 414 4481 consortium
437 4433 463 4479 ct
488 4425 519 4477 in
543 4425 661 4478 diversis
679 4425 784 4494 officisis
800 4425 980 4478 concordium
997 4442 1076 4480 mem·
1103 4424 1236 4494 profecta,
1253 4424 1349 4494 utique
1367 4441 1417 4480 nec
1429 4424 1614 4481 testimonium
1628 4431 1937 4499 pometessedisinnm.

244 4515 356 4567 aarum
381 4510 436 4564 salr'
454 4529 510 4565 una
538 4511 630 4579 capite
652 4511 835 4564 rasennam
854 4511 980 4581 quupuis
999 4515 1077 4569 istst
1104 4509 1197 4565 Testis
1219 4509 1374 4580 injudicio
1400 4528 1457 4566 non
1479 4512 1627 4582 requisitus
1650 4514 1740 4570 audiri
1762 4534 1819 4573 non
1843 4518 1936 4577 debet

245 4599 354 4668 1111111,
372 4615 428 4652 non
446 4597 531 4651 aliter
549 4596 682 4666 accspict,
702 4597 779 4664 assari
794 4598 978 4650 narrantibus
995 4601 1077 4654 dism-
1104 4595 1169 4652 lau
1186 4613 1251 4652 sero
1263 4596 1380 4666 apostoli
1398 4612 1453 4655 non
1472 4598 1560 4653 solum
1579 4598 1644 4654 viva
1661 4617 1728 4656 voce
1739 4603 1937 4674 praedicando,

242 4686 320 4755 pulis
347 4682 454 4738 Uisists‘
476 4684 506 4735 in
530 4681 673 4749 sennodio
695 4682 809 4748 leporii.
836 4699 918 4750 quam
941 4684 1077 4754 sirpeam
1104 4683 1153 4737 sed
1180 4683 1263 4739 etiam
1286 4682 1433 4739 scribendo
1459 4684 1494 4739 de
1513 4683 1623 4740 Christo
1647 4687 1742 4743 testati
1762 4696 1879 4746 santae
1895 4697 1937 4749 te·

245 4788 356 4825 manum
374 4768 501 4829 Domini,
520 4784 603 4838 qaam
622 4767 786 4837 inproprie
808 4783 924 4836 corpore
942 4772 1076 4837 gestabat,
1103 4769 1169 4824 stari
1187 4765 1270 4826 etiam
1287 4768 1451 4825 debuerunt
1484 4769 1585 4826 Johan.
1607 4778 1652 4840 15,
1675 4791 1701 4826 s.
1719 4781 1759 4830 21.
1801 4777 1855 4830 Vos
1868 4795 1937 4846 per·

244 4858 406 4912 samosatam
433 4853 613 4924 amsponerit.
656 4852 810 4909 Eucherius
834 4851 864 4906 in
887 4854 1005 4928 regulis:
1040 4858 1077 4910 In
1103 4855 1230 4908 libabitis
1254 4856 1290 4909 de
1314 4871 1354 4907 sae
1371 4856 1564 4914 testimenium.
1599 4858 1743 4929 Antoni,
1771 4864 1937 4920 11111111

244 4942 362 4998 11011110
383 4939 442 4995 Dcs'
466 4939 545 4993 nobis
564 4939 657 5008 utique
677 4939 906 4994 ramonariae
925 4941 1077 5012 incompre-
1103 4941 1174 4994 meisi
1190 4948 1270 4994 testes
1288 4940 1318 4992 in
1336 4940 1498 4997 Jerusalem
1517 4952 1542 4997 et
1560 4945 1590 4998 s'n
1608 4947 1684 4999 omni
1700 4947 1817 5002 Judoea
1837 4956 1862 5004 et
1880 4951 1936 5006 ὁά-

243 5026 375 5083 marnas·
393 5033 457 5080 onte
476 5025 570 5079 secula
588 5025 743 5094 depositum
761 5033 815 5086 est,
833 5027 946 5093 qmndo
965 5035 990 5081 et
1005 5045 1076 5097 pua-
1104 5028 1197 5081 maria
1214 5044 1298 5096 usque
1316 5029 1357 5082 ud
1367 5029 1441 5098 fiam
1458 5037 1559 5085 terrae.
1594 5030 1658 5088 Aac
1674 5038 1714 5101 10,
1729 5051 1757 5087 v.
1768 5039 1810 5090 11.
1845 5037 1938 5093 Dedit

243 5114 316 5183 liter,
335 5113 464 5184 quibimus
481 5112 625 5166 0111011111
638 5111 888 5185 Scripturaeacro
905 5115 1078 5171 conderetur.
1105 5115 1266 5183 Dese-,eam
1291 5115 1470 5176 manifestum
1488 5117 1558 5185 ficri
1572 5117 1652 5170 nobis
1664 5120 1880 5187 praeordinatis
1897 5130 1937 5179 rs-

243 5207 270 5255 3.
283 5201 406 5271 ipsorum
425 5199 663 5255 aduersariorum.
691 5199 819 5255 Bcllarns
831 5198 893 5255 libr.
907 5207 931 5257 1.
945 5202 980 5256 (11
992 5201 1077 5256 serbo
1102 5198 1196 5257 naas.
1215 5216 1241 5252 r.
1262 5203 1285 5255 2.
1304 5207 1330 5252 11
1343 5201 1487 5270 proserpit
1503 5201 1581 5254 notia
1597 5204 1769 5270 maednare
1782 5206 1890 5276 poprslo
1910 5218 1937 5265 st

243 5285 297 5343 Dei
315 5302 339 5340 a
357 5291 381 5341 3.
399 5282 426 5361 ξ.
442 5284 564 5341 Falsum.
599 5286 665 5340 Non
689 5304 836 5355 acuamus,
867 5287 934 5357 puin
951 5293 1013 5343 Deo
1031 5305 1075 5342 oo
1103 5285 1254 5354 1111110111
1283 5282 1425 5348 Quomodo
1443 5302 1508 5342 vero
1526 5285 1667 5343 tmdfioati
1677 5295 1742 5345 sunt
1759 5290 1795 5344 de
1806 5289 1936 5349 Christo?

243 5372 314 5426 lente
332 5379 358 5425 el
375 5371 532 5440 inspiranto
551 5372 675 5441 apostoli
688 5372 851 5442 scripserim
870 5390 941 5442 quas
959 5374 1075 5443 scripse
1103 5387 1169 5426 num
1194 5370 1254 5426 sola
1275 5371 1496 5442 praedicatione,
1523 5388 1558 5429 an
1583 5390 1648 5429 vero
1672 5375 1755 5431 etiam
1775 5377 1936 5451 scriptione,

243 5466 324 5529 rant,
351 5457 514 5512 aliudesse
531 5465 572 5513 cst
588 5459 813 5529 olipsriclfaccre
831 5459 895 5513 Deo
915 5468 1076 5530 suppernata
1102 5457 1251 5530 respondet
1277 5455 1413 5529 emphasis
1442 5456 1578 5515 dictomm
1602 5459 1769 5534 scripturae
1813 5463 1936 5523 Johann
