3968 6024
220 276 260 336 42
927 268 1050 326 Locus
1067 267 1211 324 PRIMUS

222 422 341 479 dioensis
360 422 415 478 fuit
434 421 600 494 apostolica,
623 422 675 477 hoc
695 427 752 492 est,
775 422 813 477 ab
830 423 961 495 apostolis
978 423 1055 494 plan·
1084 427 1167 495 (quas
1184 429 1281 494 postea
1297 420 1372 476 dicta
1384 419 1439 475 fuit
1450 419 1622 489 Constantia,
1641 420 1715 475 sicut
1725 419 1921 492 Hierosolyma

221 517 297 582 tata,
324 513 404 583 cujus
429 511 575 584 episcopus
599 511 653 566 fuit
669 511 780 576 Melita,
804 512 898 568 floruit
916 513 992 568 circa
1008 529 1056 567 an·
1084 509 1159 564 dicta
1175 507 1230 563 tuit
1247 507 1338 575 Aelia)
1357 505 1407 561 ubi
1428 506 1567 576 apostolus
1585 506 1689 561 Paulus
1712 523 1776 561 cum
1789 506 1920 562 Bamabs

226 614 292 652 num
307 596 410 652 Christi
432 605 498 666 170,
516 597 607 667 potuit
627 597 724 654 audire
741 599 804 653 illos
821 616 908 666 ιιιιιι,
926 599 974 671 qui
991 598 1056 668 adp·
1083 593 1260 650 aununtiavit
1285 608 1438 648 ammonem
1454 591 1567 647 Domini
1594 591 1657 648 Act.
1680 598 1719 662 13,
1745 611 1771 648 v.
1792 601 1817 649 5.
1854 592 1921 649 Fuit

221 684 358 739 lescentes
382 683 536 740 iohannem
557 685 754 756 evangelistam
773 702 866 741 senem
884 686 1056 741 audiverunt
1083 699 1151 755 crgo
1168 682 1224 736 illic
1242 680 1359 736 ecclesia
1376 678 1529 750 apostolica
1548 678 1606 732 sive
1625 679 1661 734 ab
1688 679 1820 749 apostolis
1839 679 1919 750 plan·

120 783 149 824 11.
162 779 195 823 aa
221 769 383 842 Polycrates
408 768 513 842 Ephesi
530 769 676 840 episcopus
699 771 733 826 de
750 788 782 826 eo
798 771 911 840 esseut,
932 773 1009 841 qaod
1027 771 1058 823 in
1082 774 1153 837 tata,
1181 770 1261 839 cujus
1281 767 1428 838 episcopus
1445 764 1500 822 fui:
1517 764 1700 836 Epiphanius,
1719 782 1801 839 quem
1819 766 1920 821 Hiero·

221 855 326 908 uinctis
346 872 402 925 per
426 856 550 922 pretium
572 856 689 924 spiritns
705 856 798 909 sancti
813 859 911 910 unctas
926 857 964 910 sit
981 855 1056 927 apud
1082 873 1182 925 nymus
1206 854 1235 908 in
1259 853 1340 907 catal.
1364 851 1458 924 script.
1484 857 1567 906 vocat
1583 850 1744 923 episcopum
1764 850 1853 923 Cypri
1872 851 1921 908 Sa·

221 939 373 995 Eusebium
395 939 443 994 lib.
463 947 486 996 5.
509 940 582 995 Hist.
608 960 631 997 c.
654 946 694 997 22.
719 942 794 997 circa
815 943 887 998 med.
910 942 1057 998 Tertullia·
1082 939 1209 995 laminae.
1247 940 1275 995 Is
1301 955 1368 1010 ergo
1394 939 1423 992 in
1449 937 1498 992 lib.
1524 937 1559 991 de
1583 954 1702 993 mensur.
1727 943 1756 993 st
1772 937 1919 1008 ponderib.

222 1042 273 1080 nus
291 1023 366 1095 apud
382 1024 583 1098 Hieronymum
602 1027 632 1081 in
654 1027 736 1083 catal.
754 1027 851 1082 eccles.
869 1027 962 1098 script.
981 1028 1057 1096 dicit,
1082 1026 1128 1080 fol.
1154 1031 1211 1082 531.
1238 1025 1337 1090 refert,
1368 1025 1497 1080 Judaees
1527 1025 1634 1078 misisse
1660 1024 1703 1078 ad
1724 1024 1921 1080 Ptolomaeum

219 1129 280 1165 eum
310 1130 330 1165 a
359 1111 503 1181 pleresque
531 1121 689 1167 nonrorum
711 1113 879 1184 prophetam
903 1113 1056 1184 appellari.
1082 1112 1169 1166 libros
1196 1112 1290 1166 aureis
1319 1110 1410 1164 literis
1436 1111 1592 1179 descriptos
1613 1110 1715 1177 oipinti
1735 1110 1821 1177 duas,
1849 1126 1921 1181 quas

220 1194 249 1250 Is
273 1195 308 1252 de
332 1213 362 1252 se
384 1196 446 1268 ipso
468 1203 600 1267 testatur,
627 1199 702 1270 quod
725 1202 870 1268 profectas
891 1200 987 1266 fuerit
1016 1201 1057 1253 ad
1081 1197 1242 1252 nominatim
1259 1202 1392 1254 recenset.
1426 1194 1624 1265 DeSapieutia
1638 1194 1921 1251 SalomonisctSira·

221 1281 361 1351 11111111,
378 1282 431 1338 hoc
452 1290 502 1350 sn,
528 1282 565 1338 ao
584 1283 714 1339 eclesias
724 1272 906 1354 1111111111,
925 1284 1053 1352 Pisidiae,
1080 1282 1269 1346 1111111111,
1290 1285 1368 1353 quos
1384 1283 1467 1337 111111
1484 1283 1596 1352 queam
1614 1282 1683 1349 1111,
1709 1282 1761 1335 ee
1776 1281 1807 1335 a»
1826 1299 1923 1336 nmis

219 1366 407 1438 Pamphilius,
428 1367 557 1437 Ciliciae,
580 1367 746 1436 Phoenices,
769 1371 824 1424 imo
841 1389 927 1440 usque
945 1372 976 1423 in
994 1388 1053 1424 eum
1080 1388 1142 1423 rum
1169 1369 1366 1423 canonicorum
1390 1386 1445 1422 non
1471 1369 1647 1436 merantur,
1679 1384 1765 1437 neque
1791 1368 1822 1421 in
1848 1384 1922 1422 arca

220 1453 325 1521 laeum,
350 1454 380 1507 in
404 1471 459 1523 quo
476 1454 545 1508 haec
562 1463 641 1522 qesta
665 1465 689 1508 et
708 1457 881 1525 praedicata
901 1465 976 1525 sunt,
1001 1455 1053 1511 hoc
1079 1457 1204 1519 foedans
1226 1456 1336 1520 fuerint
1360 1456 1484 1525 repositi.
1509 1455 1612 1510 haeres.
1631 1460 1655 1510 8.
1685 1460 1782 1509 contra
1806 1453 1920 1525 Epicur.

220 1544 275 1607 est,
299 1538 328 1592 in
346 1538 503 1609 provincias
524 1538 681 1608 Galilaeae,
701 1541 853 1610 Samariae,
875 1541 1000 1597 iudaeae
1021 1559 1053 1596 ac
1078 1541 1163 1599 libros
1192 1547 1336 1598 enumerat
1358 1547 1398 1605 21,
1431 1558 1499 1613 quos
1526 1539 1642 1596 ludaeis
1671 1540 1768 1595 aDeo
1798 1541 1927 1613 maditus,

218 1624 371 1696 peragratis
391 1624 466 1680 hisce
484 1625 553 1680 locis
573 1626 721 1681 sententias
740 1645 841 1697 eorum,
862 1628 910 1700 qui
930 1628 1054 1683 ecclesiis
1079 1628 1165 1682 fuisse
1182 1628 1280 1683 asserit
1296 1627 1341 1683 vel
1362 1628 1454 1698 potius
1472 1625 1564 1697 inquit
1582 1631 1622 1680 22.
1642 1625 1677 1687 ὡς
1694 1627 1727 1680 roi
1747 1625 1810 1695 παρ’
1823 1625 1921 1688 αὐτοῖς

218 1716 278 1764 tum
301 1716 460 1781 praeerant,
488 1711 523 1766 de
546 1728 652 1766 canone
676 1715 845 1785 pernegavit,
872 1721 903 1769 ut
926 1718 955 1768 et
977 1732 1007 1769 se
1025 1721 1054 1770 et
1080 1721 1202 1785 στοιχεῖα
1236 1715 1293 1767 τῶν
1322 1714 1458 1783 ἑβριΐκῶν
1489 1711 1664 1787 γραμμάτων
1697 1711 1918 1786 ἀριθμούμεναι.

217 1795 287 1851 alios
304 1796 334 1850 in
351 1796 403 1851 hac
421 1796 581 1868 quaestione
593 1795 774 1853 confirmaret.
800 1797 946 1863 Quodnam
962 1805 1053 1855 autem
1079 1800 1199 1865 Quidam
1216 1805 1310 1855 autem
1326 1798 1391 1853 libri
1409 1802 1580 1866 διπλοῦνται,
1598 1797 1663 1853 hinc
1680 1797 1730 1852 illa
1745 1789 1853 1853 numeri
1872 1814 1918 1853 va·

218 1883 411 1952 episcoporum
439 1881 549 1936 illorum
577 1884 612 1938 de
639 1901 744 1939 canone
770 1886 945 1940 consentiens
971 1886 1054 1941 fuerit
1078 1886 1176 1955 metas,
1203 1891 1235 1939 ut
1262 1884 1396 1955 duplicati
1423 1884 1479 1939 siut
1506 1890 1546 1947 22,
1572 1883 1694 1954 separati
1721 1888 1761 1938 21.
1800 1888 1917 1956 Σοφίαν

218 1967 417 2037 testimonium,
444 1972 504 2022 tum
530 1984 563 2021 ex
590 1968 730 2023 Melitonis
753 1970 899 2040 relatione,
931 1978 990 2026 tum
1020 1988 1052 2026 ex
1079 1975 1182 2042 Σιιραχ
1201 1976 1247 2024 καὶ
1265 1974 1448 2038 Σαιομωνιος
1466 1971 1534 2026 dicit
1553 1985 1612 2025 esse
1633 1970 1663 2023 iv
1681 1969 1851 2043 ἀμφιιέκιῳ.

219 2054 406 2123 subsequente
428 2052 543 2123 speciali
562 2055 767 2112 enumeratione
786 2057 924 2113 elucescit.
957 2057 1053 2157 Magni
1115 2063 1155 2113 81.
1188 2056 1281 2126 Cypro
1299 2057 1485 2112 conterminae
1502 2064 1566 2111 sunt
1586 2055 1712 2127 regiones
1732 2055 1917 2127 Pamphrhae,
1929 2077 1965 2118 ,1,

217 2139 303 2212 igitur
330 2140 488 2195 faciendum
519 2141 571 2197 hoc
601 2141 741 2197 Melitonis
773 2143 972 2213 testimonium,
1008 2144 1053 2198 cui
1079 2143 1252 2215 Lycaoniae,
1271 2143 1465 2214 Cappadociae
1484 2150 1537 2199 etc.
1576 2143 1737 2214 Lycaoniae
1754 2143 1821 2198 urbs
1837 2126 1965 2213 prae-¹⁹⁶

218 2227 293 2298 quod
320 2227 466 2283 obvertant
492 2227 647 2297 Pontificii,
676 2246 731 2283 non
756 2229 873 2295 habent,
902 2230 955 2285 nisi
979 2231 1053 2303 quod
1080 2229 1163 2300 cipue
1180 2229 1234 2284 suit
1255 2229 1395 2297 Iconium,
1425 2229 1473 2284 ubi
1492 2229 1597 2284 Paulus
1615 2228 1760 2283 ecclesiam
1779 2227 1917 2298 plantavit

222 2314 323 2367 librum
344 2312 507 2382 Sapientiae
524 2316 666 2389 canonicis
683 2317 889 2384 annumeraret,
913 2334 995 2386 quem
1013 2321 1053 2371 ta·
1079 2317 1142 2370 Act
1160 2320 1198 2369 13.
1218 2332 1243 2368 v.
1262 2321 1301 2369 hl.
1320 2332 1343 2369 c.
1366 2320 1406 2369 11.
1426 2332 1451 2366 v.
1474 2320 1495 2369 l.
1516 2319 1540 2370 2.
1559 2313 1630 2367 lim.
1650 2320 1672 2369 3.
1692 2331 1718 2368 v,
1733 2320 1772 2369 11.
1802 2312 1917 2386 Episco-

219 2416 282 2454 men
306 2406 416 2454 ιιοιιιιι
438 2401 573 2456 ecclesiae
595 2419 646 2471 pro
663 2402 796 2457 canonico
814 2419 870 2455 non
891 2406 1052 2474 agnoscant
1079 2420 1132 2473 pus
1156 2401 1231 2456 illius
1255 2400 1387 2457 ecclesiae
1409 2401 1463 2456 fuit
1485 2401 1712 2470 Amphilochius,
1740 2400 1775 2455 de
1794 2417 1850 2471 quo
1868 2399 1917 2456 So·

219 2485 274 2543 Sed
292 2484 360 2556 quid
377 2486 430 2541 hac
448 2487 483 2542 de
501 2505 532 2542 re
556 2487 733 2542 statuendum
755 2488 804 2556 sit,
830 2487 944 2543 inferius
967 2489 1053 2559 expli·
1079 2493 1168 2543 crates
1186 2488 1235 2543 lib.
1254 2495 1278 2543 5.
1301 2504 1325 2542 c.
1345 2493 1370 2543 8.
1390 2487 1563 2558 pronuntiat,
1589 2489 1666 2556 quod
1685 2487 1916 2556 patriarchatum

217 2570 334 2626 cabitur.
1080 2575 1219 2628 Asianum
1242 2573 1397 2627 obtinuerit.
1433 2573 1462 2627 Is
1483 2573 1513 2626 in
1529 2572 1632 2643 Jambis
1653 2572 1689 2626 ad
1708 2571 1856 2628 Seleucum
1876 2573 1918 2627 sic
1955 2589 1959 2595 ·

79 2680 193 2721 sursulus
254 2661 294 2713 18.
318 2656 503 2710 Palaestinae
519 2657 677 2728 metropolis
697 2664 740 2730 est
760 2658 915 2728 Caesarea,
937 2659 986 2712 ubi
1003 2659 1053 2712 Pe·
1079 2660 1188 2716 scribit:
1221 2660 1322 2712 Libros
1344 2659 1471 2727 sinpulos
1492 2677 1511 2712 a
1535 2659 1631 2713 diuino
1650 2658 1753 2728 spiritu
1768 2659 1917 2727 profectos

77 2731 199 2780 mim·
218 2749 277 2799 trus
301 2741 446 2797 ecclesiam
469 2742 620 2813 plantavit,
642 2760 705 2797 cum
722 2743 877 2813 baptizaret
895 2743 1052 2800 Cornelium
1079 2747 1130 2800 tibi
1145 2746 1305 2814 recensebo,
1327 2753 1408 2813 atque
1425 2752 1530 2798 utrem
1548 2761 1655 2797 omnem
1673 2743 1799 2798 11111ιὶ111
1818 2762 1917 2813 cogne-

217 2831 282 2884 Act.
307 2834 347 2884 10.
372 2846 397 2883 v.
423 2834 465 2885 18.
491 2845 525 2884 ac
549 2830 653 2885 Paulus
680 2831 784 2886 ibidem
810 2848 903 2887 coram
920 2832 1003 2887 Festo
1026 2839 1054 2886 et
1079 2851 1140 2896 cas,
1162 2832 1285 2902 prinnsm
1309 2831 1361 2884 tihi
1380 2831 1472 2900 prisci
1488 2831 1620 2898 foedent
1644 2830 1731 2882 libres
1755 2847 1917 2884 commemo·

216 2914 346 2987 Agrippa
365 2916 538 2987 evangelium
557 2917 663 2981 docuit,
687 2918 811 2973 111125.
833 2925 861 2972 ιι
879 2924 920 2974 28.
955 2915 1052 2972 Caesa-
1079 2921 1156 2974 raho.
1192 2918 1295 2974 Postea
1316 2934 1411 2973 omnes
1429 2923 1569 2985 recenset,
1592 2933 1662 2987 quos
1680 2915 1803 2971 Hebraei
1821 2934 1917 2973 nume·

168 3063 170 3066 ,
216 3000 315 3056 11111111
342 3000 428 3072 igitur
452 3003 569 3057 ecclesia
589 3003 747 3074 apostolicis
767 3003 891 3059 ecclesiis
907 3011 950 3058 est
967 3021 1052 3058 annu·
1078 3013 1141 3061 rant
1164 3010 1284 3076 etquos
1307 3003 1439 3058 ecclesiae
1460 3009 1569 3058 nostrae
1595 3019 1645 3073 pro
1667 3002 1807 3058 mnonicis
1831 3019 1917 3074 agno·

217 3087 358 3141 meranda.
392 3087 472 3141 illius
491 3088 637 3159 episcopus
656 3091 795 3144 Eusebius
814 3090 963 3160 Pamphili
979 3090 1051 3145 idem
1078 3096 1167 3154 scunt,
1186 3091 1338 3158 illasvero,
1357 3088 1510 3160 dequibus
1529 3088 1748 3157 controvertitur,
1769 3086 1918 3144 omittitet

218 3172 253 3228 de
271 3187 376 3227 canone
394 3172 493 3243 sensit,
520 3173 596 3245 quod
615 3174 712 3231 Melite
728 3174 824 3243 refert,
853 3182 882 3230 et
905 3175 1052 3230 concilium
1078 3177 1173 3231 addit:
1201 3176 1258 3230 Hic
1275 3174 1434 3229 ιιιίιιὶιιιιι
1452 3182 1492 3228 ιιι
1509 3192 1598 3230 canon
1618 3175 1823 3244 amphorarum
1842 3174 1917 3228 dici·

216 3258 405 3314 Laodicenum
424 3259 556 3315 definivit.
594 3259 667 3317 Nam
683 3260 730 3315 lib.
749 3267 772 3316 3.
789 3260 863 3315 Hist.
879 3261 976 3317 eccles.
993 3268 1051 3318 c..9
1078 3264 1151 3316 nitus
1169 3262 1380 3333 inspiratarum.

217 3351 246 3400 et
264 3350 304 3400 10
322 3361 356 3400 ex
371 3344 495 3415 losepho
513 3353 640 3403 recenset
656 3345 741 3400 libros
760 3346 948 3414 ἐνδιαιήκιυι,
968 3353 1052 3419 atque
1112 3353 1154 3404 82.
1186 3347 1284 3401 Iconio
1304 3346 1415 3417 adjacet
1436 3345 1634 3414 Cappadocia,
1660 3344 1695 3397 ad
1714 3360 1798 3414 quam
1815 3343 1958 3436 Petrus„
1928 3343 1965 3385 tta

215 3430 288 3484 hanc
306 3429 423 3501 losephi
440 3431 605 3487 sententiam
623 3431 720 3486 laudat
736 3430 784 3486 lib.
804 3437 828 3487 6.
848 3449 871 3489 c.
893 3438 932 3488 12.
950 3433 1051 3489 librum
1077 3434 1195 3505 priorem
1214 3431 1456 3502 suamepistolam
1477 3430 1596 3501 scripsit,
1621 3405 1965 3505 1111111111111111111111111ἓΙ

218 3515 375 3586 Sapientiae
403 3523 432 3570 et
449 3515 675 3573 Ecclesiasticum
700 3517 861 3572 nominatim
886 3535 920 3573 ex
946 3535 1052 3574 canone
1077 3520 1131 3575 fuit
1154 3518 1341 3586 Nazianzum,
1377 3518 1457 3587 cujus
1480 3515 1646 3587 episcopum
1673 3514 1731 3586 egit
1761 3514 1918 3583 Greporim

218 3600 347 3657 excludit.
364 3600 413 3655 lib.
433 3602 520 3672 1111111.
538 3618 561 3656 c.
579 3608 629 3671 21,
647 3619 681 3656 ex
695 3603 843 3675 Origene
835 3623 864 3658 111
882 3607 1052 3676 expositione
1078 3609 1260 3677 cognomento
1274 3603 1428 3674 theologus,
1448 3603 1642 3656 Nazianzenus
1655 3607 1802 3670 propterea
1814 3600 1916 3658 dictus.

217 3686 318 3757 psalmi
337 3686 420 3756 primi
440 3689 598 3759 catalogum
615 3689 815 3759 scripturarum
828 3689 937 3746 Veteris
954 3691 1051 3748 Testa-
1079 3692 1107 3746 ls
1126 3692 1154 3745 in
1173 3690 1294 3744 carmine
1312 3688 1347 3743 de
1367 3687 1494 3761 genuinis
1513 3685 1666 3756 scripturae
1680 3685 1806 3757 partibus
1818 3685 1920 3742 eodem

163 3836 169 3846 ¹
216 3771 302 3826 menti
326 3780 463 3841 recenset,
486 3781 514 3828 et
537 3775 573 3827 ad
597 3791 741 3829 numerum
762 3773 902 3844 alphabeti
919 3775 1053 3830 Hebraici
1079 3776 1160 3832 modo
1181 3775 1328 3830 canonicos
1350 3774 1435 3829 libros
1454 3776 1592 3838 recenset,
1619 3789 1675 3842 quo
1700 3771 1847 3843 scriptores
1868 3770 1942 3827 ha·'

217 3864 341 3926 revocat,
367 3858 396 3912 in
419 3859 536 3914 chronic.
562 3860 597 3915 de
621 3859 699 3915 libris
721 3858 951 3915 Maccahaeorum
978 3861 1053 3931 dicit,
1079 3870 1176 3918 ctenus
1208 3859 1377 3928 enumerati,
1409 3859 1458 3929 qui
1489 3874 1583 3913 omnes
1615 3858 1716 3928 partim
1747 3857 1919 3930 antiquiores

726 3947 732 3959 ’
1079 3950 1192 4004 fuerunt
1214 3946 1330 4001 concilio
1349 3945 1522 4012 Laodicena,
1547 3943 1650 4014 partim
1674 3945 1771 4000 eodem
1792 3949 1920 4014 tempore

91 4050 188 4102 cymi„
254 4031 350 4085 ’11111
369 4029 510 4084 Caesarea
528 4030 734 4101 proficiscamur
753 4032 986 4100 Hierosolymam,
1005 4033 1053 4087 ubi
1079 4034 1236 4089 floruerunt
1273 4031 1369 4087 Verba
1391 4030 1560 4087 Nazianzeni
1586 4031 1626 4085 sic
1643 4029 1761 4086 babent:
1791 4031 1920 4101 Άρχαιις

90 4103 199 4204 ξξῖξζῗ·
218 4115 316 4171 itidem
341 4115 396 4171 fuit
420 4116 573 4186 apostolica
598 4117 728 4184 ecclesia,
753 4118 820 4188 quis
846 4118 964 4189 apostoli
990 4124 1054 4187 post
1078 4143 1098 4194 μ
1102 4121 1132 4174 tu
1151 4119 1239 4185 taran
1263 4116 1314 4172 dvo
1339 4121 1386 4172 καὶ
1403 4122 1491 4171 rison:
1509 4120 1622 4186 βίβλους
1638 4123 1695 4178 τοῖς
1712 4134 1768 4171 ror
1784 4115 1920 4190 Εβριιιων

91 4214 141 4246 ιιι
219 4200 322 4256 Christi
351 4201 539 4256 ascensionem
557 4202 729 4273 aliquamdiu
751 4203 951 4274 Hierosolymis
970 4203 1053 4258 docn-
1079 4205 1242 4279 ,ράμμασι
1268 4202 1434 4264 intrasse.
1471 4204 1515 4257 Ac
1539 4202 1642 4257 diserte
1668 4201 1760 4257 addit:
1785 4202 1919 4263 1111181

219 4293 307 4343 erunt
348 4286 428 4340 1111111
454 4285 588 4342 ecclesiae
612 4287 882 4359 Hierosolymitanae
906 4289 1052 4359 episcopus
1078 4290 1184 4347 roiano
1202 4291 1293 4359 ἓιιος,
1311 4287 1363 4343 οὐκ
1381 4290 1412 4344 ιν
1428 4292 1562 4356 γνησίαις

217 4371 272 4426 fuit
291 4373 463 4442 0111111111
481 4374 584 4428 catech.
604 4380 629 4430 1.
647 4392 675 4444 p.
696 4380 736 4430 98.
755 4374 852 4430 eodem
872 4376 955 4445 plane
971 4375 1052 4430 modo
1114 4384 1154 4434 83.
1185 4375 1366 4431 Orientalium
1390 4375 1568 4430 ecclesiarum
1595 4379 1622 4428 et
1644 4374 1836 4445 episcoporum
1859 4373 1918 4430 illis
1931 4386 1965 4429 οι

216 4460 363 4515 omonicos
390 4458 475 4513 libros
498 4465 637 4514 recenset:
661 4458 850 4529 ἀναγίνωσκε,
875 4461 980 4531 inquit,
1007 4460 1052 4520 rin
1078 4462 1294 4536 praepositorum
1322 4461 1486 4517 testimoniis
1511 4460 1646 4516 hactenus
1674 4459 1840 4516 enumeratis
1867 4461 1916 4515 ad·

216 4551 294 4604 estne
315 4543 441 4616 γραφὰς,
467 4545 515 4604 τὰς
539 4551 626 4600 εἴκοσι
649 4543 700 4601 δύο
718 4549 837 4615 βίβλους.
873 4546 976 4602 Postea
993 4563 1051 4602 eos·
1079 4551 1171 4606 denda
1197 4554 1262 4603 sunt
1288 4548 1372 4603 etiam
1395 4547 1511 4601 aliarum
1534 4545 1714 4601 ecclesiarum
1736 4544 1918 4601 finitimarum

216 4629 278 4687 dem
295 4630 440 4686 nobiscum
456 4638 584 4687 numerat
602 4632 695 4699 libros,
712 4632 767 4686 nisi
784 4632 859 4704 quod
876 4632 988 4687 Baruch
1005 4633 1051 4689 le·
1078 4634 1243 4692 testimonia.
1271 4632 1477 4688 Alexandrinae
1492 4631 1626 4687 ecclesiae
1644 4631 1673 4685 in
1691 4632 1918 4703 Aegyptocate·

214 4716 316 4772 remise
340 4716 500 4788 conjungit,
525 4722 555 4772 et
577 4718 667 4773 addit:
696 4719 759 4773 Ηοι
783 4736 849 4787 erpo
876 4719 936 4788 lege
954 4720 1055 4787 uiginti
1079 4721 1161 4775 chcta
1178 4719 1232 4775 fuit
1250 4719 1399 4786 Origenes,
1426 4716 1575 4772 Clementis
1594 4716 1777 4771 Alexandrini
1795 4715 1918 4788 discipu·

216 4803 301 4868 duos,
326 4820 387 4856 cum
407 4801 577 4872 apocryphis
598 4821 663 4857 uero
687 4803 760 4857 nihil
777 4805 847 4857 habe
865 4806 981 4872 nepotii,
1000 4805 1053 4859 has
1078 4808 1122 4861 lus
1140 4813 1168 4861 et
1185 4817 1341 4871 successor,
1366 4801 1551 4858 Adamantius
1574 4819 1608 4858 ac
1620 4804 1805 4873 χιικένιιρις
1823 4802 1858 4857 ob
1878 4803 1919 4858 la-

216 4896 323 4943 tantum
341 4888 464 4942 studiose
481 4888 619 4942 manare
636 4889 807 4958 empturas,
831 4906 902 4958 quas
919 4889 949 4942 in
968 4891 1052 4944 eccle-
1078 4892 1176 4947 borum
1198 4888 1374 4945 tolerantiam
1399 4893 1427 4942 et
1452 4888 1616 4958 scriptorum
1638 4886 1844 4942 multitudinem
1868 4904 1920 4958 ap·

216 4975 261 5030 sia
282 4975 451 5040 confidenter
476 4973 600 5042 lepimus.
644 4973 739 5027 Multo
760 4976 958 5042 prudentiores
980 4984 1005 5030 te
1028 4984 1054 5029 ιι
1078 4977 1204 5049 pellatus.
1253 4974 1281 5028 Is
1315 4974 1343 5028 in
1376 4973 1546 5042 expositione
1573 4972 1675 5047 psalmi
1705 4971 1787 5043 primi
1817 4971 1919 5044 viginti

216 5059 405 5128 religiosiores
421 5061 543 5126 susorum
559 5059 683 5127 apostoli
704 5066 731 5112 et
742 5059 834 5129 primi
847 5061 972 5130 episcopi
982 5061 1052 5114 oeri-
1078 5062 1148 5117 duos
1171 5059 1281 5116 Veteris
1305 5058 1476 5114 Testamenti
1497 5059 1582 5114 libros
1606 5058 1636 5113 in
1660 5073 1766 5113 canone
1784 5063 1919 5125 recenset,

217 5147 284 5201 ιαιίι
308 5147 406 5215 duem,
427 5146 579 5216 quinatis
606 5162 655 5199 eas
680 5146 867 5201 tradiderunt.
904 5148 949 5200 Tu
966 5148 1053 5217 igitur
1078 5148 1130 5202 hoc
1155 5152 1213 5214 cst,
1239 5151 1395 5200 nostrarum
1423 5143 1602 5201 accusatum
1628 5143 1663 5198 de
1686 5158 1792 5199 amone
1808 5147 1918 5197 senteu-

217 5250 279 5287 cum
307 5233 348 5286 sis
369 5233 452 5300 filius
471 5231 618 5295 ecclesiae,
650 5250 707 5286 noa
734 5233 957 5302 transprediaris
974 5234 1053 5287 illius
1078 5235 1134 5289 tiae
1157 5237 1232 5287 totus
1250 5230 1386 5302 assurgit,
1408 5228 1544 5285 ιιιιιιιιιι
1562 5228 1683 5285 Eusebio
1703 5227 1766 5283 libr.
1786 5233 1809 5282 6.
1843 5227 1918 5283 Hist.

218 5318 358 5373 aminon
1079 5318 1187 5375 ecclc.
1208 5322 1250 5372 21.

88 5413 190 5464 murus·
252 5408 293 5458 81).
320 5401 364 5456 Ex
391 5404 507 5462 Judaea
530 5400 703 5457 cantemus
728 5419 778 5456 nos
805 5402 835 5455 in
860 5402 981 5454 insulam
1003 5402 1054 5469 Op-
1114 5409 1154 5459 81
1186 5401 1314 5474 Origenis
1344 5415 1485 5454 successor
1516 5398 1546 5452 in
1574 5397 1764 5452 Almandrina
1795 5396 1965 5507 ecclesiaqu

89 5465 149 5506 '¹¹⁸⁸’
212 5507 308 5559 prum,
324 5490 405 5562 qu'us
421 5487 487 5545 urbs
504 5487 655 5559 praecipua
672 5487 726 5543 fuit
742 5486 859 5543 Salamis
875 5487 918 5543 vel
932 5486 1054 5542 Salamin
1079 5489 1133 5544 fuit
1153 5488 1326 5542 Athanasius
1346 5485 1491 5556 episcopus
1509 5478 1729 5551 Alexanddnus,
1747 5467 1965 5554 (1111111111ιί)ιιι
