3984 6022
221 261 281 319 140
919 250 1043 306 LOCUS
1058 248 1204 306 PRIMUS

223 407 372 461 strumenti
393 409 434 461 od
455 424 560 460 omnem
579 408 644 460 inde
663 408 766 473 labem,
789 415 940 476 metumque
959 407 1061 475 depro-
1088 406 1171 457 desst.
1216 401 1348 458 Ludovic.
1377 402 1463 459 Vives
1486 401 1536 458 lib.
1565 408 1606 459 lb.
1634 398 1758 472 August
1786 397 1824 453 ds
1851 394 1921 451 civit

224 493 346 546 cationis
363 495 573 547 submovendam
598 501 623 546 et
645 495 880 563 propulsandum.
917 498 940 547 l.
961 490 1060 565 Singu·
1087 489 1141 544 Dei
1165 507 1189 543 c.
1218 494 1258 546 13.
1284 489 1320 544 ad
1339 488 1425 544 verba
1443 486 1606 562 Augustini:
1632 486 1728 554 Absit,
1749 491 1781 539 at
1799 484 1923 555 prades·

225 578 292 633 laris
312 595 420 646 eorum,
443 578 492 649 qui
510 584 617 633 textum
634 578 805 634 Hebraicum
822 579 866 634 vel
885 577 999 633 calamis
1018 577 1062 631 vel
1088 577 1229 645 quospiam
1249 577 1380 629 Jndoeos
1397 583 1503 629 tontum
1518 575 1645 646 poturisss
1661 573 1775 640 ordei,
1793 570 1827 624 irs
1845 570 1923 625 codd.

226 664 301 735 typis
331 662 549 734 descripserunt,
581 664 734 736 vigilantia.
779 664 898 719 Collatio
926 662 1062 734 exempla·
1089 669 1148 715 tam
1165 662 1268 727 multis,
1286 669 1343 715 tom
1361 662 1441 730 longe
1460 661 1569 732 integrm
1587 659 1733 731 disperde
1754 665 1786 711 ut
1803 657 1923 711 disens·

225 749 297 805 rium
319 756 378 803 tum
401 749 651 821 manuscriptorum
673 757 732 806 tum
755 751 784 804 in
812 750 955 822 publicum
976 749 1063 804 edito·
1088 748 1224 801 rationem
1248 766 1385 801 annornm
1405 746 1506 803 Genea.
1525 754 1549 803 b.
1572 745 1764 816 oomsperint,
1787 741 1829 798 sic
1845 757 1924 797 anno

225 854 301 899 rum.
328 852 476 906 eorumque
498 843 557 891 tum
582 836 835 909 antiquissimorum
854 843 914 890 tum
932 835 1064 890 recentia
1089 838 1145 887 tat:
1170 834 1232 886 Hoc
1260 834 1334 888 idem
1359 834 1527 904 responderi
1537 839 1629 903 potest
1646 831 1703 896 bis,
1731 829 1784 900 pai
1798 827 1925 897 falsatos

225 939 285 978 rum
305 920 450 976 manifeste
468 922 600 991 ostendit,
616 920 687 986 illos,
707 923 755 994 qui
775 927 880 977 textum
893 921 1064 977 Hebraicum
1091 927 1289 990 correptosque
1315 928 1340 973 et
1365 920 1401 972 ab
1428 919 1566 972 Hebraeis
1591 917 1702 970 codices
1732 915 1764 970 V.
1791 915 1826 969 T.
1856 920 1883 967 st
1909 929 1927 965 a

225 1008 269 1062 vel
285 1006 400 1061 calamis
418 1007 463 1062 vel
481 1007 558 1079 typis
577 1008 795 1078 descripserunt,
814 1026 883 1079 opus
901 1008 1064 1063 Masoretbi·
1094 1003 1213 1058 Graecis
1236 1005 1273 1057 N.
1302 1007 1333 1059 Τ.
1359 1004 1507 1074 objicient,
1537 1021 1571 1058 ne
1596 1003 1699 1057 neritus
1723 1017 1874 1055 sacrem
1892 997 1926 1051 ii·

225 1109 288 1149 cum
314 1109 422 1162 semper
448 1100 512 1148 ante
538 1093 633 1148 oeulos
656 1093 788 1149 habuisse
803 1109 837 1147 ac
855 1093 1065 1166 diligentissime
1091 1092 1202 1144 brorum
1228 1107 1261 1143 ss
1285 1090 1345 1143 iilis
1361 1090 1492 1156 fontibus
1512 1097 1634 1159 petatur.
1677 1085 1825 1144 benedict
1848 1082 1928 1141 Arias

226 1178 345 1247 cavisse,
372 1195 407 1233 ne
434 1179 492 1232 ulla
516 1180 561 1233 vel
591 1180 620 1233 in
644 1179 812 1234 dictionibus
838 1181 882 1235 vel
908 1180 994 1235 literis
1021 1180 1065 1234 vel
1091 1175 1240 1231 Montanus
1262 1177 1291 1230 in
1312 1176 1428 1246 praefat
1451 1182 1517 1231 tom.
1538 1181 1560 1230 1.
1579 1174 1689 1231 biblios.
1706 1172 1821 1241 scribit,
1844 1170 1929 1229 libros

226 1264 336 1326 punctis
367 1264 483 1319 mutatio
515 1264 582 1335 ipsis
607 1282 663 1320 non
686 1265 967 1321 animadvertentibus
1002 1266 1065 1321 irre-
1093 1262 1263 1327 Hebrnieos,
1288 1263 1387 1332 gnibas
1413 1263 1533 1330 utimar,
1558 1280 1614 1316 non
1631 1261 1728 1330 faisse
1752 1260 1929 1315 Jsdossm

227 1356 311 1421 peret,
331 1367 363 1404 ec
382 1350 406 1404 si
423 1366 494 1420 quae
513 1349 585 1405 forte
597 1349 716 1420 irrepsit,
735 1367 795 1405 eam
810 1349 921 1420 adjecta
932 1352 1065 1405 comestio
1091 1350 1196 1411 fronde
1214 1356 1374 1418 correptos,
1401 1347 1454 1400 etsi
1476 1348 1565 1412 riserit
1589 1346 1687 1417 etipsa
1707 1345 1827 1409 misterio
1843 1338 1929 1411 teob,

227 1435 319 1490 statim
338 1436 456 1490 sustulit
1093 1443 1183 1488 tomen
1200 1434 1307 1487 nnllam
1324 1435 1447 1497 verbnm,
1470 1433 1514 1486 oei
1535 1433 1707 1500 elementum,
1731 1431 1777 1486 oei
1793 1438 1929 1503 psam

262 1527 320 1576 3⁴3³.
346 1521 466 1578 Utamur
483 1521 565 1575 etiam
585 1520 722 1595 ἀπαγωγῇ
748 1524 816 1593 πρὸς
841 1519 869 1575 ri
888 1519 1001 1578 tironos.
1036 1522 1066 1577 Si
1095 1523 1161 1576 olim
1181 1521 1281 1588 fuisse,
1299 1522 1376 1590 qnod
1393 1520 1422 1573 in
1444 1520 1594 1584 lbesnaro,
1612 1536 1692 1590 mrem
1709 1517 1862 1573 Marses
1881 1532 1928 1587 ap

231 1608 353 1678 corrupti
386 1613 451 1661 sunt
478 1606 514 1661 V.
545 1606 578 1660 T.
608 1606 733 1675 codices,
770 1623 941 1678 consequens
969 1607 1065 1662 fuerit:
1089 1609 1215 1678 peliunt,
1234 1625 1289 1659 non
1299 1607 1395 1674 fuerit
1412 1613 1594 1674 usamentum,
1613 1613 1638 1659 et
1655 1600 1928 1677 promitterem

231 1698 254 1749 1.
269 1694 360 1749 Deum
373 1698 423 1747 aut
434 1692 556 1746 noluisse
565 1697 614 1746 aut
625 1709 681 1747 non
691 1692 815 1762 potuisse
826 1699 932 1747 textum
944 1692 1065 1763 Scriptu·
1085 1695 1178 1762 fidum
1201 1692 1356 1746 custodiam
1379 1689 1709 1746 restaurabimus
1733 1688 1763 1744 in
1788 1704 1815 1748 c.
1831 1694 1856 1746 S.
1872 1686 1927 1745 Hc

228 1795 275 1834 rae
291 1778 454 1850 originalem
475 1777 612 1848 integrum
632 1794 802 1832 conservare.
829 1778 910 1834 Prius
929 1785 1067 1850 repugnat
1091 1796 1155 1835 sese
1172 1778 1212 1833 sic
1230 1777 1386 1832 concludit:
1413 1777 1449 1832 Si
1464 1785 1527 1831 ncnc
1545 1777 1697 1847 depravati
1713 1783 1796 1830 ment
1813 1775 1927 1839 codices.

228 1865 315 1936 ipsius
331 1863 448 1919 bonitati
466 1868 495 1918 et
512 1861 674 1933 sapientiae.
694 1879 750 1934 qua
767 1880 800 1917 ex
819 1862 961 1933 Scriptura
975 1871 1003 1919 et
1016 1882 1066 1935 per
1091 1883 1153 1919 eam
1174 1865 1358 1932 Hieronymus
1377 1864 1590 1918 translationem
1608 1862 1741 1917 Latinam
1759 1861 1861 1930 σάω,
1875 1878 1928 1915 nos
1939 1866 1982 1910 Μ

230 1950 400 2019 Scriptorum
424 1965 519 2002 omnes
537 1948 658 2002 omnium
678 1954 800 2002 aetatum
819 1948 943 2003 homines
964 1950 1066 2004 erudiri
1092 1952 1172 2005 babet
1195 1951 1313 2005 eooissm
1335 1967 1431 2003 veram
1457 1950 1647 2020 Scriptorum,
1670 1949 1770 2002 merim
1791 1946 1930 2002 emman

229 2035 317 2091 voluit
333 2035 369 2089 ad
382 2034 514 2102 salutcm3
535 2033 671 2103 posterius
684 2033 771 2104 ipsius
787 2034 935 2106 potentiae.
968 2035 1066 2091 elion
1094 2037 1304 2091 translationem
1329 2037 1424 2089 maltis
1448 2035 1517 2088 locis
1538 2036 1666 2089 cineram
1681 2052 1742 2089 esse
1760 2051 1853 2089 emm
1872 2051 1929 2089 eos·

231 2120 350 2191 amplius
383 2137 482 2190 purum
507 2126 534 2173 et
554 2120 742 2191 incorruptum
760 2138 810 2174 nos
834 2121 937 2177 babere
953 2122 1066 2176 unicum
1092 2124 1220 2177 sentiunt.
1256 2123 1292 2176 Si
1308 2129 1399 2175 autem
1413 2129 1565 2192 prototypo
1584 2121 1727 2176 Hebraico
1748 2128 1814 2175 tune
1832 2120 1929 2190 depro-
1980 2160 1982 2170 .

231 2223 265 2262 ac
285 2221 421 2260 summum
442 2203 507 2260 fidei
525 2211 635 2261 nostrae
653 2205 827 2276 principium.
852 2206 922 2262 Cum
940 2207 1012 2262 enim
1031 2207 1067 2261 ri·
1093 2217 1158 2263 vaus
1178 2216 1271 2277 mant,
1297 2226 1359 2262 mem
1375 2215 1473 2261 nostra
1492 2208 1578 2261 editio
1596 2207 1681 2261 sites
1698 2206 1761 2260 silis
1778 2208 1930 2276 moto,

229 2291 287 2345 vuli
316 2307 456 2362 nunquam
484 2291 572 2345 fluant
598 2293 695 2362 purius
720 2292 788 2362 ipsis
808 2291 946 2356 fontibus,
979 2293 1067 2364 magis
1095 2297 1205 2349 omnino
1231 2297 1387 2364 depravasse
1406 2294 1471 2361 erit,
1494 2301 1519 2348 et
1537 2311 1604 2347 vero
1622 2294 1841 2362 incorruptoque
1860 2291 1930 2346 Seri

230 2383 376 2447 corruptae
399 2385 427 2432 et
451 2378 619 2449 depravatae
640 2382 722 2431 erunt
745 2377 892 2433 versiones.
929 2384 952 2433 ³.
971 2379 1004 2433 In
1019 2382 1066 2449 jus
1091 2391 1177 2452 ptarn
1203 2388 1279 2434 soret
1301 2381 1428 2434 erotema.
1465 2379 1558 2435 Sixtus
1579 2379 1694 2436 Seneca.
1712 2377 1763 2433 lib.
1781 2383 1807 2434 S.
1825 2376 1930 2433 biblios.

230 2463 383 2518 vocandum
396 2462 608 2517 esseOhristum
621 2467 649 2517 et
662 2463 811 2533 apostolos,
826 2464 949 2535 quodob
961 2466 1068 2536 grande
1095 2474 1180 2522 sanct
1212 2466 1286 2522 haer.
1316 2471 1345 2520 2:
1378 2466 1447 2518 Dici
1472 2484 1526 2519 non
1553 2473 1654 2533 potest,
1686 2464 1801 2518 diuinos
1832 2464 1930 2518 Veteris

231 2549 301 2605 illud
320 2547 496 2620 saerilegium
514 2547 637 2602 Judaeos
660 2565 802 2620 nunquam
825 2551 994 2620 taxaverim,
1020 2552 1069 2606 sed
1099 2553 1268 2607 Testamenti
1287 2552 1451 2621 emptum
1469 2560 1517 2604 out
1534 2552 1709 2605 Jndueorssm
1732 2557 1782 2603 ont
1801 2548 1930 2604 tuneo

232 2632 416 2708 ἁμαρτήματα
436 2633 520 2704 longe
546 2634 652 2687 minora
676 2634 813 2688 duntaxat
835 2635 863 2688 in
886 2635 952 2705 ipsis
976 2637 1069 2693 redar-
1096 2658 1193 2693 norom
1220 2638 1331 2692 molitio
1358 2637 1490 2700 falsatas.
1533 2636 1634 2691 Franc.
1662 2635 1755 2691 Lucas
1781 2634 1932 2708 burgensis

231 2719 350 2793 giserici.
394 2725 418 2774 4.
443 2719 640 2773 F'rustraneum
664 2737 724 2774 esse
747 2720 883 2788 studium,
909 2722 983 2792 quod
1009 2721 1069 2777 fon·
1095 2725 1124 2779 in
1154 2724 1272 2796 epistola
1298 2725 1334 2778 ad
1362 2722 1491 2778 Sirletum
1517 2720 1641 2795 praefixa
1664 2725 1790 2776 motat.
1813 2720 1843 2775 in
1864 2719 1929 2777 bibl

231 2805 301 2861 tium
319 2804 469 2875 cognitioni
488 2810 517 2858 et
535 2805 701 2859 accuratiori
726 2806 831 2860 codicis
849 2806 971 2862 Hebraei
995 2826 1069 2863 scru-
1098 2811 1192 2865 lllnlte
1212 2811 1242 2863 in
1256 2810 1389 2864 Lotinom
1403 2809 1556 2862 versionem
1575 2808 1720 2878 irrepsisse
1737 2807 1818 2875 offla,
1835 2806 1930 2860 sabam

232 2891 301 2947 tinio
318 2908 336 2946 a
357 2894 527 2962 φιλεβρυίοις
545 2891 724 2962 impenditur.
761 2899 784 2945 5.
804 2892 888 2946 Falsa
905 2901 932 2947 et
952 2894 1070 2949 conficta
1095 2916 1151 2950 non
1173 2904 1226 2962 est,
1245 2914 1307 2949 crim
1327 2896 1401 2948 Hem
1417 2895 1525 2963 inipso
1548 2893 1711 2964 Scriptum
1727 2895 1809 2957 fonte
1827 2892 1930 2947 aeside

232 2992 294 3032 asse
313 2977 413 3044 omnia,
433 2993 504 3047 quae
525 2977 560 3033 de
578 2977 636 3031 fida
654 2977 815 3047 Scripturas
833 2979 961 3034 custodia
982 2987 1010 3034 et
1028 2997 1069 3035 re·
1095 2984 1141 3050 rit,
1162 2984 1238 3053 quod
1250 2982 1431 3052 perspimmm
1449 2987 1488 3033 est
1506 2981 1537 3033 in
1554 2980 1591 3033 N.
1612 2981 1643 3033 Τ.
1664 2977 1792 3047 Graeco,
1817 2996 1883 3033 som
1898 2979 1931 3031 ds

231 3063 332 3135 ligioso
348 3079 414 3133 erga
432 3079 493 3117 earn
507 3062 677 3117 iudaeorum
697 3063 801 3120 affectu
817 3063 905 3135 Pbilo,
922 3064 1070 3135 doeepbus,
1099 3069 1226 3122 Hebraeo
1241 3068 1313 3121 omit
1331 3068 1425 3120 dicere
1441 3067 1573 3119 solemus.
1605 3065 1668 3120 Non
1684 3063 1739 3119 fuit
1759 3063 1846 3136 igitur
1862 3062 1930 3118 affir-

231 3149 377 3217 Eusebius,
396 3148 549 3222 Origenes,
567 3149 770 3222 Hieronymus,
787 3152 961 3224 Augustinus
979 3160 1007 3207 et
1024 3153 1071 3207 alii
1096 3170 1172 3209 mare
1193 3171 1277 3208 ausus
1294 3151 1430 3223 ejusmodi
1453 3150 1522 3207 vitia
1546 3156 1652 3207 tamn
1668 3148 1832 3205 Hebraeum
1855 3165 1929 3206 oecu-

231 3242 325 3307 patres
343 3242 565 3291 commemorant.
603 3241 627 3292 b.
647 3237 812 3308 Apostolum
838 3238 968 3294 ementito
990 3256 1069 3310 prae-
1096 3257 1185 3312 passe.
1230 3239 1316 3294 Plura
1337 3235 1496 3308 hujusmodi
1518 3253 1568 3307 pro
1592 3234 1741 3291 asserem
1764 3240 1858 3291 textus
1879 3233 1930 3289 Hs

232 3323 312 3376 conio
334 3328 444 3394 gentem
468 3322 618 3377 iudaicam
641 3340 753 3389 ornare,
780 3324 855 3394 quod
879 3325 991 3393 cleptein
1016 3326 1069 3380 Dei
1097 3325 1185 3381 braiei
1210 3323 1370 3396 integritate
1399 3321 1533 3393 suffragn'a
1557 3320 1650 3377 afferri
1666 3326 1785 3392 possum
1804 3337 1839 3376 ex
1855 3319 1929 3391 (ieje-

126 3408 138 3429 '
233 3407 286 3478 ipsi
326 3407 429 3462 fuerint
462 3409 624 3463 concredito
654 3408 770 3464 Roman.
807 3416 834 3479 3,
866 3428 890 3462 v.
922 3417 945 3466 2.
993 3411 1070 3477 Quae
1096 3418 1162 3466 tuno
1184 3410 1213 3464 in
1233 3415 1377 3465 comment.
1394 3407 1495 3462 Genea.
1512 3405 1808 3463 JobanneReuchlino
1826 3406 1856 3461 in
1873 3421 1929 3477 spe·

234 3494 327 3548 omnia
350 3511 412 3547 eum
436 3494 493 3548 sint
514 3492 605 3548 isone
632 3498 677 3547 snt
705 3493 859 3560 doiorum,
889 3496 952 3550 ideo
975 3498 1069 3552 absur-
1096 3497 1160 3553 culo
1181 3495 1300 3564 οοιιΙατί,
1319 3493 1469 3565 Eugubino
1487 3493 1621 3560 Steucho,
1640 3493 1736 3548 Marco
1753 3491 1864 3547 Marino
1875 3490 1929 3546 Bri·

235 3579 301 3633 dum
320 3577 373 3634 erit
391 3579 473 3634 etiam
492 3578 576 3648 illud,
604 3597 637 3634 ex
657 3598 712 3652 quo
730 3580 798 3635 talia
817 3587 1025 3652 consequuntur
1043 3590 1070 3638 et
1098 3583 1178 3637 riano
1196 3582 1226 3636 in
1244 3581 1321 3635 Area
1340 3579 1434 3649 Noae,
1452 3578 1583 3636 Guidone
1599 3578 1743 3648 Fabricio,
1762 3577 1866 3633 Sancto
1882 3576 1929 3631 Pa·

234 3665 417 3719 dedncuntur.
1098 3670 1191 3741 gnino,
1209 3666 1330 3721 Vatablo
1347 3671 1400 3721 etc.

270 3755 328 3805 324.
357 3750 432 3805 Huic
450 3750 602 3805 sententiae
620 3757 732 3806 nostrae
749 3751 784 3806 de
803 3751 961 3822 integritate
979 3760 1007 3808 et
1020 3770 1070 3823 pu·
1132 3760 1191 3811 325.
1218 3752 1273 3820 Qui
1297 3750 1467 3821 corruptelas
1491 3749 1624 3805 Hebraici
1647 3749 1731 3804 fontis
1748 3755 1982 3822 propugnanti-tt

144 3825 150 3842 ’
234 3836 314 3891 ritate
339 3841 431 3891 textus
454 3834 587 3891 Hebraici
612 3834 776 3908 suffragium
798 3837 934 3907 praebent
958 3839 1070 3910 quidam
1097 3841 1126 3894 in
1153 3839 1223 3894 duas
1243 3854 1304 3893 sese
1332 3837 1461 3891 dividunt
1484 3836 1595 3891 classes
1639 3835 1760 3900 Quidam
1783 3835 1859 3890 enim
1882 3842 1930 3890 sls-

235 3939 268 3977 ex
302 3921 369 3992 ipsis
399 3920 562 3977 Pontifieiis.
597 3922 739 3978 Jobaunes
769 3921 896 3991 isaacus,
927 3923 1071 3980 Hebraeae
1097 3931 1191 3980 tuunt:
1218 3926 1348 3978 Jnstaeos
1366 3923 1396 3976 in
1416 3922 1512 3975 odium
1531 3922 1710 3977 messanae
1722 3921 1799 3990 fidei
1813 3920 1931 3975 studiose

234 4006 347 4079 linguae
366 4007 394 4062 in
412 4006 491 4062 acad.
506 4006 665 4062 Coloniensi
683 4007 824 4080 qnondam
832 4009 980 4079 professor,
1000 4027 1071 4065 erro·
1097 4012 1185 4064 mette
1205 4011 1416 4079 Scripturamm
1441 4008 1505 4062 ioco
1530 4009 1699 4077 depremm
1721 4015 1747 4060 st
1769 4007 1931 4076 ennepius

233 4111 291 4149 rem
318 4093 448 4164 discipuli
475 4093 518 4147 sni
546 4093 667 4148 Idndani
693 4094 729 4149 de
755 4094 851 4149 codice
879 4095 1027 4151 bibliorum
1054 4115 1072 4152 a
1097 4097 1142 4152 Ita
1165 4097 1266 4151 docent
1284 4094 1408 4150 Jacobus
1434 4094 1468 4148 de
1490 4092 1621 4149 Valentia
1646 4092 1793 4163 episcopus
1815 4091 1931 4149 cumn

233 4178 350 4235 «ludaeis
369 4180 519 4251 depravato
537 4186 569 4234 ut
587 4178 688 4234 falsum
706 4197 738 4234 ac
757 4180 871 4251 impium
889 4180 1021 4237 refutavit
1038 4200 1071 4238 ac
1098 4182 1238 4254 politanus
1254 4179 1371 4252 praefat
1391 4180 1419 4233 in
1439 4179 1568 4251 psalmos,
1587 4168 1722 4234 Melcbior
1732 4177 1829 4233 emus
1844 4177 1894 4234 lib
1911 4181 1930 4233 2.

233 4264 392 4320 Hebraeam
411 4265 555 4320 veritatem
574 4265 708 4322 adversus
727 4267 787 4338 ejus
808 4267 959 4322 calumnias
977 4269 1071 4324 delen·
1098 4270 1182 4325 locor.
1201 4266 1282 4322 theol.
1303 4283 1326 4320 c.
1348 4270 1386 4320 13.
1422 4264 1566 4319 Lindanus
1584 4263 1631 4319 lib.
1652 4271 1674 4320 1.
1699 4264 1735 4319 de
1758 4263 1865 4335 optimo
1890 4279 1930 4336 ge

234 4350 283 4406 dit.
319 4350 430 4405 Titulus
448 4350 511 4405 libri
529 4351 569 4406 sic
587 4351 684 4406 babet:
710 4354 849 4420 Defensio
872 4355 998 4409 veritatis
1017 4357 1071 4409 He·
1098 4371 1164 4411 nere
1188 4353 1329 4424 interpret.
1355 4368 1379 4405 c.
1402 4357 1423 4406 1.
1458 4348 1625 4406 wilhemus
1643 4349 1799 4404 Ruinoldus
1816 4349 1930 4423 Anglus

235 4438 349 4491 boicae
366 4454 514 4490 sacrorum
527 4437 740 4507 Scripturamm
753 4441 889 4493 adversare
901 4441 1071 4498 Lindonnm.
1099 4441 1248 4495 Sordonus
1265 4436 1422 4492 Huntlaeus
1438 4443 1605 4491 controvers.
1632 4443 1653 4492 l.
1676 4452 1701 4490 c.
1728 4441 1753 4492 S.
1779 4443 1835 4494 etc.
1872 4433 1932 4503 Qui·

234 4521 267 4576 In
285 4522 333 4577 illo
351 4523 454 4593 scripto
474 4522 521 4577 lib.
541 4530 565 4579 2.
582 4543 608 4594 p.
631 4531 672 4578 77.
690 4525 833 4581 admonet:
863 4530 993 4581 Discerne
1015 4547 1073 4581 om·
1100 4527 1163 4580 dam
1180 4542 1245 4579 vero
1269 4528 1408 4591 statuunt,
1435 4522 1600 4593 Scripturas
1621 4521 1780 4576 Hebroieus
1803 4540 1860 4577 nen
1882 4536 1934 4576 ssss

232 4607 496 4677 piinsorpnmento,
515 4610 739 4677 piene-heduieos
757 4612 911 4681 impietates
930 4613 1073 4680 refellunt,
1100 4612 1212 4682 quidem
1239 4610 1269 4662 in
1296 4610 1454 4662 universum
1479 4609 1651 4678 depraan
1675 4607 1789 4660 rnulitio
1813 4609 1933 4662 Jodsss

234 4693 264 4745 in
282 4694 423 4746 Hebraico
445 4700 518 4745 tectu
541 4694 658 4762 plonius
680 4713 760 4762 prtem
779 4697 811 4750 in
827 4698 933 4751 Latino
952 4700 1072 4752 trencin·
1099 4717 1173 4766 rnm,
1195 4714 1244 4750 nec
1262 4703 1353 4749 &tmen
1373 4710 1430 4748 esse
1447 4693 1558 4748 omnino
1573 4694 1696 4761 integros
1715 4700 1741 4745 et
1756 4710 1865 4762 prmus,
1889 4691 1936 4746 ssd

235 4778 309 4832 tione
345 4778 495 4843 contineri,
532 4779 606 4850 quod
640 4780 731 4851 ipsum
756 4783 885 4853 agnoscit
914 4784 1074 4839 Andradius
1099 4785 1200 4837 babere
1217 4800 1282 4836 snos
1299 4783 1436 4851 quosdmn
1453 4797 1572 4848 errores,
1590 4780 1640 4849 qni
1652 4778 1760 4848 purtim
1774 4778 1934 4850 irrepserint

235 4865 283 4920 lib.
303 4871 326 4921 t.
354 4864 458 4920 defens.
483 4864 530 4919 fid.
548 4865 624 4920 r[bid.
649 4867 698 4922 ubi
719 4869 828 4943 scribit:
855 4873 928 4938 Eos,
951 4870 1001 4940 gni
1019 4872 1074 4925 He·
1100 4866 1269 4938 negligeritis
1287 4868 1331 4921 sei
1346 4866 1458 4920 incuria
1472 4865 1653 4919 librariorum
1663 4872 1782 4934 propter
1795 4865 1936 4920 moran

237 4952 322 5005 brnen
337 4951 387 5021 pie
406 4960 432 5005 et
455 4952 587 5021 relipioee
611 4960 744 5021 mactant,
772 4955 858 5009 metito
881 4957 910 5009 in
934 4956 995 5008 iilis
1017 4974 1074 5009 am·
1100 4955 1325 5021 similitudinem,
1346 4953 1456 5022 partim
1482 4950 1644 5020 ignorantia
1661 4950 1871 5017 Reatinorum,
1892 4966 1936 5021 qt·

126 5069 128 5072 <
232 5037 332 5106 plioro
349 5041 385 5091 de
401 5037 510 5092 Christo
529 5039 694 5108 testimonio,
712 5057 795 5109 worn
813 5041 841 5093 in
856 5041 969 5095 Latinis
986 5041 1074 5095 Gree-
1097 5049 1203 5112 punmo
1222 5040 1405 5094 addiderunt.
1442 5037 1486 5091 Ita
1502 5037 1602 5091 docent
1615 5035 1714 5094 Joban.
1728 5035 1837 5091 Driedo
1854 5034 1936 5093 libi.

237 5123 330 5192 0⁸2!th
353 5125 501 5195 offendere.
536 5125 615 5181 Idem
639 5125 753 5181 Isaacus
780 5126 827 5182 lib.
849 5132 874 5183 4.
894 5146 921 5199 p.
941 5134 982 5184 69.
1002 5144 1075 5182 asse-
1102 5128 1137 5183 de
1155 5126 1252 5181 eccles.
1273 5125 1394 5197 dogmat.
1412 5130 1440 5179 et
1458 5123 1558 5193 Seript.
1577 5139 1601 5176 c
1622 5128 1644 5178 1.
1662 5120 1823 5176 Bellarmin.
1847 5121 1895 5179 lib.
1913 5126 1935 5177 2.

237 5206 288 5273 rit,
311 5216 417 5262 tontum
441 5226 499 5262 esse
524 5212 670 5266 bibliorum
685 5213 889 5266 Hebraicomem
907 5231 1074 5280 consensum,
1102 5213 1138 5266 de
1155 5211 1239 5266 verbo
1258 5210 1313 5266 Dei
1332 5227 1356 5266 c.
1376 5216 1399 5265 2.
1426 5208 1474 5265 ubi
1497 5207 1636 5280 prioribus
1659 5207 1746 5261 aeirem
1770 5209 1873 5262 bonane
1893 5206 1939 5263 ur·-

237 5299 267 5345 ut
283 5309 318 5346 ne
335 5311 407 5348 nnus
425 5295 536 5365 quidem
556 5297 721 5367 Scripturas
745 5299 815 5352 liber
834 5300 968 5369 proferri
983 5300 1076 5370 possit
1102 5297 1177 5366 buit,
1198 5298 1246 5370 qui
1269 5304 1361 5354 tamen
1378 5312 1435 5351 non
1455 5295 1492 5349 sit
1510 5296 1660 5349 secundnm
1682 5294 1842 5364 seientiam,
1866 5293 1940 5349 unde

238 5394 323 5431 menn
348 5380 458 5436 Judaei
481 5382 667 5453 conscriptus,
692 5386 739 5439 eni
754 5386 798 5439 nel
822 5386 894 5439 desit
918 5386 1075 5456 quicquam,
1103 5383 1138 5437 ab
1164 5401 1256 5438 eorum
1283 5384 1410 5454 opinione
1436 5380 1472 5436 ad
1489 5380 1638 5436 Driedonis
1657 5379 1879 5436 moderationem
1895 5378 1967 5461 de»,

239 5465 316 5540 guod
341 5464 373 5519 in
398 5466 466 5522 aliis
491 5469 640 5538 habeatnr,
671 5472 714 5526 oei
739 5472 879 5537 addatur,
906 5472 984 5540 qrsod
1009 5469 1077 5529 aliis
1104 5469 1198 5525 flectit
1235 5469 1353 5541 Utrique
1372 5467 1536 5523 confirmant
1554 5465 1826 5525 suamsententiams
1847 5464 1942 5539 iqui·
