3984 6022
736 239 1235 300 nascamuaasacllu
1742 260 1781 316 21
1866 306 1871 312 ,
1957 288 1962 305 ι

85 412 185 451 narum
211 394 326 450 revelati
336 411 419 450 onum
437 394 554 451 subinde
571 395 750 466 repetitarum
770 396 928 468 multiplici·
953 396 985 453 T.
1008 397 1086 451 annis
1098 396 1199 452 Christi
1218 398 1444 469 etepostolorum
1461 400 1587 457 doctrina
1604 404 1664 459 sine
1682 406 1785 477 scripto

85 488 180 551 tatem
199 487 260 537 turn
286 480 323 537 ob
340 481 557 554 corruptelarum
569 481 717 554 raritatem
735 483 840 555 quippe
856 500 927 556 quae
952 490 1113 539 conservata
1140 483 1200 538 fuit.
1241 484 1338 551 (Juxta
1356 485 1465 541 Irenaei
1489 489 1712 558 supputationem
1735 509 1786 562 per

85 568 305 642 patriarcharum
318 570 474 626 autoritate
490 570 583 625 statim
602 569 839 641 reprimebantur,
866 575 926 626 tum
952 568 1049 641 viginti
1074 586 1160 625 annos
1185 570 1301 627 ecclesia
1322 571 1357 628 N.
1376 570 1537 643 '1¹.scriptis
1560 576 1718 646 apostolicis
1741 595 1785 634 ca

84 661 198 728 propter
215 653 433 711 rudimentorum
452 656 555 727 populo
565 656 619 712 Dei
637 663 734 712 sancto
751 663 816 714 ante
826 656 925 712 Mosen
951 655 1016 723 ruit,
1034 655 1119 710 refert
1139 657 1210 711 enim
1224 657 1394 712 Matthaenm
1412 663 1479 713 turm
1498 660 1616 729 primum
1635 663 1785 733 scripsisse,

84 742 248 799 maurum
271 741 448 812 varietmem,
486 759 557 813 qnae
583 760 646 797 cum
674 744 806 816 pleraque
832 744 924 800 omnia
950 758 1014 796 cum
1031 741 1169 796 Paulus
1157 760 1217 813 Jam
1240 750 1312 799 esset
1330 745 1441 800 Romae.
1482 745 1538 802 Sed
1558 747 1784 820 'l'heophylactus

85 827 257 906 temporibus
275 828 381 898 Moysis
400 828 565 898 desinerent,
584 830 679 885 divina
697 831 833 901 sapientia
851 831 922 888 Scri
949 827 1029 892 dicit,
1049 827 1224 885 Matthaeum
1251 838 1348 886 octavo
1371 833 1465 887 statim
1488 840 1551 903 post
1570 832 1672 890 Christi
1691 853 1784 891 meen-

84 923 181 990 ptum
199 915 338 988 judicavit
355 915 489 973 ecclesiae
506 933 567 972 esse
581 917 759 973 necessariae
793 923 816 974 2.
836 918 921 990 Apud
947 914 1052 969 sionem
1069 914 1212 987 scripsisse
1230 933 1310 987 anno,
1331 936 1364 973 ae
1383 919 1486 974 Paulus
1506 927 1655 993 antequam
1667 922 1784 978 Romam

84 1008 181 1076 gentes
206 1002 244 1057 ed
267 1001 400 1058 ecclesiae
423 1001 591 1059 israeliticae
614 1004 783 1059 consortium
810 1012 921 1060 vocatas
948 1000 1108 1070 duceretur,
1143 1002 1269 1072 jamdum
1295 1003 1402 1075 aliquot
1427 1005 1557 1075 epistolas
1583 1007 1618 1061 ad
1642 1007 1783 1065 minimum

84 1106 138 1145 non
165 1088 252 1145 tuns
270 1088 426 1160 Scripturas
451 1090 580 1159 usitatas,
615 1091 663 1146 sed
687 1091 747 1146 sols
772 1091 922 1147 traditione
947 1104 994 1142 sex
1018 1088 1176 1159 scripserat)
1197 1097 1294 1160 postea
1316 1108 1381 1147 vero
1406 1108 1469 1146 cum
1498 1094 1634 1165 evangelii
1658 1095 1784 1153 doctrina

83 1192 137 1230 nou
159 1175 263 1274 scripta
279 1193 326 1231 eas
340 1176 590 1247 fuissecontentas,
608 1176 694 1249 gratis
708 1176 818 1232 dicitur.
850 1177 921 1243 Quo-
948 1172 985 1227 ad
1003 1181 1100 1244 gentes
1121 1181 1194 1229 esset
1213 1178 1401 1248 propagata,
1394 1195 1455 1247 ipsa
1475 1180 1643 1249 experientia
1660 1180 1695 1236 de
1714 1182 1783 1238 Scri·

84 1262 165 1316 modo
182 1261 257 1317 euim
274 1261 386 1334 ignotae
403 1268 553 1333 potuerunt
571 1280 631 1318 esse
645 1263 806 1334 Scripturas
825 1281 922 1320 sacrae
947 1266 1045 1330 pturae
1063 1261 1227 1317 necessitate
1246 1263 1364 1333 apostoli
1381 1264 1471 1319 edocti
1491 1265 1611 1332 tremant,
1629 1267 1703 1338 quod
1721 1268 1784 1325 Bel·

84 1347 151 1416 illis,
183 1349 231 1420 qui
256 1347 321 1403 fidei
348 1337 521 1405 confessione
546 1351 650 1421 populo
678 1350 833 1406 israelitico
861 1369 922 1407 sese
946 1345 1105 1401 lanuinus
1097 1364 1155 1419 lpse
1175 1349 1378 1420 quodammodo
1396 1352 1535 1422 agnoscit,
1556 1353 1693 1423 quando
1684 1373 1714 1409 ιιι
1731 1355 1784 1411 hoc

84 1435 520 1508 tcumpnncrpale
532 1436 729 1506 etprsmarsum
739 1436 805 1493 fider
815 1437 922 1493 Israeli
947 1432 1008 1503 ipso
1026 1431 1165 1509 espite§.
1185 1434 1313 1491 Secundo
1332 1443 1384 1491 etc.
1404 1437 1443 1491 sic
1463 1437 1570 1493 scribit·
1594 1441 1725 1509 Apostoli
1743 1443 1784 1495 ad

83 1520 302 1591 ticaccaput,
294 1537 348 1575 imo
366 1520 578 1575 fundamentum
595 1521 921 1595 fueritillud,quod1n
943 1520 1174 1589 praedicandam
1201 1539 1252 1574 sem
1280 1531 1376 1591 sponte
1406 1530 1431 1575 ct
1460 1539 1492 1576 ea
1514 1526 1635 1594 proprio
1658 1527 1783 1581 instituto

84 1605 214 1662 liceaicis
238 1612 266 1662 et
289 1605 457 1678 propheticis
476 1606 625 1677 Scripturis
650 1608 776 1663 coelestis
795 1609 921 1665 doctrina
944 1615 1135 1676 permanent,
1155 1611 1207 1661 secl
1224 1611 1266 1661 ad
1283 1609 1458 1662 scrs'bendam
1476 1628 1532 1663 nan
1551 1611 1609 1664 alsi
1623 1613 1783 1667 morantate

83 1693 155 1748 mam
178 1692 275 1748 salutis
300 1692 402 1747 docens
420 1693 615 1749 contineatur?
648 1694 757 1751 Notum·
770 1702 813 1750 est
830 1697 920 1753 Ptole·
947 1695 1073 1762 quadme
1102 1696 1193 1747 coacta·
1215 1696 1338 1748 animam
1363 1696 1566 1766 moltonnum.
1602 1697 1684 1754 addo
1707 1701 1782 1771 quod

85 1797 165 1837 maeo
193 1779 376 1851 Philadelpho
402 1781 528 1853 Aegypti
553 1781 612 1853 regi
636 1782 722 1838 allata
746 1799 805 1838 esse
827 1783 921 1839 Biblia
947 1778 1057 1833 divona
1084 1779 1121 1833 sit
1139 1780 1210 1835 ratio
1227 1780 1338 1836 illorum
1355 1786 1524 1852 temporum,
1545 1783 1648 1854 quibua
1665 1787 1782 1856 apostoli

85 1873 112 1922 et
141 1866 268 1939 ejusdem
287 1867 418 1938 auspiciis
438 1867 467 1922 in
486 1867 622 1923 Graecam
639 1868 762 1940 linguam
779 1886 920 1925 conversa.
946 1865 1087 1934 vixerunt,
1107 1872 1260 1935 eteorum,
1289 1882 1362 1938 quae
1381 1874 1497 1923 mortem
1515 1869 1702 1940 apostolorum
1718 1879 1783 1928 sunt

81 1954 156 2011 Nota
187 1960 252 2009 suut
282 1953 507 2026 philosophorum
541 1961 569 2010 et
598 1957 742 2027 po'etarum
775 1956 920 2028 gentilium
946 1958 1047 2006 secuta
1093 1952 1220 2022 Apostoli
1243 1953 1404 2009 immediato
1427 1954 1546 2026 Spiritus
1572 1958 1660 2012 sancti
1684 1957 1782 2014 aiflatu

81 2040 166 2109 furta,
183 2039 286 2111 quibus
307 2040 442 2111 quaedam
462 2035 499 2095 er
513 2041 598 2095 sacris
616 2041 701 2096 literis
713 2041 741 2096 in
755 2058 818 2097 suos
831 2048 918 2096 trans·
946 2036 1023 2091 ducti
1041 2037 1198 2094 habuerunt
1212 2038 1389 2111 privilegium
1407 2040 1627 2112 infallibilitate,
1650 2044 1699 2099 sed
1717 2062 1781 2116 apo-

82 2127 173 2182 tnlort
196 2125 291 2181 libros,
324 2126 475 2182 Eunuchus
499 2129 612 2200 reginos
634 2127 771 2183 Condatis
788 2129 816 2183 in
837 2146 919 2183 oni-m
946 2122 1078 2178 stolorum
1101 2124 1130 2177 in
1153 2124 1303 2181 ministerio
1326 2143 1498 2182 successores
1523 2128 1620 2183 eodem
1637 2128 1716 2185 inere
1735 2130 1789 2187 de-

81 2213 151 2286 legit
177 2213 290 2267 Etaia'm
316 2212 479 2285 prophetam
506 2213 569 2268 Act,
593 2220 624 2283 8,
658 2231 681 2269 v,
710 2220 749 2271 28.
800 2215 919 2280 Quando
944 2207 1040 2264 stituti.
1089 2208 1144 2263 Du.
1171 2208 1346 2265 Chemniuius
1379 2212 1408 2266 in
1440 2229 1526 2267 exam.
1558 2214 1655 2270 concil.
1689 2235 1717 2287 p.
1740 2223 1780 2273 29.

84 2301 199 2369 Moyses
217 2299 247 2353 id
265 2303 308 2354 ost
325 2300 428 2371 scripta
439 2299 570 2370 Mosaioa,
587 2319 605 2354 a
618 2302 785 2371 temporibus
796 2302 919 2372 antiquio
946 2294 1029 2349 etiam
1051 2295 1103 2350 hoc
1121 2303 1223 2365 monet,
1242 2297 1318 2368 quod
1336 2298 1463 2352 doctrina
1480 2300 1619 2370 evangelii
1632 2309 1782 2374 antequam

80 2387 112 2439 ιιι
136 2387 257 2456 abacta
273 2387 406 2441 Judaeae
430 2387 587 2440 animemus
607 2404 662 2457 per
680 2405 758 2442 omns
775 2388 919 2441 sabbatam
944 2381 1170 2451 conscriberetur,
1188 2382 1273 2438 merit
1291 2383 1367 2455 prius
1384 2391 1480 2440 contra
1492 2385 1662 2441 ludaeorum
1676 2395 1703 2443 et
1715 2406 1781 2460 gen·

81 2474 113 2525 tn
138 2475 291 2542 cynomia
307 2475 395 2542 saort
416 2474 572 2544 poemata.
608 2472 670 2529 Act,
693 2481 738 2544 15,
763 2493 788 2528 v.
810 2480 851 2530 ιι.
870 2492 918 2547 po.
943 2468 1012 2523 tium
1050 2468 1203 2524 calumnias
1233 2478 1261 2526 et
1297 2472 1529 2528 contradictiones
1574 2474 1782 2545 praedicatione

81 2565 197 2616 tuernnt
220 2560 302 2616 etiam
326 2560 460 2632 proselyti
483 2561 519 2615 ad
539 2577 632 2616 eorum
653 2561 823 2618 auditionem
840 2579 917 2617 acce·
945 2555 1131 2625 apostolorum
1152 2556 1239 2629 signis
1262 2565 1290 2613 et
1313 2558 1447 2631 prodigiis
1465 2577 1516 2630 per
1536 2565 1626 2616 totum
1643 2567 1781 2618 terrarum

83 2646 159 2704 dero,
194 2647 237 2702 Ao
255 2648 278 2702 si
294 2647 340 2703 vel
358 2647 475 2702 maxime
494 2648 612 2702 evictum
630 2655 716 2717 annot,
740 2655 836 2720 gentos
855 2650 917 2705 illos
944 2640 1039 2696 orbem
1062 2641 1250 2698 confirmanda
1267 2649 1296 2698 ot
1312 2645 1470 2701 assensione
1487 2646 1659 2702 credentium
1676 2649 1704 2702 in
1724 2655 1780 2705 oin-

83 2734 120 2788 ad
144 2750 240 2790 vos-nm
259 2734 369 2789 lomatio
386 2734 498 2791 DEUM
520 2751 665 2790 conversos
688 2735 746 2790 solo
768 2736 917 2793 traditione
944 2728 1026 2784 nibus
1043 2729 1123 2783 terris
1140 2729 1355 2800 comprobanda,
1374 2740 1405 2786 ut
1421 2732 1489 2787 certi
1510 2738 1640 2804 essemus,
1659 2751 1693 2790 ea
1709 2752 1781 2807 quae

81 2838 139 2876 non
163 2821 268 2892 scripto
290 2821 376 2877 tutuo
393 2839 472 2891 um,
503 2827 595 2878 tomen
613 2821 683 2876 illud
703 2822 839 2878 duntaxat
855 2840 916 2894 1³¹0·
944 2815 1047 2886 scripta
1064 2823 1137 2886 sunt,
1157 2833 1213 2871 non
1232 2833 1291 2873 esse
1310 2817 1404 2887 dubia,
1422 2817 1528 2875 incerta
1544 2827 1682 2893 etparum
1693 2821 1782 2893 firma,

82 2907 178 2977 beret,
198 2906 353 2978 Scripturas
372 2923 428 2962 non
448 2924 506 2963 esse
524 2907 553 2962 in
571 2907 715 2963 individuo
735 2907 862 2964 omuibus
881 2909 917 2963 ad
944 2902 992 2956 sed
1012 2905 1293 2977 nsnlnoooopmstro.
1329 2903 1397 2959 Luc.
1421 2911 1443 2974 ι,
1462 2924 1486 2959 v.
1501 2912 1523 2961 ι.
1541 2905 1595 2962 hoc
1615 2911 1665 2978 est,
1683 2925 1700 2963 a
1718 2908 1779 2965 Deo

83 2994 201 3049 alutem
219 2993 345 3049 absolute
362 2993 546 3064 necessarias,
567 3011 629 3049 cum
645 2993 724 3049 vivae
744 2994 821 3049 vocis
839 3011 917 3067 prae·
943 3003 994 3058 per
1018 2989 1156 3058 83033104
1183 2989 1359 3059 confirmita
1385 2998 1413 3046 θι
1429 3008 1447 3046 ⁸
1465 2992 1560 3064 primis
1580 2993 1708 3050 fidelibus
1730 3013 1779 3067 per

82 3079 223 3136 ditatione
237 3078 386 3151 Scripturis
403 3096 453 3150 per
467 3080 559 3134 omnia
577 3079 709 3134 conformi
728 3079 916 3151 qnidamcon-
944 3080 1032 3130 totum
1049 3077 1182 3131 mundum
1201 3085 1233 3132 ut
1250 3077 1418 3134 certissimae
1429 3079 1694 3149 fideicomprobata.
1723 3082 1779 3138 De·

82 3172 235 3236 vertantur,
252 3166 300 3221 sed
320 3183 352 3222 ex
372 3183 405 3221 eo
422 3165 517 3221 inferri
537 3181 592 3220 non
608 3173 711 3236 posset,
732 3173 860 3238 respectu
880 3167 916 3220 ad
943 3160 1027 3233 nique
1050 3161 1099 3216 illo
1115 3163 1176 3233 ipso
1194 3170 1332 3234 tempore,
1357 3180 1411 3234 quo
1429 3164 1545 3220 ecclesia
1563 3166 1597 3222 N.
1619 3165 1651 3220 Τ.
1669 3167 1778 3238 scriptis

79 3260 169 3310 totam
193 3251 338 3309 ecclesiam
362 3251 457 3307 habito
476 3250 631 3322 Scripturas
655 3269 712 3306 non
735 3269 795 3309 osse
818 3268 915 3309 neces·
942 3248 1100 3318 apostolicis
1121 3249 1177 3302 fuit
1195 3248 1342 3318 destituta,
1378 3250 1506 3304 exstabat
1524 3250 1559 3306 V.
1577 3251 1611 3305 Τ.
1628 3252 1778 3323 Scriptum,

81 3340 178 3396 suisa.
206 3345 230 3396 3.
240 3338 374 3411 EJusdem
391 3337 514 3393 veritatis
532 3337 674 3409 estquod
695 3337 746 3392 etsi
764 3338 793 3392 in
812 3340 915 3411 populo
944 3333 973 3388 in
985 3351 1042 3406 qua
1056 3335 1179 3405 ejusdem
1191 3335 1342 3406 dominae,
1361 3353 1444 3408 quam
1459 3337 1576 3407 apostoli
1597 3338 1778 3411 tradiderunt,

80 3425 137 3482 Dei
163 3431 302 3482 maturent
327 3424 503 3494 Scripturas,
528 3422 631 3478 ludaei
656 3429 748 3478 tamen
765 3425 853 3497 magis
872 3426 914 3481 usi
941 3437 1049 3476 summa
1073 3422 1231 3492 exponitur,
1257 3422 1342 3477 etad
1366 3424 1447 3493 cnjus
1472 3423 1618 3480 lectionem
1637 3425 1777 3482 auditores

79 3512 186 3569 fuerim
206 3511 355 3567 traditione
378 3525 461 3582 quam
481 3508 631 3580 Scriptura
675 3510 818 3566 ιιιιιιιιιιο
841 3512 914 3567 enim
943 3524 1007 3562 suos
1024 3508 1195 3563 remiserunt
1222 3507 1286 3564 loh.
1305 3516 1328 3577 5,
1349 3526 1374 3562 v.
1393 3514 1434 3565 33.
1467 3509 1612 3567 2.Τιιιι.3
1630 3530 1656 3569 v
1671 3518 1710 3568 15
1726 3518 1778 3570 etc.

81 3597 188 3671 ubique
211 3598 248 3653 ad
270 3597 401 3669 scriptam
419 3595 474 3650 Dei
492 3596 584 3668 legem
600 3601 733 3668 tanquam
750 3598 786 3652 ad
804 3598 914 3653 unicam
977 3599 1018 3649 23.
1042 3593 1074 3658 Q.
1098 3599 1122 3649 3.
1151 3593 1199 3648 An
1223 3596 1409 3664 eoanpeldstae
1432 3604 1459 3651 et
1481 3599 1642 3668 apostola·
1629 3616 1660 3652 an
1681 3601 1720 3654 N.
1740 3602 1772 3657 Τ.
1786 3607 1830 3699 0,.ι
1826 3602 1894 3647 &to

80 3684 162 3752 fidei,
188 3700 294 3739 morum
316 3689 344 3739 et
366 3683 457 3737 cultus
481 3681 568 3737 divini
591 3684 717 3756 regulam
742 3691 914 3740 revocantur
941 3679 1087 3735 habuerim
1112 3681 1253 3735 scribendi
1280 3685 1465 3737 mandatam!
1499 3684 1611 3756 Negant
1628 3669 1815 3742 Pontflciifl
1786 3668 1861 3752 mi„
1862 3669 1892 3751 ’.ι

80 3770 210 3841 Deutl,
226 3788 252 3824 r.
272 3775 311 3827 23.
336 3787 359 3825 c.
380 3775 419 3840 12,
438 3787 465 3824 ι.
485 3775 526 3826 32.
561 3769 619 3826 loe.
639 3775 681 3839 23,
696 3788 722 3828 r
744 3775 767 3827 3.
807 3770 870 3826 Eae.
889 3776 914 3842 8,
941 3766 987 3824 Sic
1010 3767 1082 3823 enim
1102 3767 1245 3823 Iindanus
1268 3768 1331 3826 libr.
1358 3775 1379 3825 ι
1396 3771 1510 3841 panopl.
1530 3789 1553 3826 c
1575 3777 1615 3828 23.
1660 3761 1907 3854 Natarassflgz‘ffi,

81 3875 109 3911 v.
129 3861 171 3913 23.
191 3856 319 3928 nuspiam
343 3872 407 3911 vero
430 3856 467 3911 ad
485 3855 648 3913 traditiones
666 3874 722 3912 non
739 3858 855 3929 scriptas
874 3875 914 3914 rs-
940 3854 1016 3907 oerls'
1039 3855 1192 3922 manpels‘oi
1213 3874 1231 3908 a
1253 3856 1357 3925 sospes
1381 3864 1406 3909 et
1424 3856 1514 3910 literis
1528 3858 1616 3926 plane
1636 3860 1772 3914 abbomet
1786 3865 1902 3958 scriberet

80 3944 236 4000 mittuntur.
271 3943 352 3999 Certe
375 3961 447 4015 quae
472 3950 601 4015 parentes
623 3943 759 4015 jubentur
775 3937 840 3999 filiis
857 3945 914 3999 suis
941 3940 1068 3996 Bellarm.
1085 3939 1147 3995 libr.
1167 3946 1190 3996 4.
1205 3941 1240 3997 dc
1258 3941 1343 3997 verbo
1361 3941 1456 3998 Deic.
1475 3949 1499 3999 4.
1517 3939 1544 4017 ἕ.
1563 3943 1700 4002 Secundo.
1739 3915 1880 4010 Sit'iffin'

80 4046 210 4085 euarme
226 4029 352 4098 Deutd,
369 4045 396 4086 v.
416 4032 457 4084 23.
495 4029 541 4084 Pe.
560 4035 601 4098 44,
620 4046 647 4084 ι.
670 4034 692 4086 l.
728 4030 775 4087 Pe.
791 4037 832 4101 ta,
851 4037 913 4087 v..3
944 4026 1053 4082 Chrs'sto
1076 4036 1102 4082 et
1119 4029 1255 4098 apostolis
1266 4029 1374 4096 fuisset
1385 4031 1572 4099 propositum,
1590 4032 1700 4085 sebum
1718 4033 1778 4086 Des'

80 4132 117 4173 ea
127 4133 184 4172 uon
201 4133 235 4172 ex
248 4115 451 4184 maronibus,
469 4116 518 4171 sed
531 4133 565 4171 ex
579 4115 682 4187 scripta
693 4116 747 4171 Dei
761 4117 824 4190 lege
837 4124 915 4174 erant
942 4114 1110 4168 coarctandi
1125 4121 1151 4167 et
1168 4115 1358 4183 restrinoends‘
1375 4117 1417 4169 ad
1435 4116 1653 4186 scripturam,
1640 4119 1778 4188 imprimis

80 4202 163 4259 unice
190 4202 319 4276 peteuda
369 4202 411 4257 Ac
439 4208 559 4258 testatur
584 4201 700 4258 histor-la
726 4203 836 4258 illius
828 4203 915 4275 ipsius
942 4216 1000 4253 rem
1025 4200 1097 4252 tanti
1114 4201 1244 4254 momenti
1264 4199 1389 4255 Clristm
1408 4210 1504 4271 aperte
1520 4205 1724 4274 praecepisset.
1753 4213 1778 4259 et

80 4289 223 4362 temporis,
244 4288 320 4360 quod
337 4288 520 4344 Bellarminns
539 4288 669 4358 adducit,
688 4289 795 4361 quoties
813 4289 916 4347 ludaei
943 4287 1068 4356 apostoli
1084 4287 1190 4340 altam·
1203 4294 1382 4352 testarentur,
1403 4305 1432 4341 cc
1451 4305 1484 4342 ca
1504 4292 1638 4344 mandato
1659 4291 1779 4345 Domini

79 4377 127 4433 vel
143 4376 231 4432 latum
248 4392 369 4447 unguem
387 4375 577 4448 aScripturae
588 4375 685 4448 regula
696 4376 733 4431 ad
746 4377 916 4449 traditiones,
943 4373 1070 4439 scribere,
1090 4374 1321 4442 quamadmodum
1339 4390 1371 4427 ec
1388 4377 1522 4430 mamaea
1535 4378 1655 4430 Domini
1672 4378 1702 4430 ιιι
1721 4385 1776 4432 tcto

80 4463 314 4533 muramudines,
353 4462 478 4533 proprias
513 4463 752 4533 ratiocinationes,
791 4465 917 4536 exempla
944 4460 1007 4514 orbe
1025 4460 1184 4513 demeum.
1223 4460 1262 4513 At
1279 4459 1313 4514 id
1329 4478 1465 4531 nmqssam
1486 4463 1610 4532 hotmen.
1647 4461 1776 4519 costerus

79 4551 199 4606 ahmam
216 4548 341 4622 gentium
361 4555 412 4604 etc.
432 4547 625 4617 discesserunt,
644 4549 771 4620 protinus
788 4550 825 4605 ad
843 4565 914 4606 orro-
944 4545 974 4599 in
991 4544 1101 4601 Enchir.
1119 4562 1146 4615 p.
1165 4549 1206 4601 43.
1246 4545 1372 4600 carmus
1395 4547 1539 4601 eccleciam
1563 4566 1643 4603 suam
1659 4566 1678 4602 a
1696 4549 1776 4602 elsar-

79 4653 143 4691 rum
167 4634 331 4707 praecipitia
357 4652 402 4691 eos
429 4633 514 4690 tuisse
540 4635 676 4691 abductos
700 4640 728 4690 et
747 4637 917 4707 corruptelas
943 4632 1029 4686 tacete
1053 4631 1164 4701 scriptis
1179 4633 1318 4701 pendere,
1348 4641 1374 4687 ct
1391 4635 1523 4703 manerio
1541 4653 1594 4689 msa
1610 4635 1778 4690 membranis

79 4722 193 4793 coelati
215 4719 356 4777 doctrinae
373 4718 459 4775 subse
477 4719 576 4775 illatas.
612 4719 685 4785 Quid
706 4724 783 4792 qcsod
799 4739 855 4776 non
871 4725 916 4778 dc·
944 4719 1109 4773 committere
1134 4718 1232 4771 noluit.
1266 4716 1366 4774 Pistor.
1384 4719 1413 4773 in
1431 4718 1558 4793 hodeget.
1575 4738 1603 4793 p.
1623 4726 1665 4777 32.
1699 4722 1776 4791 Apo·

77 4816 144 4862 aaut
160 4808 276 4879 quidam
293 4807 439 4876 catholici,
457 4807 507 4877 arsi
524 4815 625 4875 nepant
643 4807 730 4862 ιιιιαιιι
745 4807 842 4876 saissa
860 4817 917 4863 tra-
943 4805 1012 4860 stoli
1027 4821 1082 4858 non
1099 4804 1272 4874 scripserant
1291 4822 1324 4859 es
1335 4805 1492 4876 proposito,
1509 4809 1561 4861 sed
1571 4816 1690 4878 propter
1707 4807 1776 4862 incl·

79 4895 217 4949 ditium
238 4912 294 4948 aon
312 4895 447 4964 emptum
466 4896 546 4964 apud
561 4894 703 4957 Jaslaeoe,
731 4893 837 4950 fatente
854 4894 917 4950 Bel·
943 4894 1053 4947 dentem
1070 4892 1264 4947 maritalem.
1283 4909 1311 4964 p.
1331 4898 1372 4948 33.
1391 4910 1446 4947 non
1464 4911 1496 4947 ea
1514 4894 1572 4948 Dei
1588 4895 1730 4948 mndata.

78 4980 199 5037 lumino
214 4979 277 5035 libr.
296 4987 320 5035 ι.
341 4979 376 5034 de
395 4980 481 5036 verim
498 4979 553 5034 Dei
572 4980 674 5050 scripto
692 4998 716 5035 c.
736 4985 760 5036 8.
780 4982 917 5051 quomodo
979 4985 1019 5035 24.
1038 4977 1141 5034 Contra
1162 4994 1305 5034 erroneam
1323 4979 1400 5033 illam
1416 4979 1594 5035 assertionem
1613 4986 1777 5054 argumenta

9 5090 65 5136 ,ῃ
79 5068 168 5142 igitur
187 5066 276 5138 magis
293 5065 433 5121 traditioni
451 5082 535 5138 quam
556 5063 706 5136 Scripturis
721 5065 917 5122 adhaerescere
943 5064 1120 5136 producimus
1144 5065 1295 5135 sequentia
1339 5069 1359 5118 1.
1380 5081 1412 5118 es
1438 5065 1559 5135 impulsu
1585 5066 1694 5134 divino,
1721 5080 1776 5139 quc

77 5151 254 5227 potueruut?
282 5150 362 5216 Quod
385 5150 555 5223 probationis
579 5150 640 5205 loco
662 5151 846 5207 Bellarminns
870 5154 917 5208 ad·
943 5153 979 5207 ad
1004 5150 1178 5207 scribendum
1201 5151 1290 5206 sancti
1307 5151 1362 5206 Dei
1378 5150 1503 5207 homines
1520 5152 1636 5223 permoti
1654 5151 1776 5208 luerunt

78 5237 173 5307 ducit,
201 5253 299 5309 parum
316 5236 422 5293 roboris
438 5237 552 5293 obtinet
590 5236 693 5292 Esdras
711 5239 872 5309 psalterium
889 5246 918 5295 et
943 5238 1107 5308 Quicunque
1134 5236 1254 5307 impulsu
1279 5242 1307 5291 et
1331 5236 1511 5308 inspiratione
1541 5237 1634 5292 divina
1658 5239 1775 5309 permoti

77 5325 149 5382 alios
173 5323 260 5380 libros
283 5340 374 5379 sacros
400 5323 429 5378 in
452 5323 576 5379 ordinem
597 5323 722 5395 redegit,
752 5341 808 5379 non
824 5332 917 5381 tamen
943 5324 980 5380 ad
1000 5321 1175 5378 scribendum
1193 5329 1377 5392 accesserunt,
1397 5322 1437 5377 illi
1451 5324 1581 5378 mandato
1594 5326 1776 5383 etvoluntate

76 5413 118 5468 ita
143 5409 324 5483 perturbatae
341 5415 369 5464 et
387 5409 499 5482 ignotae
517 5415 582 5466 ante
600 5408 691 5480 ipsum
710 5409 823 5466 fuerunt
843 5410 915 5468 Scri·
941 5409 1054 5465 Domini
1074 5408 1248 5479 scripserunt
1286 5409 1369 5465 Retio
1389 5415 1443 5480 est,
1468 5409 1533 5482 quia
1554 5409 1583 5466 in
1601 5413 1704 5468 sanctis
1721 5412 1776 5468 Dei

76 5505 194 5572 pensae,
221 5501 255 5551 ut
275 5494 331 5568 legi
344 5500 410 5550 ‘non
431 5495 579 5568 potuerint
621 5501 646 5551 4.
665 5494 767 5551 Paucis
784 5495 862 5553 initio
880 5496 914 5553 N.
940 5495 1096 5553 hominibus
1122 5495 1283 5551 mandatum
1309 5497 1428 5552 exterius
1450 5503 1479 5552 et
1501 5496 1636 5569 impulsus
1660 5499 1774 5555 interior
