3984 6022
243 253 285 312 80
950 239 1072 299 Locos
1089 239 1233 299 PRIMUS

244 400 356 456 nomina
384 397 645 472 praetermittantur.
697 402 722 453 2.
753 395 867 453 Nullum
896 402 989 467 potest
1017 395 1077 451 dari
1106 398 1203 449 derunt
1230 401 1363 449 montano
1394 396 1463 449 hoec
1492 397 1587 450 omnio
1615 403 1640 450 et
1670 394 1769 450 deum
1793 396 1943 466 possideri

245 492 362 559 tempus,
381 487 417 541 ad
435 487 509 559 quod
527 486 649 540 narratio
667 484 722 539 ista
737 483 875 547 historica,
894 499 965 554 quae
983 483 1013 537 in
1024 482 1076 537 hoe
1104 483 1272 536 Jemssolem.
1309 480 1352 535 Ex
1376 497 1432 553 quo
1457 481 1601 537 manifeste
1620 481 1773 552 colligitur,
1796 481 1940 537 historiam

245 572 316 627 libro
344 572 513 641 continetur,
536 571 678 627 commode
701 571 844 627 referatur.
878 568 998 634 Quidam
1023 574 1077 623 sta·
1104 569 1180 623 illam
1205 568 1303 625 Judith
1327 586 1382 624 non
1405 586 1465 624 esse
1491 568 1659 625 eanonicam.
1697 568 1761 623 Duo
1784 568 1858 625 enim
1876 573 1939 625 tan·

245 664 340 722 tuuut,
366 674 426 713 eam
453 659 602 732 contigisse
624 667 689 730 post
713 659 900 729 captivitatem
924 655 1077 725 Babyloni·
1104 662 1163 710 tum
1187 655 1299 710 fuerunt
1323 655 1405 711 exilia
1428 655 1523 727 populi
1540 654 1687 710 iaraiilitici
1705 661 1769 710 ante
1788 661 1939 711 extremam

246 745 446 816 numquidnum
464 754 528 800 onte
545 747 628 799 illam
642 747 836 816 captivatorem.
866 743 980 799 illorum
991 740 1077 813 aliqui
1105 741 1358 813 Hierosolymorum
1382 741 1606 798 devastationem.
1643 740 1736 796 Unum
1760 759 1825 797 cum
1850 741 1941 796 Israe-

244 830 367 886 ret'erunt
390 848 451 887 earn
476 833 513 886 ad
538 837 664 903 tempora
686 831 847 902 cambysis,
876 846 958 901 quem
982 828 1078 884 volunt
1104 829 1183 897 litae,
1206 829 1254 900 qui
1279 829 1309 884 in
1326 846 1413 901 regno
1432 829 1520 885 Israiil
1538 827 1719 897 habitabant,
1739 827 1856 882 abducti
1877 832 1941 882 aunt

244 934 304 973 esse
322 918 590 987 Nabuchodonosor,
617 927 648 975 ut
664 918 803 974 Eusebius
827 918 856 972 in
870 916 1001 978 chronic.
1019 915 1076 969 Au·
1105 915 1133 968 iu
1151 915 1296 986 Assyriam
1312 933 1330 971 a
1348 916 1569 985 salmanassare,
1595 921 1629 970 et·
1647 914 1677 969 hi
1694 931 1838 986 nunquam
1855 913 1941 970 redis

243 1003 370 1074 gostinus
395 1004 443 1059 lib.
471 1011 509 1062 18.
534 1006 569 1060 de
590 1006 664 1060 civit.
684 1006 738 1062 Dei
764 1023 788 1060 c.
807 1009 848 1060 26.
883 1003 961 1059 Beda
982 1004 1010 1056 in
1028 1000 1076 1056 lib.
1105 1008 1171 1055 runt
1187 1001 1216 1056 in
1232 1009 1334 1058 terram
1347 1003 1479 1072 Capuan,
1500 994 1625 1071 alterum,
1643 1019 1706 1057 cum
1724 1000 1777 1056 sub
1794 1001 1858 1071 ipso
1875 1014 1941 1072 rege

242 1087 278 1143 de
296 1105 344 1144 sex
361 1090 514 1161 aetatibus,
541 1091 672 1163 Lyranus
698 1092 728 1147 in
746 1109 770 1146 c.
793 1099 814 1146 1.
833 1089 947 1158 Judith,
973 1086 1076 1144 Johan·
1105 1088 1374 1147 Nabuchodonosore
1393 1090 1513 1162 populus
1530 1089 1628 1158 Isra‘el,
1646 1089 1695 1160 qui
1712 1088 1743 1142 in
1758 1104 1847 1158 regno
1865 1084 1942 1142 duda

242 1191 291 1230 nes
311 1175 415 1231 Driedo
433 1178 467 1233 de
485 1178 578 1250 script
601 1178 754 1234 ecclesiast.
773 1177 821 1231 lib.
845 1181 867 1244 1,
884 1193 907 1232 c.
922 1182 946 1231 2.
964 1181 1034 1246 psrt.
1052 1178 1076 1228 2.
1104 1175 1263 1246 habitabat,
1286 1183 1419 1249 regnante
1444 1176 1562 1233 Zedecia
1586 1175 1615 1229 in
1636 1175 1828 1245 captivitatem
1847 1171 1940 1243 Baby·

241 1259 289 1316 lib.
310 1268 339 1327 3,
366 1281 389 1317 c.
414 1271 438 1320 5.
467 1271 537 1336 pert.
558 1272 581 1321 3.
617 1265 717 1338 Aliqui
737 1281 797 1321 earn
815 1262 939 1318 referunt
956 1261 992 1315 ad
1011 1268 1077 1314 tem·
1105 1263 1225 1318 lonicum
1243 1261 1297 1318 fuit
1315 1263 1461 1332 abductus,
1481 1280 1514 1319 er
1533 1279 1590 1334 qua
1606 1260 1768 1341 captivitate
1786 1275 1851 1314 cum
1868 1256 1941 1312 redi·

241 1363 310 1419 pora
326 1348 406 1404 Darii
424 1349 583 1423 Hystaspis,
601 1358 634 1407 ut
646 1351 788 1407 Gerardus
800 1349 937 1405 Mercator
952 1347 982 1400 iu
999 1343 1076 1399 chro-
1104 1355 1160 1418 ret,
1185 1355 1250 1406 ante
1274 1351 1375 1405 multos
1397 1368 1484 1405 annos
1509 1347 1762 1405 Nabuchodonosor
1788 1351 1849 1400 erat
1871 1360 1940 1399 mon

242 1433 332 1505 nolog.
352 1439 381 1490 et
398 1435 453 1491 alii
507 1437 602 1495 sixtus
625 1439 752 1496 &nensis
780 1437 828 1494 lib.
857 1443 881 1492 8.
905 1435 1010 1489 haeres.
1037 1436 1075 1486 ll.
1104 1442 1185 1506 tuus3
1203 1453 1237 1490 ac
1255 1443 1319 1507 post
1335 1437 1454 1492 solutam
1472 1435 1661 1506 captivitatem
1680 1433 1773 1488 nullus
1791 1429 1941 1488 monarcha

241 1519 540 1579 Nabuchodonosorem
566 1540 642 1593 eum,
672 1524 752 1595 cujus
782 1524 885 1578 mentio
910 1519 943 1575 tit
970 1518 999 1572 in
1024 1517 1076 1572 hoe
1106 1523 1197 1577 dictus
1217 1522 1272 1578 fuit
1283 1523 1544 1580 Nabuchodonosor.
1576 1523 1722 1590 Nusquam
1735 1518 1940 1589 lepimustseri·

241 1604 326 1671 libro,
351 1610 450 1664 statuit
472 1609 559 1665 fuisse
583 1597 736 1666 Mannum
759 1609 846 1664 tilium
872 1605 951 1663 Darii
973 1604 1075 1676 Hysts-
1104 1608 1147 1664 bit
1162 1609 1312 1665 dictoloco
1329 1608 1524 1676 Bellerminus)
1544 1624 1624 1676 repes
1640 1609 1793 1661 Persarum
1811 1604 1939 1675 appello·

241 1693 312 1765 spis,
332 1709 450 1765 eumque
469 1696 615 1752 interfecto
631 1695 705 1767 Cyro
726 1711 858 1767 regnasse
875 1695 905 1749 in
922 1692 1075 1763 Babylone.
1103 1705 1145 1750 tos
1162 1697 1434 1766 Nabuchodonosor,
1458 1714 1508 1750 nce
1524 1695 1556 1748 in
1572 1711 1671 1757 samo,
1695 1709 1745 1746 nec
1762 1693 1793 1746 in
1806 1692 1940 1761 profano

241 1778 358 1836 Severus
386 1780 521 1853 Sulpitius
548 1781 596 1837 lib.
626 1789 649 1837 2.
678 1798 773 1837 sacrae
798 1781 862 1836 hist.
893 1780 930 1834 ad
959 1793 1075 1850 regnum
1101 1782 1234 1851 beterio,
1260 1786 1312 1837 sed
1337 1784 1427 1838 solnm
1450 1800 1528 1852 repes
1546 1780 1744 1849 Babylonioos.
1779 1777 1846 1833 dam
1874 1791 1940 1833 vara

236 1867 401 1922 Artaxerxis
425 1866 495 1923 Ochi
519 1868 591 1924 hanc
614 1869 756 1924 historiam
782 1868 920 1937 pertinere
938 1864 1074 1921 existima·
1102 1876 1166 1940 post
1184 1871 1303 1925 solutam
1323 1870 1512 1941 captivitatem
1532 1867 1691 1923 monarchia
1707 1864 1890 1936 Assyriorum
1911 1869 1939 1919 st

240 1953 289 2008 vit.
329 1953 369 2009 At
392 1954 484 2009 nullus
502 1954 651 2010 Persarum
672 1972 721 2010 rex
744 1955 835 2009 dictus
858 1958 901 2008 est
927 1949 1074 2009 Nabucho-
1103 1955 1336 2027 Babylonicorum
1351 1955 1520 2028 jampridem
1536 1962 1597 2011 erat
1615 1970 1719 2021 eversa,
1738 1951 1854 2023 regibus
1873 1949 1938 2006 Per·

241 2039 367 2094 donosor.
402 2040 550 2097 Praeterea
572 2058 652 2112 reges
671 2041 817 2096 Persarum
841 2057 897 2094 non
915 2039 945 2093 in
963 2037 1072 2099 Ninive,
1101 2059 1194 2097 aarum
1220 2049 1288 2098 tuuc
1315 2060 1408 2098 rerum
1433 2041 1611 2114 potientibus.
1656 2039 1721 2094 Huc
1751 2037 1936 2106 referendum,

241 2124 291 2180 sed
308 2124 496 2197 inBabylone
513 2128 606 2184 eedem
623 2126 730 2199 imperii
748 2125 898 2182 habebant
926 2125 990 2181 Jam
1007 2139 1072 2178 vero
1102 2129 1176 2201 quod
1203 2129 1459 2186 Nabuchodonosor
1487 2128 1588 2184 dicitur
1613 2143 1746 2196 reqnosse
1777 2125 1809 2178 is
1833 2123 1939 2179 Niniue

240 2211 279 2280 is,
299 2211 347 2283 qui
364 2211 542 2270 Holofernem
559 2230 623 2269 cum
643 2214 764 2270 exercitu
781 2212 856 2267 misit
873 2213 910 2268 ad
929 2211 1072 2268 debellan-
1100 2233 1123 2270 c.
1147 2223 1173 2285 1,
1196 2232 1222 2269 r.
1242 2224 1265 2273 5.
1281 2218 1421 2288 jamvero
1437 2223 1501 2288 post
1518 2216 1637 2271 reditum
1654 2230 1687 2269 ex
1704 2211 1868 2283 captivitate
1885 2209 1937 2267 Na·

241 2296 308 2352 dum
325 2298 431 2368 orbem,
455 2307 570 2355 vocatur
598 2299 853 2356 Nabuchodonosor
882 2307 911 2354 et
941 2314 1071 2371 regnasse
1100 2302 1236 2358 nivenen
1255 2302 1375 2374 amplius
1401 2302 1541 2372 exstabat,
1564 2300 1701 2374 siquidem
1723 2297 1863 2371 propheta
1879 2297 1936 2355 Na·

241 2384 342 2439 dicitur
359 2386 388 2440 in
405 2385 512 2443 Ninive.
547 2386 653 2442 Horum
678 2386 765 2458 aliqui
788 2385 912 2442 referunt
928 2384 1070 2440 historiam
1099 2387 1179 2458 hum,
1207 2389 1255 2460 qui
1282 2396 1406 2460 tempore
1429 2390 1504 2460 regis
1528 2387 1664 2444 Ezechiae
1688 2385 1859 2441 vaticimtm
1885 2389 1935 2455 est,

239 2469 339 2527 Juoiu
367 2472 403 2526 ad
432 2479 557 2545 tempora
584 2473 658 2546 regis
688 2472 834 2542 Zedsciee,
865 2477 897 2528 ut
930 2471 1072 2542 (tilbertus
1100 2476 1268 2531 eversionem
1281 2476 1380 2532 Ninive
1392 2476 1469 2531 brevi
1481 2475 1604 2530 futuram
1616 2472 1754 2545 praedixit
1767 2488 1792 2527 o.
1809 2476 1834 2535 2,
1851 2487 1880 2524 v.
1889 2475 1934 2526 10.

237 2556 435 2615 Genebrardus
459 2559 507 2614 lib.
526 2565 552 2618 2.
587 2559 752 2632 chronolog.
777 2576 850 2616 auno
874 2558 970 2613 mundi
996 2564 1071 2614 356⁰.
1101 2563 1175 2633 quod
1195 2570 1223 2618 et
1239 2562 1414 2618 achaidaeis
1431 2561 1546 2631 iactum,
1565 2560 1613 2633 qui
1628 2559 1682 2615 hac
1698 2558 1806 2614 ratione
1824 2573 1934 2614 omnm

238 2644 288 2698 ubi
314 2644 398 2714 dicit,
426 2645 500 2702 huuc
530 2664 589 2702 esse
619 2647 738 2703 eundem
765 2645 1072 2712 Nabuchodonosorem‚
1099 2647 1277 2719 Assyriorum
1304 2649 1456 2720 potentiam
1482 2648 1518 2703 ad
1551 2666 1582 2704 se
1610 2647 1798 2702 traduxerant.
1848 2643 1949 2700 Hisce.

239 2729 288 2802 qui
311 2729 460 2787 Sedelriam
488 2732 652 2802 debellavit,
679 2734 901 2805 Hierosolymam
931 2732 1072 2795 destruxit.
1094 2735 1310 2791 'difficultatibus
1344 2744 1376 2791 ut
1409 2742 1582 2799 occurratur,
1621 2733 1735 2806 quidam
1765 2731 1934 2803 respondeat

240 2817 280 2872 At
302 2818 440 2888 quomodo
464 2818 530 2874 huie
555 2819 679 2892 opinioni
706 2820 848 2893 congruit,
875 2820 949 2892 quod
972 2819 1071 2876 Judith
1098 2823 1181 2876 serbo
1205 2823 1336 2876 Arbioris
1362 2823 1529 2894 accipiendo
1553 2838 1611 2876 osse
1637 2823 1672 2874 de
1697 2822 1791 2874 decem
1809 2819 1934 2873 missin

239 2904 346 2960 tamdiu
381 2910 446 2976 post
459 2939 461 2942 -
475 2906 551 2961 illam
581 2907 688 2963 cladem
716 2907 828 2976 vixerit,
855 2907 970 2978 ejusque
1000 2905 1072 2960 omni
1099 2910 1130 2962 ἐκ
1148 2910 1297 2978 Assyriam
1315 2910 1450 2963 obenan.
1487 2908 1528 2961 At
1550 2907 1591 2962 illi
1613 2924 1755 2979 nunqnam
1776 2923 1809 2962 ex
1828 2905 1932 2978 dispo
1954 2919 1978 2961 tt

239 2996 332 3048 aetate
348 2998 377 3046 st
390 2991 439 3047 diu
457 2992 586 3065 deinceps
602 3010 657 3066 pax
675 2993 760 3050 fuisse
787 2993 907 3049 dicitur?
943 2993 971 3051 Si
997 2993 1070 3051 enim
1100 2995 1177 3050 sione
1207 2995 1365 3065 redierunt,
1404 3002 1453 3051 aut
1486 2995 1708 3066 Hierosolymam
1743 2992 1932 3065 pensum

238 3077 419 3135 Gensbrardo
441 3080 592 3146 credimus,
618 3081 871 3137 Nabuchodonosor
894 3098 967 3137 anno
991 3081 1070 3152 regni
1098 3082 1175 3152 quod
1198 3090 1290 3139 tamen
1307 3082 1410 3137 Achior
1436 3081 1567 3154 dispersis
1593 3081 1647 3136 illis
1666 3079 1773 3136 tribuit.
1806 3080 1867 3138 Nee
1882 3085 1932 3150 est,

237 3167 280 3221 sui
309 3165 416 3222 decimo
443 3167 525 3222 tertio
553 3166 628 3222 misit
661 3167 839 3224 Holofernem
867 3169 897 3223 in
925 3167 1070 3237 Judaeam,
1099 3169 1173 3240 quod
1196 3169 1258 3241 quis
1280 3175 1380 3242 urgeat
1405 3168 1601 3240 prophetarum
1628 3166 1760 3222 vaticinia
1790 3166 1826 3223 de
1854 3166 1932 3223 redu·

236 3269 309 3309 anno
333 3253 534 3310 decimonono
557 3253 688 3325 reliquias
705 3255 877 3311 iudaeorum
901 3254 931 3309 in
950 3254 1071 3326 Babylo·
1098 3256 1189 3312 odone
1208 3273 1304 3312 earum
1325 3256 1448 3311 tribuum
1470 3273 1503 3311 ex
1525 3255 1578 3310 isto
1599 3255 1697 3324 exilio,
1725 3253 1864 3326 siquidem
1884 3253 1930 3309 im·

236 3339 312 3394 niam
337 3339 487 3395 tanstulit.
530 3340 628 3411 Aliqui
650 3341 688 3397 ad
713 3347 840 3414 tempora
867 3342 941 3415 regis
964 3342 1068 3407 Josise,
1097 3342 1174 3413 pleta
1192 3359 1225 3399 ea
1242 3349 1308 3397 sunt
1325 3342 1505 3414 spiritualiter
1522 3340 1931 3414 personationemadregnn

237 3432 270 3480 ut
285 3425 427 3482 Johennes
440 3426 608 3484 Benedictus
627 3427 656 3484 in
674 3436 767 3486 annot.
785 3429 928 3502 marginal.
947 3429 983 3484 ad
1002 3447 1026 3485 e.
1045 3436 1069 3486 1.
1097 3428 1199 3485 Christi
1216 3429 1245 3484 in
1263 3429 1297 3486 N.
1309 3428 1343 3485 T.
1378 3428 1476 3485 Pressa
1493 3429 1581 3502 igitur
1599 3428 1751 3484 insistimus
1769 3427 1836 3483 huie
1853 3443 1931 3500 argu·

238 3510 303 3567 libri
320 3512 449 3569 iudith.⁴
1097 3521 1205 3584 mento,
1232 3517 1307 3588 qnod
1336 3517 1440 3572 Achior
1464 3517 1594 3588 loquatur
1616 3516 1652 3571 de
1677 3515 1727 3570 tali
1752 3514 1930 3585 plurimorum

275 3605 333 3656 193.
350 3599 443 3656 Hasce
460 3599 609 3656 mumanae
627 3616 721 3656 omnes
739 3609 767 3657 et
785 3602 909 3677 maguus
927 3602 1069 3658 Bellarmi·
1097 3603 1277 3673 abductione,
1302 3620 1354 3675 per
1377 3621 1460 3676 quam
1479 3603 1581 3659 Judaei
1606 3602 1779 3674 possessione
1801 3600 1931 3658 Hieroso·

238 3701 291 3740 nus
316 3686 365 3741 lib.
390 3692 414 3743 1.
441 3687 476 3743 de
501 3687 577 3743 verb.
595 3687 649 3744 Dei
672 3704 696 3743 c.
719 3695 757 3744 ll.
775 3688 882 3760 aliquot
899 3689 1069 3759 argumentis
1096 3691 1189 3762 lymae
1209 3689 1310 3762 privati
1331 3689 1413 3745 tinito
1436 3689 1518 3745 exilio
1541 3706 1602 3745 earn
1628 3690 1728 3745 iterum
1752 3687 1931 3760 possederint

238 3773 340 3829 refellit
357 3789 390 3829 ec
407 3773 583 3846 gravissimos
601 3773 663 3829 illos
680 3779 806 3830 auctores
824 3774 994 3845 Eusebium,
1012 3776 1069 3831 An·
1098 3776 1283 3833 Bellarminus
1316 3776 1368 3832 hoc
1393 3777 1626 3832 animadvertens
1661 3776 1743 3832 aliter
1776 3775 1933 3848 respondet,

125 3877 154 3921 1t
168 3875 213 3921 tat
239 3860 396 3932 guatinum,
420 3859 582 3931 sulpitium,
609 3861 716 3915 Bedum
745 3860 774 3915 in
800 3860 852 3916 hae
881 3860 994 3917 historia
1017 3853 1070 3918 'suo
1097 3865 1181 3919 verbo
1201 3863 1334 3919 Aelioris
1357 3883 1413 3918 non
1436 3881 1494 3919 esse
1519 3863 1702 3932 intellr'pendo
1718 3865 1754 3917 de
1773 3864 1932 3934 menese

131 4021 132 4024 Ἴ
238 3953 362 4019 tempore
377 3947 538 4003 collocanda
557 3948 686 4018 deceptos
705 3945 790 4003 inisse
810 3948 915 4017 asserit,
933 3948 1008 4021 quod
1027 3954 1070 4005 est
1098 3952 1291 4021 Babylonico,
1317 3953 1368 4005 ssd
1385 3953 1421 4005 de
1438 3952 1528 4006 soriis
1547 3951 1751 4021 afflictionibus
1764 3952 1931 4020 massadae

152 4100 154 4105 Ι
238 4040 431 4107 argumentum
451 4033 620 4091 reverentiae
642 4049 710 4106 erga
731 4041 824 4104 patres
847 4033 928 4090 toties
955 4035 1069 4106 deprae·
1097 4039 1181 4106 tibus,
1203 4038 1359 4108 praecipue
1386 4040 1420 4092 sie
1448 4038 1563 4107 ntimo,
1590 4054 1661 4108 quos
1687 4037 1848 4107 comat,
1874 4048 1933 4091 saa

238 4119 354 4191 dimise,
374 4120 433 4191 ipse
449 4136 514 4176 vero
531 4120 638 4199 statuit,
656 4120 805 4176 lectorium
816 4121 919 4175 rosor.
937 4122 1070 4178 incidisse
1097 4132 1244 4194 caperetur
1279 4127 1449 4192 Marones,-
1482 4125 1665 4179 reversionem
1696 4141 1729 4177 eo
1760 4123 1933 4194 ἀίῳοτοίοκ

236 4209 268 4263 in
288 4217 415 4278 temporo
431 4209 506 4276 repis
525 4207 690 4279 Manassae,
711 4209 742 4262 s‘n
760 4226 863 4262 annum
874 4208 980 4262 sesses
991 4211 1072 4278 repns'
1097 4212 1308 4279 entelliqendom
1327 4228 1384 4265 esse
1402 4211 1472 4264 dicit
1487 4212 1531 4265 rel
1548 4211 1585 4265 de
1602 4211 1758 4265 reversione
1773 4211 1851 4280 repis
1867 4211 1930 4266 Mo·

106 4304 118 4319 '·
237 4297 298 4366 ejus
318 4295 454 4350 deoimm
471 4304 588 4360 emtum,
614 4296 644 4350 in
669 4313 750 4365 quern
770 4296 871 4350 incidit
889 4314 979 4349 onnus
996 4297 1070 4351 deei-
1098 4316 1198 4353 nassae
1216 4317 1276 4352 oum
1296 4298 1355 4352 surh
1373 4315 1405 4353 eo
1424 4299 1584 4366 Babylone,
1609 4299 1654 4352 sel
1671 4299 1707 4352 de
1725 4299 1886 4353 reversione
1902 4313 1932 4353 α

204 4444 207 4449 q
236 4398 297 4436 mur
317 4382 415 4437 tertius
431 4383 589 4437 Merodort
606 4383 755 4451 Bolerion,
775 4383 824 4452 qui
834 4383 897 4450 suit
916 4399 966 4436 res
984 4385 1069 4452 Assy·
1097 4384 1134 4438 iis
1152 4385 1235 4454 kris,
1263 4387 1305 4439 od
1328 4401 1399 4456 quoe
1420 4385 1556 4453 mundo
1578 4393 1776 4456 per-renerent,
1800 4398 1873 4440 eum
1885 4402 1932 4439 res

235 4470 343 4524 riorum
364 4477 390 4524 et
406 4469 576 4538 Babylonis,
604 4470 633 4522 in
657 4487 711 4539 quo
735 4487 809 4523 anno
833 4470 934 4523 beilum
957 4471 1071 4525 moverit
1097 4473 1230 4540 Assyrios
1249 4473 1388 4540 repienem
1405 4472 1520 4525 s'tiorum
1542 4479 1673 4526 castorei.
1711 4471 1799 4542 Atqui
1822 4471 1858 4528 de
1883 4469 1932 4527 salt

237 4565 334 4611 contro
362 4557 491 4610 Judeeos
525 4557 595 4610 duce
628 4555 802 4624 Holoferne,·
836 4572 893 4628 qua
927 4556 956 4628 in
990 4563 1070 4628 parte
1096 4558 1258 4629 captivitate
1283 4564 1312 4613 et
1340 4558 1512 4630 dispersione
1535 4558 1658 4631 loquitur
1679 4557 1798 4627 Achior,
1825 4558 1857 4614 in
1879 4574 1932 4632 qua

235 4642 360 4715 sequitur
377 4641 553 4698 Melchiorem
570 4639 678 4696 Canum
695 4640 743 4696 lib.
765 4648 809 4710 ll,
836 4660 860 4698 c.
878 4650 902 4699 6.
938 4643 1026 4715 Atqui
1047 4650 1070 4701 1.
1095 4644 1179 4700 etiarn
1196 4647 1327 4716 templum
1344 4647 1404 4700 solo
1424 4653 1573 4716 aequatum
1590 4646 1653 4709 fuit,
1671 4652 1703 4700 ut
1717 4651 1796 4717 patet
1808 4659 1843 4700 ex
1854 4648 1930 4703 terit

177 4774 193 4786 ..
236 4730 306 4786 liber
318 4728 426 4786 iudet.
446 4746 469 4784 c.
491 4735 514 4796 5,
533 4746 559 4782 v.
579 4734 618 4784 2¹2.
635 4726 734 4800 inquit,
752 4727 824 4783 hauc
843 4727 984 4784 historiam
1004 4747 1068 4786 uon·
1096 4733 1218 4789 Graeco:
1247 4732 1261 4787 d
1287 4732 1352 4794 ναὸς
1378 4735 1514 4787 cedisosi
1537 4732 1630 4787 αὐτῶν
1650 4732 1787 4801 ἐγεννήθη
1806 4736 1850 4794 sir
1866 4733 1930 4788 tse-

235 4816 332 4888 tigisse
349 4832 406 4873 non
424 4821 548 4885 tempore
566 4814 640 4886 regis
659 4814 818 4884 Manassae,
831 4815 890 4886 qui
914 4816 1070 4873 visitante
1096 4839 1151 4892 φος
1171 4824 1217 4874 sel
1241 4824 1270 4875 ni
1291 4820 1384 4881 sciisse
1411 4819 1502 4875 αὐτῶν
1528 4819 1728 4891 ἐκρατήθησαν.
1772 4818 1839 4876 dam
1865 4833 1930 4876 m

236 4903 424 4978 mptivitatem
441 4901 658 4973 Babylonicum,
682 4900 732 4957 sed
755 4910 818 4972 post
834 4903 953 4958 reditum
972 4920 1005 4959 ex
1022 4904 1070 4959 illa
1095 4907 1142 4962 illa
1166 4907 1320 4964 devastatio
1344 4907 1441 4980 templi
1466 4924 1521 4962 non
1545 4908 1574 4962 in
1601 4905 1834 4979 praecedentibus
1861 4903 1930 4962 affl·

236 4989 404 5059 captivitate
442 4987 578 5046 Sicorim
598 4987 703 5043 thior
720 4987 760 5042 ibi
778 4988 912 5061 loquitur:
942 4991 1019 5044 Nom
1042 5000 1068 5044 et
1094 4994 1248 5064 ctionibus,
1272 4995 1372 5064 sedin
1393 4995 1560 5051 abductione
1578 4995 1607 5049 iu
1624 4993 1827 5065 Babylonicum
1845 4992 1929 5066 eapti⁵

237 5083 300 5129 onte
318 5076 368 5130 loe
384 5093 473 5131 annos
488 5092 548 5129 eum
566 5076 739 5131 recessissent
756 5092 775 5128 o
792 5076 854 5140 och,
881 5094 966 5147 qurum
984 5078 1068 5132 dede·
1094 5081 1208 5135 vitetem
1236 5083 1348 5138 demum
1378 5082 1512 5153 contigit,
1540 5080 1568 5136 in
1599 5081 1736 5136 Manassis
1767 5079 1929 5153 captivitate

236 5168 284 5214 rut
303 5163 364 5216 illis
385 5165 479 5230 Deo,
506 5169 537 5215 ut
564 5163 738 5217 ambularent
762 5162 793 5215 in
819 5179 869 5227 eo,
895 5164 1070 5218 eotsrminuti
1094 5167 1170 5221 nulla
1187 5167 1264 5223 iacta
1281 5169 1335 5224 fuit
1353 5170 1449 5240 templi
1468 5168 1579 5238 eversio,
1599 5168 1648 5223 sed
1660 5172 1798 5240 regnante
1811 5167 1929 5224 steta's

236 5255 299 5300 sunt
316 5248 437 5317 proeliis
461 5267 481 5303 o
504 5247 599 5301 multis
620 5249 779 5303 notionibus
797 5257 823 5302 et
835 5248 958 5318 plurimi
975 5268 1069 5305 eorum
1094 5255 1226 5325 templum
1243 5257 1355 5312 tandem
1377 5258 1435 5311 solo
1462 5255 1517 5310 suit
1541 5261 1698 5327 aequatum.
1733 5253 1928 5322 Bennmtnus.

237 5333 342 5402 septici
362 5334 476 5389 abducti
497 5341 560 5387 mont
583 5334 739 5388 interram
762 5352 819 5389 non
839 5353 927 5390 suom.
969 5339 1069 5408 Nuper
1094 5347 1125 5395 ut
1151 5341 1285 5413 effugium
1310 5342 1446 5406 inveniat,
1475 5340 1645 5410 suspicatur,
1674 5341 1760 5394 serto
1789 5341 1845 5396 als
1874 5350 1928 5396 sits

237 5426 329 5473 nmen
345 5422 450 5474 mern
466 5421 508 5474 od
525 5420 789 5474 DominamDsum
806 5439 886 5475 sunm
904 5441 937 5476 ee
961 5424 1068 5494 disper·
1093 5429 1286 5498 supposititio,
1314 5445 1377 5483 curn
1403 5429 1432 5483 in
1455 5427 1580 5484 versione
1604 5425 1769 5499 Hieronymi
1799 5442 1857 5483 non
1882 5427 1927 5484 ha·

236 5504 328 5571 sen,
340 5522 403 5576 oe
419 5506 543 5576 ems
557 5506 686 5576 erm.
709 5509 830 5563 seem
845 5516 911 5563 ms
929 5515 956 5564 s
975 5523 1068 5565 mee
1093 5512 1219 5573 mnus.
1251 5514 1310 5572 sse
1324 5513 1378 5569 un
1400 5513 1508 5570 nome
1530 5513 1585 5569 mr
1608 5513 1662 5586 sps
1682 5513 1870 5587 ¹sisennus,
1892 5512 1927 5570 u
