3984 6022
721 299 773 354 DE
790 297 1007 358 SORIPTUBA
1024 298 1156 357 SAGRA
1734 296 1792 368 189

89 459 219 511 accurate
237 451 426 523 inspiciantur,
444 451 544 508 Petrus
562 467 618 507 non
635 450 711 522 dicit,
729 451 811 507 Pauli
829 452 928 523 episto-
955 460 1001 506 tae
1018 453 1173 522 plurimae,
1193 453 1283 523 tropi,
1301 454 1487 524 metaphorae,
1506 451 1676 523 allsporiae,
1695 454 1794 525 hyper·

89 541 132 596 las
166 556 227 596 esse
258 539 402 608 obscuras,
432 539 482 594 aed
509 538 538 592 in
562 537 617 593 illis
643 538 761 611 proponi
793 537 929 609 quaedam
956 539 1035 602 bata,
1052 539 1170 592 ironiae,
1205 538 1290 610 Resp.
1313 545 1334 595 1.
1362 538 1442 604 Quod
1460 554 1505 593 res
1523 538 1552 592 in
1569 537 1720 610 Scripturis
1738 545 1793 594 tra·

91 625 239 695 doctiora,
257 625 287 680 in
304 625 359 680 illis
377 622 484 678 scilicet
501 623 592 693 rebus,
612 624 647 679 de
665 622 766 696 quibus
786 621 929 694 apostolus
956 623 1028 678 ditas
1051 623 1161 692 attinet,
1186 623 1251 678 illae
1274 623 1320 678 rel
1345 629 1410 678 sunt
1432 624 1568 678 historiae
1586 623 1632 679 vel
1650 626 1794 692 dopmata,

92 711 197 767 Paulus
215 710 334 782 scripsit
369 709 507 782 Loquitur
526 716 618 765 autem
635 709 744 778 Petrus,
762 716 794 765 111
812 726 846 765 ex
865 725 930 762 con·
956 725 1045 780 eaque
1063 709 1107 764 vel
1125 710 1262 764 uaticinia
1280 709 1314 764 de
1332 709 1441 778 futuris,
1460 709 1506 764 vel
1524 710 1642 763 articuli
1652 711 1734 778 fidei.
1765 710 1794 767 Si
1863 724 1867 732 ’

91 803 171 854 textu
193 802 315 865 constat,
337 795 373 851 de
396 795 494 851 ultimo
514 795 621 866 jndicio
640 813 673 850 ac
692 796 728 850 dc
746 794 843 851 mundi
861 793 930 847 inte·
957 795 1001 850 vel
1024 795 1142 850 maxime
1165 795 1193 849 in
1218 795 1354 850 vaticiniis
1372 794 1509 867 quaedam
1527 794 1681 850 obscuritas
1699 812 1794 850 occur·

92 883 157 949 ritu,
178 882 295 954 proinde
312 880 382 936 illud
401 881 430 934 ir
451 875 492 943 οἷς
509 900 565 937 444
582 881 704 953 pertinet
722 881 759 936 sd
780 877 931 946 ἐπιστολάς,
957 887 1016 950 rat,
1034 886 1099 936 ante
1117 881 1354 952 complementum,
1375 889 1470 937 temen
1487 879 1619 935 historiae
1640 886 1668 935 et
1685 881 1795 936 articuli

92 969 142 1024 aed
167 968 204 1024 ad
229 967 395 1024 vocabulum
415 967 529 1022 reisue.
569 967 708 1023 Luthcrus
739 966 769 1021 in
801 964 930 1022 Distribc
958 963 1025 1020 fidei
1048 968 1195 1038 perspicue
1218 967 1247 1020 in
1271 966 1420 1037 Scripturis
1449 969 1649 1037 proponuntur.
1680 969 1714 1020 sir
1738 964 1793 1040 γὰρ

92 1053 319 1111 scansurum.
361 1054 505 1122 Dopmata
530 1053 560 1106 s'n
584 1070 615 1107 ae
637 1060 700 1106 sunt
723 1053 856 1119 chamere,
881 1050 933 1103 aad
959 1059 1022 1106 θεῖα
1050 1058 1106 1113 τοῖς
1129 1052 1289 1124 ἀνθρώποις
1313 1048 1499 1126 ἀνθρωπίνως
1525 1051 1625 1114 istrie
1644 1051 1712 1127 ἡμῖν
1729 1069 1795 1124 συγ·

93 1148 228 1211 quatenus
245 1139 275 1193 in
296 1138 446 1207 Scrspuma
460 1145 674 1209 proponuntur,
691 1146 755 1192 ssent
770 1137 932 1203 mariscus,
959 1143 1133 1207 xarapatrmr
1158 1139 1301 1209 proponit,
1328 1145 1359 1193 ut
1385 1137 1508 1211 loquitur
1524 1138 1643 1209 Procop.
1666 1138 1695 1193 in
1720 1156 1744 1194 c.
1770 1145 1794 1195 3.

93 1226 122 1280 si
135 1226 251 1279 uelimus
268 1224 322 1279 utu
341 1225 498 1293 consitione
515 1241 574 1278 esse
594 1225 727 1291 contessa,
752 1240 835 1293 quam
853 1224 933 1276 Deus
958 1224 1033 1279 Esai.
1052 1231 1076 1280 2.
1090 1225 1326 1296 Distinguendum
1345 1229 1387 1280 eet
1403 1224 1475 1279 inter
1492 1224 1661 1281 intellectum
1676 1223 1795 1281 hominis

42 1312 79 1359 fl.
93 1312 227 1366 ecetmiae
253 1310 283 1363 in
307 1309 410 1379 Serapi
426 1311 585 1379 proposuit.
622 1317 644 1365 5.
666 1309 766 1365 Petrus
783 1325 839 1364 nou
857 1306 933 1376 dicit,
959 1312 1082 1368 nondum
1100 1311 1189 1366 renati
1205 1316 1233 1367 et
1247 1312 1318 1366 inter
1336 1310 1507 1366 intellectum
1525 1310 1553 1364 in
1571 1310 1674 1367 renatis
1692 1310 1796 1366 lumine

93 1396 143 1452 illa
160 1413 221 1452 esse
239 1395 365 1464 obscure,
384 1394 433 1449 scd
451 1394 594 1450 intellectu
611 1393 736 1449 difficilia
747 1401 807 1450 tum
818 1400 933 1464 propter
959 1397 1065 1468 gratiae
1089 1397 1289 1453 collustratum.
1320 1404 1341 1454 1.
1364 1394 1489 1451 Corinth.
1513 1402 1545 1465 2,
1572 1414 1598 1454 r.
1626 1403 1641 1451 1
1667 1403 1695 1452 41
1717 1415 1794 1469 seqq.

93 1499 185 1538 rerum
205 1483 391 1551 maJestatem,
418 1485 478 1535 tum
505 1485 619 1551 propter
642 1480 742 1536 mentis
763 1478 932 1535 4441144111-
959 1483 999 1537 1111
1023 1484 1116 1538 omnia
1139 1483 1272 1554 mysteria
1295 1488 1359 1536 sunt
1377 1482 1506 1553 obscura,
1533 1481 1599 1537 huic
1618 1498 1683 1538 vero
1701 1499 1795 1540 neces·

93 1566 263 1623 firmitatem.
959 1568 1033 1623 saris
1049 1575 1115 1624 suut
1133 1567 1287 1635 manifesta,
1307 1568 1430 1640 quinimo
1448 1583 1499 1639 per
1515 1568 1604 1639 ipsam
1621 1568 1794 1640 Scripturam

42 1685 80 1749 a,
127 1659 188 1711 421.
221 1659 245 1709 4.
270 1651 397 1707 Ρ41411114
423 1650 453 1705 14
474 1668 572 1707 comm
591 1651 701 1707 Daniel.
721 1650 741 1707 1.
762 1657 821 1709 903.
841 1655 931 1723 urget,
960 1655 1080 1726 Spiritus
1107 1661 1219 1710 sanctus
1246 1661 1379 1710 cannatas
1406 1654 1505 1709 mentis
1530 1660 1640 1710 nosuae
1666 1650 1794 1710 tenebras

42 1736 44 1746 ’
93 1739 211 1809 capetus
230 1738 302 1794 Dum
321 1743 367 1807 12,
385 1755 411 1792 v.
432 1744 449 1792 4
472 1737 568 1805 iubeat
581 1738 762 1808 prophetiam
780 1737 929 1791 oocsrltare.
958 1741 1031 1795 tollit
1068 1748 1095 1797 et
1125 1741 1263 1812 spirituali
1295 1740 1357 1796 luce
1384 1759 1434 1796 nos
1461 1739 1614 1796 collustrat.
1665 1746 1688 1796 3.
1716 1739 1792 1797 Vera

93 1825 176 1897 Resp.
199 1821 290 1882 1.“4ο4
307 1839 483 1895 nequaquam
501 1823 656 1893 statuimus,
675 1823 769 1879 omnia
780 1823 890 1879 omniuo
902 1823 931 1877 iu
958 1826 1139 1884 contradictio
1156 1827 1186 1881 in
1198 1827 1347 1899 Scripturis
1365 1843 1421 1883 uon
1437 1827 1564 1898 occurrit,
1582 1841 1721 1898 apparens
1732 1826 1793 1882 dili·

93 1910 244 1982 Scripturis
265 1908 352 1965 sacris
369 1924 430 1963 esse
446 1908 600 1980 perspicua
637 1915 661 1965 2.
680 1909 714 1964 14
728 1908 869 1981 prophetis
883 1926 931 1980 po·
958 1913 1082 1984 gentiam
1106 1912 1135 1968 in
1157 1912 1351 1969 conciliatione
1375 1911 1459 1969 acuit.
1508 1910 1554 1967 Sic
1580 1911 1636 1967 duo
1660 1912 1709 1966 illa
1732 1913 1795 1968 loca

91 1997 229 2052 tissimum
252 1995 340 2050 multa
362 2001 428 2049 sunt
451 1994 583 2064 obscura,
606 1995 715 2050 interim
740 1993 805 2049 fidei
822 1993 930 2049 articuli
959 1988 1064 2070 du'plici
1084 1999 1260 2054 distmmione
1278 1997 1473 2067 concilientur,
1493 1997 1565 2052 inter
1581 1997 1682 2052 liberos
1700 1998 1795 2068 poeni·

90 2081 185 2138 serbis
210 2081 293 2137 claris
313 2087 342 2138 41
365 2080 518 2153 perspicuis
539 2080 568 2134 in
588 2078 732 2151 Scriptura
748 2079 867 2151 expositi
886 2097 931 2136 ex·
957 2085 1073 2141 tentiam
1100 2091 1214 2159 agentes
1240 2090 1269 2139 et
1292 2098 1354 2153 eos,
1381 2083 1428 2155 qui
1452 2083 1482 2137 iu
1506 2089 1652 2154 parentum
1675 2084 1795 2154 peccatis

91 2174 176 2226 stant.
220 2174 243 2224 3.
267 2167 332 2224 Non
359 2166 442 2238 jubet
471 2166 548 2221 Deus
579 2165 753 2237 prophetiam
782 2167 931 2230 enuntiare,
956 2171 1114 2241 persistunt,
1133 2172 1200 2226 item
1218 2170 1290 2225 inter
1307 2185 1411 2241 poenas
1430 2169 1595 2240 temporales
1613 2173 1641 2223 et
1659 2175 1794 2225 aeternas

92 2254 251 2325 quodcum
270 2255 330 2324 ejus
348 2252 516 2309 revelatione
527 2258 689 2324 pugnasset,
708 2253 757 2307 sed
775 2254 932 2320 oostpnare,
958 2264 982 2314 4.
1011 2257 1130 2313 Articuli
1161 2257 1227 2314 fidei
1258 2274 1314 2313 non
1335 2257 1473 2325 obscuris,
1502 2273 1553 2311 nec
1571 2255 1722 2328 ambiguis,
1746 2256 1796 2312 sed

92 2339 145 2395 hoc
165 2346 220 2407 est,
242 2338 329 2395 inetur
347 2339 387 2395 rei
403 2332 617 2410 pretiosissimae
635 2354 786 2395 4444114111.
820 2339 855 2392 In
874 2337 931 2392 ΗΘ·
957 2344 1111 2415 perspicuis
1135 2348 1163 2399 et
1180 2342 1300 2415 propriis
1317 2341 1409 2398 serbis
1428 2341 1457 2395 in
1475 2340 1620 2412 Scriptura
1637 2358 1795 2412 proponun-

92 2425 180 2482 breeo
198 2431 241 2480 est
259 2423 350 2496 121111,
373 2424 448 2497 quod
464 2423 605 2496 significat
619 2425 760 2491 claudere,
777 2420 933 2492 stupuere,
957 2435 1010 2500 tur,
1030 2429 1139 2486 interim
1158 2430 1293 2502 quasdem
1312 2446 1346 2484 ex
1362 2427 1509 2500 phrasibus
1529 2433 1557 2484 et
1574 2426 1665 2482 verbis
1686 2427 1716 2481 in
1737 2427 1796 2498 qui·

93 2520 123 2569 et
142 2510 237 2574 nuti,
261 2512 336 2583 quod
354 2511 450 2566 itidem
468 2509 616 2583 tignififflis
636 2511 759 2579 41911411,
776 2511 931 2578 obtimates
958 2516 1076 2571 busdam
1099 2515 1168 2572 locis
1193 2514 1372 2571 difficultates
1398 2512 1500 2571 oboriri
1524 2529 1605 2568 nemo
1622 2516 1722 2584 negat,
1746 2513 1796 2567 sed

93 2600 192 2670 sipihho
211 2601 394 2668 confimare,
413 2597 485 2653 sicut
503 2598 602 2653 literae
619 2595 714 2652 finitae
732 2596 822 2653 solent
840 2594 932 2651 claudi
958 2619 1030 2674 quse
1040 2601 1132 2656 studio
1148 2601 1306 2674 linguarum
1319 2605 1347 2656 et
1364 2599 1478 2671 reliquis
1494 2598 1729 2670 interpretationis
1747 2598 1795 2653 ad·

95 2690 125 2742 et
151 2683 292 2754 obsignari
319 2682 419 2756 sigillo.
465 2682 549 2737 Lxx
580 2682 762 2738 reddiderunt
787 2683 932 2755 ἔμφραξον
959 2686 1096 2742 miniculis
1121 2687 1183 2742 tolli
1205 2692 1331 2759 possunt.
1370 2685 1460 2742 Voces
1488 2692 1517 2741 et
1540 2684 1676 2741 orationes
1702 2700 1796 2740 occur-

94 2772 160 2832 4111
190 2768 290 2840 λόγους
313 2772 359 2822 snt
384 2768 547 2840 oppinione
569 2771 600 2823 ri
626 2772 743 2838 positor.
779 2775 803 2824 4.
822 2769 933 2824 Diserte
958 2777 1024 2827 runt
1042 2772 1200 2845 ambiguae,
1217 2790 1273 2827 non
1291 2776 1421 2844 respectu
1437 2770 1501 2836 Dei,
1521 2769 1570 2842 qui
1588 2769 1650 2826 illes
1667 2769 1797 2840 dictavit3

95 2856 223 2926 additur,
249 2853 308 2910 fore
331 2855 468 2909 duntaxat
489 2853 563 2910 hanc
586 2854 761 2926 prophetiam
785 2871 871 2925 usque
893 2856 934 2909 ad
958 2875 1009 2914 nec
1032 2863 1160 2930 respectu
1183 2857 1270 2929 ipsius
1294 2856 1468 2928 Scriptum,
1494 2872 1566 2929 quae
1591 2863 1633 2913 est
1655 2874 1709 2912 vox
1726 2855 1796 2925 Dei3

95 2943 248 2997 4441441144
271 2948 397 3011 tempora
419 2939 607 3012 obsignatam,
631 2946 698 2995 tunc
721 2939 794 2996 enim
818 2944 933 2995 eventus
959 2944 1008 2999 sed
1025 2951 1154 3016 respectu
1169 2943 1311 3000 hominum
1328 2960 1384 2998 non
1401 2943 1609 3015 assequentium
1624 2941 1670 2997 rel
1686 2941 1797 2998 inresti-

95 3029 232 3099 interpres
248 3024 411 3098 prophetiae
428 3023 549 3096 optimus
567 3026 685 3081 eandem
703 3031 828 3097 exponet
960 3031 1087 3103 mutium
1110 3047 1220 3086 sensum
1239 3030 1301 3086 Dei.
1336 3037 1360 3086 5.
1385 3028 1463 3094 Quae
1485 3027 1603 3099 exempli
1619 3027 1682 3082 loco
1699 3044 1718 3081 a
1734 3025 1796 3082 Bel·

42 3135 81 3166 ua·
131 3119 191 3171 428.
216 3112 342 3167 Alteram
359 3115 586 3182 argumentorum
605 3109 723 3165 classem
741 3110 855 3166 deducit
871 3111 934 3168 Bel·
959 3116 1077 3172 lnrmino
1103 3117 1292 3184 adducuntur,
1320 3115 1403 3171 facile
1432 3113 1564 3186 explicari
1591 3119 1715 3184 possunt
1747 3113 1797 3179 nir

42 3187 60 3218 '¹
98 3199 230 3255 larminus
248 3215 281 3252 ea
297 3198 462 3253 14111144πί14
479 3206 609 3267 patmum,
633 3196 670 3252 ad
691 3213 764 3269 quae
787 3197 816 3252 in
833 3213 934 3269 genere
960 3202 1048 3277 ἀρχήν
1067 3202 1129 3260 Joh.
1149 3209 1178 3272 8,
1204 3220 1230 3257 v.
1250 3207 1282 3258 26
1307 3201 1418 3272 ponitur
1442 3199 1639 3256 adverbialiter
1657 3197 1796 3252 idiotismo

96 3285 309 3357 respondemus:
348 3291 369 3340 t.
395 3282 494 3338 Patres
521 3282 616 3338 multis
644 3283 674 3338 in
701 3283 770 3339 locis
801 3284 836 3339 de
862 3284 933 3341 Scri-
960 3289 1068 3345 Graeco
1089 3305 1140 3359 pro
1162 3285 1302 3360 particula
1315 3303 1437 3357 prorsus
1460 3285 1506 3369 vpl
1522 3284 1654 3354 primum.
1693 3282 1797 3355 Sopho·

95 3378 196 3444 pturae
218 3369 403 3442 perpicuitate
428 3368 600 3423 luculentum
623 3368 718 3425 1411141
738 3369 933 3425 testimonium.
959 3375 1015 3430 cles
1041 3375 1070 3429 in
1095 3373 1226 3446 Antigon
1253 3369 1341 3445 ἀρχὴν
1364 3372 1396 3426 rii
1413 3370 1509 3445 tione
1527 3369 1561 3425 oi
1578 3372 1677 3440 πρέπει
1695 3366 1730 3424 ri
1746 3368 1837 3439 nri-n.
1849 3384 1898 3431 uo,

96 3461 121 3514 2.
148 3455 333 3525 Testimonia,
361 3470 433 3528 qnae
450 3454 636 3509 Bellurminm
660 3455 790 3527 adducit,
814 3473 871 3512 non
891 3472 933 3510 re·
956 3481 1040 3532 χανα.
1074 3461 1198 3514 Prorsus
1217 3476 1274 3514 non
1290 3466 1354 3511 sum
1371 3458 1504 3511 mutanda
1520 3455 1713 3526 impossibilia.
1740 3454 1796 3510 Ds-

95 3548 225 3615 pugnant
245 3547 356 3598 4441144
372 3540 532 3597 sententiae.
567 3539 700 3597 heraeus
717 3542 766 3598 hu.
791 3547 816 3599 2.
837 3547 934 3598 corsua
960 3545 1092 3602 mosthen.
1113 3546 1171 3599 κατ’
1186 3543 1396 3619 Ἀνδρρπιῶνος·
1420 3542 1478 3598 ἐπεὶ
1498 3545 1560 3616 περὶ
1579 3529 1650 3612 sirpe
1667 3540 1707 3615 μὴ
1726 3547 1797 3597 κεῖν-

94 3629 201 3684 bwat.
223 3627 380 3699 capituti:
408 3629 446 3681 Iu
466 3627 623 3696 Strt'pltm't
644 3630 785 3697 wadum
805 3629 933 3697 aunuati-
960 3655 1003 3688 rae
1030 3632 1124 3706 νόμοι,
1146 3631 1211 3685 utut
1228 3629 1351 3702 γράφειν
1368 3628 1418 3696 τὴν
1436 3626 1526 3702 ἀργήν
1545 3625 1682 3702 προςήκει.
1721 3627 1797 3692 Qstue

94 3733 171 3783 mua,
197 3717 338 3786 quaedam
362 3717 425 3768 Deo
448 3714 680 3768 commendamus.
719 3713 787 3780 Quis
808 3720 933 3770 4441111111
960 3720 1066 3788 lepihns
1081 3736 1136 3771 non
1149 3717 1313 3787 puniantur,
1332 3732 1366 3768 ea
1380 3714 1491 3769 omnino
1507 3713 1797 3768 acemanemoulicet.

95 3799 148 3858 boc
173 3797 279 3872 443411
310 3799 445 3870 Origenes
466 3798 560 3855 homil.
589 3804 627 3855 12.
651 3798 682 3852 in
697 3798 784 3855 Exod
810 3802 933 3855 studium
960 3805 1086 3861 christus
1103 3819 1170 3875 ergo
1190 3801 1219 3856 id
1236 3799 1399 3872 respondet:
1427 3800 1552 3855 Prorsus
1571 3801 1596 3854 is
1614 3817 1687 3867 mm,
1717 3815 1798 3869 quem

96 3894 122 3940 et
144 3903 242 3957 praem
264 3886 441 3940 adhibendas
464 3901 522 3939 esse
545 3883 621 3940 dicit
656 3884 734 3940 Idem
752 3891 781 3941 41
797 3903 847 3941 nos
867 3886 933 3942 dici-
959 3911 1002 3947 me
1020 3908 1080 3946 esee
1096 3889 1171 3958 dieo,
1190 3904 1270 3958 queem
1290 3903 1333 3940 me
1350 3903 1408 3939 esse
1423 3887 1566 3956 profiteor.
1591 3885 1798 3950 Nemeaeum

95 3987 167 4028 mus.
204 3976 228 4027 ³.
243 3970 341 4027 Patres
359 3971 395 4026 de
413 3970 512 4025 mediis
530 3971 569 4025 ad
587 3970 734 4026 lectionem
754 3977 783 4027 41
800 3971 933 4044 interpre-
959 3979 1078 4034 retinere
1104 3973 1242 4046 potuisset
1268 3969 1318 4039 ris
1345 3969 1434 4044 ἀρχὴν
1461 3990 1517 4026 non
1545 3971 1674 4028 obstante
1703 3978 1798 4036 metro,

94 4058 230 4114 iaticum
246 4058 332 4112 1411111
350 4055 509 4128 Scripturas
526 4056 691 4112 neomeniis
709 4062 809 4129 agunt,
830 4074 933 4130 nequa·
960 4060 1124 4119 4111411114
1142 4057 1272 4134 ἕξάρχῆς
1295 4057 1330 4110 id
1350 4074 1425 4127 aem,
1453 4060 1531 4128 quaed
1554 4059 1590 4111 ah
1615 4058 1697 4112 initio
1721 4056 1798 4110 vohis

97 4159 181 4216 quam
199 4157 265 4198 sero
287 4142 467 4198 obscuritatis
483 4141 513 4197 in
530 4143 675 4199 medendis
691 4144 869 4217 dogmatibus
886 4163 934 4202 ne·
961 4147 1174 4205 commemoravi
1201 4144 1374 4214 colloquens,
1405 4142 1511 4199 (1114141
1540 4150 1649 4213 autem,
1680 4157 1710 4197 se
1736 4154 1799 4195 esse

98 4229 226 4286 fflffl'i!
244 4245 305 4284 Μ
323 4233 453 4300 'argum
961 4235 1064 4290 Filium
1079 4233 1133 4289 Dei
1151 4235 1260 4306 σωτῆρα
1280 4233 1327 4283 stul
1341 4227 1466 4300 χριστόν.
1500 4227 1580 4284 Rom.
1600 4235 1631 4297 5,
1656 4245 1681 4284 v.
1701 4232 1732 4283 12
1750 4225 1797 4280 bu·

42 4346 84 4379 n...
133 4321 193 4372 421.
217 4313 341 4369 Tertiam
364 4313 480 4368 classem
504 4313 575 4385 petit
598 4332 631 4368 ea
651 4316 770 4371 ratione
804 4318 841 4371 ln
859 4317 935 4372 Scri·
961 4321 1043 4377 betur
1069 4315 1311 4382 heautontimor,
1338 4314 1415 4389 quod
1432 4314 1585 4385 completur
1605 4331 1630 4370 v.
1652 4316 1691 4369 te.
1709 4316 1738 4367 et
1757 4316 1798 4367 111.

94 4402 191 4472 ptreris
214 4401 271 4454 duo
289 4399 469 4454 mnsiderari
483 4407 615 4469 morunt,
641 4417 687 4454 res
706 4419 778 4472 quae
796 4404 936 4472 dicuntum
962 4405 1032 4461 Gen
1059 4411 1104 4472 10,
1128 4422 1154 4459 v.
1179 4410 1220 4460 31.
1245 4401 1366 4458 occurrit
1389 4400 1555 4470 anticipatio
1573 4414 1629 4453 non
1648 4393 1798 4468 Scripturis

98 4496 124 4542 et
140 4488 312 4556 modusque
330 4487 468 4540 diruentur.
498 4487 637 4540 Utrsuuos‘s
653 4496 811 4559 apmtemus,
828 4507 936 4544 summa
962 4491 1051 4546 solum
1076 4489 1176 4558 sacrm,
1204 4486 1254 4544 sed
1281 4485 1364 4542 etiem
1389 4484 1513 4557 profanis
1540 4482 1721 4554 scriptoribus
1745 4481 1799 4537 fre·

98 4573 222 4627 occurrit
252 4572 419 4642 diffinitas.
455 4572 512 4626 lies
540 4572 571 4625 in
599 4573 755 4643 Sompturis
770 4577 937 4646 propositae
963 4595 1058 4650 quens,
1075 4593 1126 4648 per
1142 4591 1226 4648 quam
1244 4591 1288 4630 res
1304 4571 1594 4644 priorumtemporum
1608 4566 1799 4624 verbisuostri

96 4667 162 4713 suat
184 4659 414 4726 obscurissimae,
438 4664 533 4727 utpote
558 4659 718 4727 mysterium
736 4662 772 4714 de
792 4662 937 4732 Trinitate,
963 4663 1050 4720 seculi
1067 4661 1269 4722 describuntur.
1300 4657 1412 4730 Moyses
1430 4657 1490 4728 ipse
1508 4656 1620 4726 exponit
1637 4653 1799 4709 divisionem

98 4747 135 4799 de
157 4745 352 4798 incarnatione
374 4743 462 4812 uer-hi,
490 4745 525 4797 de
547 4746 747 4815 armamentis,
775 4748 811 4800 eie
834 4756 937 4803 natura
963 4748 1129 4822 populorum
1153 4763 1203 4817 per
1225 4744 1317 4800 141144
1339 4744 1464 4816 linguas,
1489 4748 1517 4797 et
1538 4746 1630 4797 textus
1652 4739 1799 4795 Hebraeus

96 4831 269 4900 amrinum.
312 4831 383 4883 Item
412 4830 547 4884 vasania
574 4831 610 4884 de
634 4832 717 4886 rebus
738 4833 852 4899 suturis
875 4852 937 4888 cur·
963 4833 1106 4890 commode
1131 4832 1202 4888 14111
1225 4835 1317 4903 potest
1340 4829 1370 4884 in
1391 4825 1680 4902 plusquamperfecto:¹
1703 4825 1800 4879 Omus'a

96 4919 171 4972 mine
193 4917 310 4987 sarepta.
340 4914 443 4978 (144411
459 4917 571 4970 modum
592 4917 709 4971 dicendi
728 4926 791 4972 nent
814 4920 937 4975 innume·
963 4929 1041 4976 terra
1068 4921 1166 4985 fuerat
1191 4919 1305 4988 tisanae
1328 4915 1419 4969 unius.
1458 4919 1483 4968 6.
1509 4909 1645 4965 Idiotismi
1666 4908 1801 4965 Hebruiei

95 5004 346 5058 summersione
365 5002 553 5072 affluente.
590 5006 614 5058 r.
635 5003 706 5058 snm
723 5005 753 5058 sn
773 5005 937 5077 mesum,
963 5006 1108 5077 requirunt
1138 5005 1316 5075 ineuntem
1344 5001 1502 5071 lingonum
1529 4993 1663 5067 oenum,
1689 4995 1800 5051 interim

97 5107 171 5161 quae
189 5090 287 5161 prr'rna
308 5090 408 5156 fronte
432 5089 562 5142 viderem
586 5090 741 5161 contraria,
777 5091 871 5148 Ecca.
890 5096 937 5162 20,
964 5108 1036 5166 quae
1053 5092 1141 5147 cuivis
1161 5090 1233 5145 scitu
1252 5086 1424 5149 necessaria,
1445 5081 1537 5139 verbis
1555 5081 1674 5153 propriis
1693 5088 1721 5137 et
1737 5100 1799 5153 per·

96 5178 121 5229 r‘.
145 5181 171 5230 t.
197 5175 297 5232 Erech.
323 5177 478 5244 11414.
515 5177 541 5227 2.
561 5174 632 5227 Sunt
649 5176 735 5230 certa
754 5184 780 5231 et
796 5180 938 5234 orationes
964 5178 1065 5250 spicuis
1092 5180 1297 5249 proponuntur,
1327 5172 1402 5245 quod
1427 5169 1498 5226 enim
1522 5167 1551 5223 iu
1575 5166 1632 5221 illis
1657 5163 1801 5240 Scriptura

97 5262 254 5331 amhipuae,
272 5261 340 5316 Joh.
360 5265 390 5330 8,
416 5279 439 5314 o.
458 5262 503 5314 26.
539 5264 565 5317 3.
587 5260 660 5315 Sunt
679 5263 820 5318 orationes
837 5267 938 5335 imper·
964 5263 1059 5332 effert,
1086 5262 1116 5316 id
1140 5261 1207 5317 alibi
1232 5258 1323 5315 verbis
1346 5256 1450 5329 apertis
1476 5260 1504 5311 et
1527 5252 1647 5326 propriis
1669 5253 1801 5323 declaret,

90 5349 199 5416 scmus,
223 5349 305 5406 Rom.
324 5352 357 5412 5,
380 5365 404 5400 o.
429 5349 471 5401 12.
508 5351 533 5402 t.
558 5347 629 5402 Sunt
654 5348 795 5403 orationes
814 5367 938 5422 paepo-
964 5349 1006 5405 uti
1031 5354 1106 5404 recte
1129 5352 1243 5403 monent
1265 5343 1478 5416 chrysostomus
1501 5341 1531 5396 in
1554 5357 1652 5396 comm.
1675 5339 1751 5395 usu
1776 5345 1800 5396 8.

97 5433 456 5503 assuetissimum.
482 5438 509 5489 5.
530 5433 600 5490 Sunt
613 5434 735 5504 phrases
746 5436 938 5492 Hebraeorum
965 5453 998 5492 ac
1015 5433 1136 5490 'ihomas
1153 5452 1181 5505 p.
1204 5439 1225 5489 1.
1245 5450 1272 5505 q.
1294 5436 1314 5486 1.
1334 5435 1386 5488 art.
1404 5435 1428 5486 9.
1446 5445 1518 5501 resp.
1538 5427 1575 5481 ad
1593 5432 1617 5482 2.
1650 5432 1673 5483 t.
1694 5422 1801 5481 Oratio-

95 5521 246 5590 propriae,
270 5520 319 5574 Pa.
335 5522 378 5589 89,
395 5537 420 5574 u.
439 5522 486 5575 111.
523 5523 548 5575 6.
575 5520 645 5575 Srrsu
672 5521 812 5576 mahomes
828 5523 938 5593 1141144-
965 5539 1014 5578 nes
1037 5521 1174 5594 figuratae
1196 5537 1252 5576 non
1273 5516 1441 5573 adhibentur
1459 5514 1495 5570 ad
1515 5513 1687 5584 Scripturam
1703 5510 1801 5566 obscu-
