3984 6022
222 293 260 351 32
925 280 1047 338 Locus
1064 280 1207 338 PRIMUS

220 440 321 493 hellam
344 440 386 492 od
408 439 498 508 speum
519 438 615 491 urbem
640 437 873 506 Hierosolymam.
916 437 1003 507 Atqui
1026 437 1049 491 si
1075 438 1252 506 gladiumin
1272 437 1424 490 uindictam
1441 435 1673 505 alienigenam,
1693 437 1743 505 qai
1757 436 1913 490 violatores

219 524 304 579 verba
320 523 448 579 Achioris
472 523 653 596 intelligenda
674 530 740 579 sunt
763 525 797 579 de
818 524 973 579 reversione
991 523 1049 577 Ma·
1075 525 1235 578 astiterant
1260 523 1292 576 in
1313 522 1536 592 coinquinatione
1564 540 1617 576 sno
1649 530 1674 576 et
1701 523 1913 576 wadnam

219 610 308 664 nassis
325 614 354 664 et
372 609 469 680 populi
487 609 633 664 Israiclitici
651 628 684 665 er
703 610 858 681 Babylone,
882 627 939 665 non
954 617 1049 680 potue·
1074 611 1168 673 femur
1188 609 1306 676 arpinis
1331 609 1361 661 in
1384 608 1575 676 confusionem
1592 626 1616 661 n.
1636 611 1663 661 3.
1685 616 1712 661 ct
1728 608 1836 662 dedam
1850 624 1912 662 m

218 700 283 749 runt
300 694 368 749 baec
387 694 517 750 incidisse
535 695 563 749 in
583 696 672 766 ipsam
688 695 762 768 regis
781 695 978 767 captivitatem.
1006 697 1049 750 Ac
1075 695 1158 749 lieres
1179 695 1293 749 silerum
1317 695 1347 748 in
1363 696 1505 764 maedam
1528 702 1553 746 et
1566 694 1649 760 filius
1674 695 1789 748 ιῊοηινη
1814 695 1845 748 in
1864 710 1911 749 ca·

219 781 242 833 si
265 779 308 834 vel
332 780 449 836 maxime
472 797 527 835 nou
546 782 706 837 accessisset
722 781 826 837 bellum
846 782 883 836 ad
899 782 988 854 ipsam
1005 800 1049 838 ur·
1071 783 1227 851 ptioitutem
1250 789 1276 836 et
1291 798 1397 835 omnem
1416 782 1556 850 maedam
1582 781 1612 834 in
1640 781 1805 834 diuisionem
1823 782 1911 836 souis

217 865 281 921 bem
302 866 489 936 Hierusalem,
515 867 551 921 ad
574 867 647 939 regis
676 873 769 923 tamen
786 884 885 922 munus
904 869 1049 939 pertinuis-
1075 868 1139 936 tuis,
1158 869 1208 938 qai
1224 868 1380 922 eelaoemnt
1397 868 1484 922 selum
1502 876 1592 935 mum,
1610 867 1660 922 ubi
1679 867 1755 923 zelus
1773 866 1910 924 Simeonis

217 959 274 1021 set,
296 969 352 1007 non
380 953 467 1007 solum
495 953 661 1024 metropolin
684 961 712 1010 et
736 956 830 1010 sedem
853 955 975 1027 imperii,
1000 957 1049 1011 sed
1074 960 1103 1009 et
1122 954 1190 1010 Levi
1214 960 1329 1010 vocatur
1352 954 1469 1010 divinus.
1510 953 1566 1009 Sed
1590 953 1641 1009 hoc
1664 954 1770 1010 factum
1788 953 1910 1010 filiorum

217 1045 303 1094 totam
328 1039 469 1110 regionem
494 1041 663 1110 apericulis
688 1040 755 1096 belli
781 1042 945 1096 incolumem
971 1057 1049 1113 prse-
1074 1056 1186 1096 suorum
1230 1039 1354 1096 Jacobus
1402 1039 1561 1111 patriarcha
1609 1040 1711 1096 disem
1760 1039 1909 1120 improbat.

218 1131 300 1182 stare.
336 1125 491 1181 Pudeudae
517 1126 602 1181 suerit
626 1127 814 1198 negligentiae
842 1135 871 1183 et
897 1129 1048 1184 somnolcn·
1075 1125 1175 1183 Genus.
1194 1131 1241 1195 34,
1266 1143 1291 1184 v.
1312 1131 1353 1182 25.
1371 1127 1494 1196 arreptis
1509 1127 1618 1194 plodite
1636 1128 1695 1181 sais
1711 1128 1834 1196 inpressi
1848 1135 1910 1181 eant

217 1212 287 1277 tiae,
312 1213 336 1267 si
360 1230 408 1268 rex
423 1206 595 1285 'permittere
621 1215 688 1270 velit
712 1215 785 1271 hosti
803 1215 831 1270 in
846 1215 950 1271 finibus
970 1216 1049 1288 regni
1073 1213 1167 1266 vrbem
1208 1214 1276 1286 neg
1320 1214 1489 1282 vonfidtnter
1524 1221 1549 1267 d
1584 1214 1781 1282 intersotowni
1816 1229 1910 1268 emm

217 1298 329 1369 impune
346 1300 475 1371 grassari
496 1301 577 1357 modo
596 1302 690 1356 sedem
710 1302 790 1373 regni
808 1301 851 1356 sui
869 1308 990 1357 serumst
1009 1301 1049 1355 in·
1074 1299 1220 1368 masculos,
1238 1305 1334 1353 oontm
1351 1304 1433 1369 pacta
1450 1299 1554 1355 scilicet
1570 1306 1599 1355 et
1615 1300 1709 1355 datam
1720 1298 1813 1355 fidem
1841 1298 1910 1357 Ideo

217 1384 361 1442 columem.
399 1385 520 1442 Perinde
535 1386 588 1441 boc
607 1385 679 1442 foret
697 1403 730 1441 ac
750 1387 772 1441 si
794 1387 855 1458 quis
881 1403 978 1458 pamm
1001 1404 1048 1442 cu·
1074 1384 1195 1440 lacobus
1213 1382 1266 1438 bac
1284 1384 1445 1440 crudelitate
1466 1384 1562 1441 audita
1582 1385 1651 1441 dicit
1668 1404 1694 1440 r.
1715 1391 1756 1443 30.
1775 1387 1909 1442 mrhms's

216 1478 292 1526 raret
310 1471 506 1527 abscissionem
530 1488 661 1526 manuum
686 1472 731 1528 vel
752 1473 868 1544 pedum,
895 1474 976 1530 modo
1002 1491 1048 1544 pe-
1074 1488 1116 1524 me
1140 1479 1166 1524 et
1190 1470 1318 1525 odiosum
1344 1487 1387 1523 me
1407 1472 1522 1538 secutis
1543 1471 1702 1527 Oananaeis
1720 1481 1769 1527 etc.
1793 1472 1863 1545 quin
1882 1480 1911 1529 et

217 1564 278 1611 ctus
299 1557 435 1612 incolume
453 1563 581 1612 servaret.
616 1557 705 1613 Addit
720 1558 912 1629 Bellarminus,
933 1563 1049 1615 eundem
1074 1556 1260 1611 maledictioni
1303 1555 1380 1611 illam
1422 1557 1613 1613 crudelitatem
1654 1563 1751 1629 postea
1785 1559 1909 1630 subjicit

216 1646 389 1697 sacerdotem
418 1645 561 1708 Eliairim,
587 1644 636 1713 qui
660 1647 701 1698 od
729 1645 878 1699 Iarailitus
905 1647 1050 1716 stripes'see
1075 1641 1176 1699 Genea.
1203 1648 1250 1708 te,
1278 1661 1304 1698 s.
1336 1649 1359 1698 5.
1384 1642 1497 1697 Simeon
1523 1652 1549 1697 et
1576 1643 1734 1717 1,inti
1752 1627 1810 1719 153,
1838 1662 1909 1700 oon

216 1739 393 1794 memoratur,
411 1729 510 1785 Judith
530 1737 553 1799 t,
571 1748 597 1784 a.
616 1735 638 1783 5.
653 1733 923 1801 temporeEsechiue
941 1734 1050 1787 nomine
1074 1729 1222 1783 emunctae
1248 1728 1344 1798 piudii
1371 1745 1473 1784 eorum.
1497 1748 1521 1786 o.
1542 1732 1567 1782 6.
1590 1730 1622 1783 is
1648 1730 1796 1784 cumdium
1814 1748 1910 1787 eoram

103 1836 132 1877 11.
146 1833 191 1877 uo,
215 1817 292 1885 repis
316 1817 405 1870 multo
426 1818 525 1880 fecisse
545 1821 570 1870 2.
589 1816 658 1889 aeg.
683 1823 721 1872 18.
748 1820 976 1888 (topraedictum
993 1837 1049 1874 esre
1075 1835 1131 1870 non
1147 1815 1241 1869 veniat
1260 1815 1357 1868 animo
1376 1832 1451 1883 meo,
1478 1823 1503 1869 et
1521 1816 1550 1869 in
1568 1824 1645 1870 costa
1665 1816 1781 1870 morum
1797 1835 1856 1874 non
1873 1818 1911 1873 ait

217 1904 252 1957 de
270 1920 317 1972 eo,
345 1905 422 1972 quod
433 1905 554 1970 saturus
570 1904 608 1957 sit
622 1912 707 1973 pater
726 1906 846 1958 omnium
864 1905 1049 1959 habitantium
1074 1903 1169 1971 gloria
1187 1919 1260 1970 mea,
1279 1903 1347 1971 orsio
1365 1902 1396 1954 in
1406 1902 1512 1968 furore
1529 1920 1578 1956 suo
1598 1903 1757 1957 occiderunt
1774 1904 1869 1959 nm
1884 1912 1911 1959 ot

216 1990 245 2042 in
265 1990 431 2046 Jerusalem.
469 1989 532 2044 Esa
552 1995 598 2053 22,
620 2008 644 2043 v.
664 1995 706 2046 21.
741 1990 828 2062 Atqui
848 1997 939 2047 textus
963 1990 1048 2047 Grae·
1075 1991 1105 2043 in
1128 1989 1266 2042 voluntate
1291 2007 1344 2042 auo
1371 1997 1567 2043 menteomni
1597 1990 1698 2046 docem.
1724 2007 1749 2044 o.
1770 1993 1793 2045 7.
1822 1991 1910 2046 maie·

216 2091 264 2130 cus
287 2074 351 2130 libri
375 2074 474 2131 iudith
498 2077 668 2132 sacerdotem
696 2077 772 2131 illum
799 2085 881 2133 vocat
909 2078 1048 2148 Jojaiim,
1075 2076 1164 2128 dietus
1193 2076 1279 2140 seror
1308 2091 1416 2138 comm,
1443 2075 1511 2143 quio
1536 2076 1671 2144 mutinae
1696 2083 1721 2129 et
1747 2075 1909 2145 indipnmio

214 2179 269 2216 nou
288 2161 424 2216 Eliaieim.
460 2161 689 2219 circumstantiae
707 2171 799 2220 textus
813 2163 843 2218 iu
859 2164 944 2219 Esaia
957 2172 1046 2221 osten·
1074 2178 1175 2224 sorum,
1195 2161 1263 2231 quio
1279 2161 1361 2214 dara.
1390 2160 1528 2214 Diuidam
1546 2177 1592 2214 eos
1609 2161 1640 2214 in
1655 2161 1747 2215 Jacoh
1760 2164 1909 2234 &disper

216 2248 298 2316 dunt,
322 2247 395 2303 hunc
420 2247 541 2303 Eliakim
561 2248 689 2304 functum
717 2267 776 2306 esse
794 2267 908 2306 munero
927 2251 1047 2323 politico,
1072 2265 1137 2315 pom
1155 2264 1201 2302 eos
1220 2248 1249 2301 in
1268 2247 1369 2302 Inruit.
1404 2247 1560 2303 Peccsmnt
1577 2265 1644 2320 ergo
1663 2246 1773 2304 Simeon
1790 2256 1820 2305 et
1837 2249 1908 2306 Levi

214 2335 262 2406 qui
288 2334 385 2406 procul
410 2334 496 2390 dubio
520 2334 687 2407 gubernarit
707 2352 824 2408 regnum
846 2336 935 2406 luda,
958 2338 1045 2394 donec
1073 2334 1166 2389 multis
1201 2334 1288 2389 modis
1339 2341 1359 2390 1.
1396 2335 1547 2390 exercendo
1578 2334 1729 2390 vindictam
1760 2336 1905 2408 privatam.

213 2420 356 2476 Manasscs
373 2438 406 2476 ex
423 2421 583 2493 captivitate
601 2423 705 2479 rediret
723 2431 752 2478 et
767 2430 864 2494 postea
888 2423 917 2477 in
939 2441 1047 2478 summa
1073 2426 1096 2477 2.
1128 2420 1288 2492 stringendo
1320 2421 1444 2493 gladium
1473 2422 1532 2477 sine
1558 2422 1611 2478 Dei
1638 2423 1778 2478 mandato.
1819 2430 1843 2479 ³.
1869 2423 1906 2480 ob

186 2570 190 2580 ¹
213 2506 349 2578 dignitate
383 2513 496 2578 propter
529 2506 640 2562 fidelem
670 2511 748 2581 regni
779 2509 1045 2567 administrationem
1072 2506 1153 2561 unius
1179 2507 1309 2562 delictum
1333 2507 1362 2561 in
1384 2513 1472 2562 totam
1496 2508 1592 2562 urbem
1616 2509 1775 2580 gramando.
1811 2516 1837 2568 4.
1859 2510 1906 2566 de

212 2595 286 2664 apud
304 2594 453 2648 Manassen
471 2603 500 2648 et
516 2593 677 2650 universum
693 2595 837 2666 populum,
853 2598 1043 2667 permansisse
1066 2582 1231 2664 'praedando
1248 2611 1303 2649 nou
1322 2594 1431 2662 hostes,
1450 2595 1499 2649 sed
1517 2595 1645 2665 hospites,
1665 2594 1801 2666 aquibus
1823 2595 1905 2653 boae

213 2678 268 2735 Sed
294 2679 429 2749 Jojekim,
453 2682 533 2751 cnjus
550 2680 620 2738 liber
637 2681 736 2738 iudith
754 2683 888 2752 meminit,
916 2684 1045 2740 ecclesie
1071 2681 1132 2735 vole
1151 2680 1261 2736 iuuant
1279 2680 1396 2753 accepti.
1426 2686 1449 2735 ⁵.
1467 2681 1576 2753 agendo
1593 2685 1689 2735 conus
1706 2681 1800 2736 dam
1812 2680 1902 2740 tidem

212 2765 282 2820 stico
307 2765 418 2820 innotus
444 2772 486 2821 est
508 2765 615 2837 officio,
640 2773 673 2823 ut
696 2774 724 2824 et
746 2786 846 2825 nomen
869 2775 899 2825 et
922 2771 1044 2826 actiones
1072 2772 1096 2822 6.
1113 2767 1335 2838 praesentissimo
1355 2768 1549 2824 internecionis
1567 2767 1689 2839 periculo
1706 2775 1852 2838 parentem
1873 2776 1901 2826 et

212 2857 358 2907 testantur.
404 2857 426 2908 6.
456 2851 486 2909 Si
511 2852 655 2924 instipsam
682 2855 828 2911 Manassae
855 2856 1044 2927 captivitatem
1070 2853 1203 2908 familiam
1231 2870 1310 2908 suam
1338 2853 1502 2925 objiciendo.
1547 2854 1586 2907 At
1613 2853 1705 2926 inquis
1731 2852 1834 2911 Ganos.
1864 2860 1903 2925 ct,

211 2937 279 2993 baec
304 2938 420 2993 historia
441 2938 552 3004 incidit,
576 2939 621 2994 vel
644 2940 719 3012 quod
741 2941 910 3011 probabilius
931 2944 1044 2999 tandem
1070 2958 1094 2994 v.
1123 2947 1146 2996 5.
1176 2940 1291 3009 dicitur,
1321 2941 1399 3010 qood
1422 2941 1503 2993 Deus
1529 2949 1636 2994 terrore
1666 2941 1767 2994 vicinis
1786 2941 1904 3013 populis

210 3024 378 3080 Bellsrmino
398 3024 523 3094 videtin,
549 3025 573 3079 si
598 3044 665 3098 rege
683 3027 812 3084 Manasec
834 3045 867 3083 ex
885 3028 1045 3100 captivitate
1071 3027 1180 3080 immeo
1200 3043 1247 3081 eos
1267 3026 1433 3094 cohdaerit,
1459 3042 1495 3079 ne
1512 3027 1651 3081 Jneooan
1665 3036 1823 3097 propterea
1841 3044 1902 3098 pen

208 3113 268 3182 jam
286 3128 395 3168 reverso
414 3112 538 3183 contigit,
556 3114 693 3184 quomodo
713 3115 767 3169 sibi
785 3121 904 3180 constat,
922 3117 996 3188 quod
1016 3117 1045 3170 in
1070 3121 1262 3183 aequerentar,
1289 3131 1354 3182 erpo
1379 3113 1475 3167 debinc
1491 3114 1606 3183 judicio
1625 3114 1711 3167 deleti
1727 3123 1791 3168 eunt
1811 3114 1901 3170 Siche-

211 3199 346 3270 principio
365 3199 464 3269 capitis
483 3199 572 3270 quinti
590 3200 755 3257 Holofernae
772 3203 894 3258 sentiens
912 3204 1044 3275 populum
1071 3200 1164 3255 mitae.
1210 3199 1294 3270 Resp.
1321 3199 1398 3255 Deus
1428 3205 1606 3271 praepostero
1636 3200 1683 3254 illo
1709 3199 1846 3258 Simeonis
1870 3218 1901 3258 sc

211 3287 382 3342 iudaeorum
403 3286 507 3341 bellum
525 3287 665 3358 meditari,
689 3290 846 3345 convocatis
872 3290 989 3346 ducibus
1012 3307 1044 3345 ac
1072 3285 1141 3340 levi
1163 3285 1222 3341 zelo
1247 3285 1283 3340 sd
1302 3285 1427 3356 justitiae
1452 3302 1518 3340 suae
1543 3285 1659 3358 gloriam
1677 3284 1749 3343 bene
1766 3304 1835 3342 usus
1853 3293 1899 3344 est

212 3373 352 3444 dynastis,
380 3373 489 3444 quaerit
512 3373 548 3429 ab
571 3374 639 3444 illis,
667 3377 729 3446 quis
753 3377 802 3431 ille
824 3377 947 3447 popmlus
969 3387 1044 3446 erret,
1071 3372 1305 3444 Distinguendum
1324 3372 1409 3445 igitur
1426 3375 1533 3445 justum
1555 3374 1609 3429 Dei
1628 3374 1766 3445 judicium
1796 3374 1834 3431 ab
1862 3375 1900 3432 im

212 3477 344 3529 mmmmm
368 3462 465 3514 decen
490 3461 622 3515 liaberet?
653 3461 734 3518 Certe
757 3464 780 3517 si
796 3463 938 3520 Manassen
961 3464 1045 3535 paulo
1069 3462 1146 3531 justa
1171 3459 1312 3515 hominum
1335 3460 1451 3517 actione.
1492 3459 1566 3516 Illud
1591 3461 1748 3517 nuendum
1772 3478 1807 3517 ac
1823 3478 1900 3535 prae
1920 3471 1951 3514 αἱ

212 3553 278 3602 ante
299 3546 398 3602 fuisset
416 3553 514 3618 captus
537 3564 554 3602 a
576 3566 641 3619 rege
660 3549 861 3606 Chaldaeorum
878 3560 906 3607 et
924 3551 1044 3623 Babylo·
1072 3545 1234 3611 dicandum,
1259 3546 1328 3603 baec
1343 3564 1409 3602 vero
1434 3547 1581 3619 culpabilis
1600 3564 1632 3602 ac
1651 3548 1824 3604 detestanda
1858 3547 1902 3606 Ad

213 3649 277 3688 nem
298 3635 468 3705 deportatus,
485 3652 537 3691 nec
548 3637 681 3707 populum
698 3655 750 3694 nec
767 3656 860 3711 regem
874 3639 1045 3695 iudaeorum
1072 3633 1125 3689 boc
1144 3633 1198 3690 Dei
1214 3634 1353 3704 judicium
1369 3633 1483 3705 respicit
1501 3632 1584 3688 etism
1601 3633 1722 3690 lacobus
1740 3634 1901 3706 patrimum

184 3728 187 3735 “
211 3717 375 3775 Holofernae
394 3735 427 3774 ac
445 3718 579 3775 Chaldaei
597 3722 725 3794 ignorare
750 3725 911 3794 potuissent
947 3733 970 3780 ’1.
989 3726 1044 3781 De·
1072 3720 1183 3790 qundo
1209 3719 1279 3775 Gen·
1306 3726 1398 3787 ⁴18,st
1422 3725 1462 3776 ²²·
1492 3720 1646 3777 sichem
1672 3720 1796 3792 J⁰⁸⁰Ph⁰
1820 3722 1902 3795 ¹08&

211 3807 295 3877 nique
317 3806 341 3860 si
369 3806 413 3860 vel
436 3805 465 3860 in
491 3807 679 3878 captivitatem
696 3808 832 3865 Manassis
856 3810 924 3865 haec
943 3811 1044 3866 incide·
1071 3806 1166 3877 sicque
1190 3806 1280 3861 malae
1301 3805 1367 3861 fidei
1389 3805 1592 3876 possessoribus
1613 3822 1675 3861 eam
1699 3806 1793 3880 eripit,
1817 3822 1901 3864 mma

211 3900 289 3957 runt,
314 3892 359 3946 vel
382 3893 474 3947 statim
498 3901 563 3965 post
591 3895 711 3951 reditum
736 3898 795 3966 ejus
824 3914 857 3953 ex
883 3897 1044 3967 captivitate
1070 3898 1168 3948 verant
1186 3893 1259 3948 enim
1279 3891 1384 3963 sliquos
1402 3909 1435 3947 ex
1452 3891 1558 3947 familia
1577 3893 1673 3964 patris,
1691 3893 1765 3948 unde
1778 3893 1901 3952 Jacobs

211 3984 292 4049 gesta
309 3986 381 4046 sunt,
400 3981 538 4050 quomodo
555 3981 608 4035 sibi
626 3988 746 4050 constat,
765 3984 841 4055 quod
857 3983 975 4055 populus
994 3984 1043 4039 ‹Ju-
1070 3979 1106 4035 de
1134 3998 1219 4033 mona
1246 3979 1399 4034 Amorraei
1423 3981 1453 4033 in
1482 3980 1583 4047 gladio
1607 3988 1633 4034 et
1659 3997 1730 4034 arou
1755 3998 1809 4036 suo
1834 3998 1901 4052 pem

212 4064 309 4118 daicus
327 4064 433 4135 legatos
450 4065 524 4137 regis
535 4064 752 4137 Babyloniorum
770 4076 828 4123 tam
848 4069 1044 4126 contumeliose
1071 4075 1123 4121 tem
1152 4067 1231 4120 illem
1262 4084 1291 4120 ee
1317 4067 1413 4121 tulisse
1439 4067 1541 4123 merit.
1582 4067 1835 4139 Distinguendum,
1863 4068 1901 4124 in·

210 4157 345 4206 mactasse
371 4158 399 4205 et
420 4150 602 4222 ignominiose
628 4153 763 4208 dimisisse
787 4163 953 4210 memoratur
976 4172 1000 4210 c.
1022 4163 1043 4225 1,
1071 4170 1166 4225 quam,
1200 4152 1274 4207 inter
1310 4153 1467 4224 passionem
1497 4151 1707 4209 sichemitarum
1734 4153 1843 4224 justam
1875 4158 1902 4208 st

211 4255 237 4294 v.
261 4244 298 4292 11.
330 4254 393 4292 cum
413 4236 630 4309 Babyloniorum
653 4247 682 4295 et
706 4240 878 4296 clementiam
898 4249 927 4296 et
948 4250 1043 4313 poten·
1070 4239 1205 4294 actionem
1224 4237 1358 4294 Sitneonis
1376 4245 1404 4293 et
1419 4238 1487 4294 leri
1504 4239 1644 4310 injustam.
1681 4237 1901 4296 CobibuitDeos

210 4324 278 4378 tiam
300 4323 384 4379 fuerit
410 4324 558 4395 expertus?
601 4325 679 4382 Haec
704 4328 796 4381 omnis
822 4327 926 4399 liquido
953 4334 1043 4383 osten·
1070 4326 1182 4390 vicium,
1200 4343 1255 4380 non
1272 4325 1347 4396 quod
1364 4325 1469 4379 factum
1487 4324 1622 4381 Simeonis
1638 4324 1743 4381 etlevi
1760 4324 1900 4396 probaret,

211 4410 288 4478 dunt,
307 4426 363 4463 non
380 4425 462 4480 posse
482 4409 543 4465 dari
563 4419 667 4466 certum
684 4418 803 4484 tempus,
822 4413 867 4467 cni
881 4421 1044 4486 congruant,
1070 4414 1118 4469 sed
1143 4412 1208 4484 quia
1224 4411 1331 4466 Jacobo
1355 4416 1383 4465 et
1407 4409 1529 4466 familiae
1552 4411 1626 4482 ejus,
1652 4427 1724 4482 quae
1745 4418 1807 4467 erat
1822 4411 1900 4468 seua

211 4510 282 4567 quae
295 4495 330 4549 >in
348 4494 401 4549 boc
420 4494 490 4550 libro
507 4504 699 4552 memorantur.
735 4498 763 4554 Si
781 4500 855 4553 enim
872 4506 936 4555 ante
954 4517 1043 4555 rever·
1070 4498 1216 4566 ecclesiae,
1241 4501 1415 4569 prospectum
1435 4496 1528 4551 voluit.
1564 4495 1662 4567 Neque
1679 4512 1744 4552 voro
1761 4513 1814 4568 per
1830 4497 1900 4555 bnt

211 4582 313 4636 sionem
342 4580 438 4650 populi
466 4599 499 4637 ex
524 4582 670 4653 Babylone
696 4583 884 4656 contigerunt,
917 4603 988 4657 quse
1014 4586 1043 4639 in
1070 4583 1272 4639 distinctionem
1301 4588 1492 4653 argumentum
1518 4589 1641 4637 nostrum
1671 4586 1768 4638 conus
1791 4583 1900 4640 moui·

210 4667 262 4722 hoc
280 4665 350 4720 libro
372 4675 569 4732 memorantur,
594 4668 695 4723 salsum
720 4678 774 4735 est,
801 4672 875 4742 quod
898 4676 957 4726 tum
975 4678 1042 4725 tem·
1070 4688 1130 4726 cam
1160 4669 1245 4741 hujus
1272 4667 1337 4722 libri
1363 4667 1554 4722 auctoritatem
1583 4667 1667 4724 everti
1695 4675 1795 4738 potest
1839 4669 1901 4728 lun

211 4753 290 4823 plum
317 4751 376 4807 solo
399 4752 483 4806 fuerit
502 4759 666 4825 aequatum,
690 4755 764 4826 quod
782 4763 875 4812 tamen
891 4756 1044 4812 affirmatur
1070 4758 1141 4812 cuim
1168 4757 1222 4812 Dei
1250 4755 1386 4827 judicium
1416 4754 1550 4809 duntaxat
1575 4753 1675 4810 Juditb
1699 4755 1828 4827 respicit,
1852 4755 1900 4813 sod

213 4855 237 4893 c.
256 4846 284 4907 5,
309 4855 336 4892 v.
359 4845 400 4894 22.
446 4838 475 4895 Si
497 4846 561 4910 post
585 4841 768 4896 reversionem
793 4860 836 4898 res
860 4843 925 4898 illae
949 4850 1043 4916 gestae
1069 4846 1158 4915 ipsum
1190 4842 1323 4899 Simeonis
1352 4849 1380 4897 et
1407 4841 1475 4896 Levi
1503 4840 1606 4896 factum
1632 4841 1734 4895 laudat.
1771 4841 1898 4914 Lyranus

212 4930 290 4994 sunt,
312 4923 414 4979 falsum
438 4930 492 4993 est,
516 4925 589 4997 quod
616 4924 651 4980 de
675 4925 747 4983 bello
766 4928 1043 4985 Nabuchodonosoris
1070 4929 1215 5002 distinguit
1244 4928 1316 4983 inter
1343 4927 1432 4981 zelum
1458 4933 1487 4982 et
1508 4928 1619 4982 modum
1637 4927 1703 4996 aeli,
1729 4926 1826 4998 illum,
1847 4945 1899 4985 nou

212 5017 308 5065 contra
325 5010 476 5080 Arphaxad
494 5018 661 5066 memoratur
679 5029 701 5066 c.
724 5019 752 5082 1,
776 5032 802 5067 v.
827 5022 850 5071 5.
876 5033 940 5071 cum
957 5017 1042 5088 Assy·
1069 5033 1133 5071 vero
1151 5016 1224 5070 bunc
1242 5031 1259 5069 a
1279 5013 1397 5069 luditha
1413 5013 1520 5069 laudari
1539 5014 1613 5068 dicit
1648 5012 1735 5085 Atqui
1753 5030 1807 5070 nec
1824 5014 1897 5071 selus

211 5095 246 5149 rii
264 5102 292 5150 et
310 5096 386 5151 Medi
402 5102 469 5150 tunc
486 5099 628 5167 paruerint
643 5099 704 5170 regi
721 5097 876 5157 Persarum.
1069 5120 1119 5157 nec
1139 5102 1191 5156 reli
1208 5101 1305 5156 modus
1325 5101 1354 5155 in
1371 5099 1498 5156 Simeone
1517 5107 1545 5154 et
1562 5098 1630 5154 Isari
1648 5099 1761 5154 laudem
1773 5108 1897 5158 matur.

85 5209 171 5255 gg„
251 5188 307 5238 194.
355 5189 379 5239 3.
410 5179 480 5236 cum
512 5182 578 5236 fidei
613 5184 744 5257 analogia
774 5203 829 5241 non
863 5189 1042 5261 undiquaque
1068 5188 1190 5246 Jacobue
1213 5186 1285 5243 enim
1298 5189 1430 5255 finenem
1453 5194 1479 5239 et
1497 5187 1670 5255 iniquitatem
1688 5201 1752 5241 eum
1770 5186 1898 5258 appellat,

87 5264 192 5314 sennen
211 5268 346 5338 congruit.
372 5267 403 5324 (i.
421 5272 445 5337 lt,
462 5286 487 5322 v.
507 5275 530 5324 2.
551 5270 720 5340 approbatur
737 5272 842 5327 iactum
863 5274 999 5329 Simeonis
1018 5284 1043 5329 et
1068 5275 1184 5347 proinde
1202 5290 1256 5328 non
1276 5273 1330 5329 fuit
1347 5273 1422 5329 relus
1440 5271 1529 5327 bouus
1549 5278 1577 5327 et
1593 5271 1743 5327 laudabilis
1762 5271 1897 5345 aspuiu

87 5317 197 5362 undique

87 5379 129 5416 que
147 5376 198 5407 enm
213 5355 288 5422 Leni,
305 5355 354 5425 qui
371 5354 534 5412 Sichemitas
554 5364 649 5412 contra
664 5367 776 5429 pactum
795 5377 828 5415 sc
846 5361 938 5416 datam
956 5361 1041 5418 fidem
1068 5362 1121 5418 Dei
1144 5360 1277 5433 originem
1299 5360 1411 5415 trahens
1439 5367 1467 5414 et
1490 5359 1525 5413 ad
1550 5358 1603 5412 Dei
1630 5357 1747 5430 gloriam
1769 5359 1896 5427 directus,

85 5421 305 5521 iggi,⁸,”‘·gua10
339 5440 542 5499 sucronemne.
582 5441 628 5499 su
664 5447 736 5501 enm
770 5448 1222 5505 interannuntiantem
1259 5447 1393 5520 petamus
1426 5461 1459 5500 se
1491 5444 1661 5501 uenenum
1694 5463 1729 5501 ex
1760 5446 1896 5503 musae

214 5528 335 5581 Domine
360 5530 438 5581 Dein
457 5529 551 5597 paon
576 5531 632 5584 nei
649 5532 777 5603 simeon,
801 5535 852 5604 φη·
873 5534 977 5588 ecum
997 5535 1045 5589 iiie·
1069 5533 1271 5607 capicium-ac
1287 5531 1402 5604 proinde
1420 5548 1439 5587 ι
1454 5540 1639 5588 mensorem.
