3984 6022
730 297 781 383 na
801 296 1016 355 9991119111
1035 298 1167 356 sacar.
1738 312 1792 369 ιιι

96 446 257 513 &luatur-ie
281 449 519 505 cousulant
538 458 563 504 91
582 453 616 505 de
638 451 780 506 9111919199
803 451 933 505 Salvato-
960 452 1049 506 sabae
1071 449 1181 511 nomino
1204 454 1342 511 lobannis
1366 454 1471 525 scripta
1492 454 1587 510 multis
1612 461 1641 510 et
1658 456 1796 526 apertissi-

95 533 333 603 n'sopocryplus.
361 534 455 605 Liber,
473 537 524 606 qui
540 538 702 607 appellatur
718 538 847 591 Pastoris
865 555 932 607 apo·
959 538 1011 593 mis
1038 548 1103 595 sunt
1131 547 1326 614 coagmentata
1352 539 1511 596 mendaciis.
1537 541 1637 598 Baron.
1663 559 1725 598 aun.
1754 551 1795 600 51.

95 619 231 689 crgplrus,
255 628 304 674 etc.
342 622 440 691 Liber,
464 624 514 691 gui
536 623 700 693 appellatio
725 624 813 678 Actus
833 623 933 677 Tecloe
959 644 984 678 n.
1004 633 1045 684 51.
1081 626 1170 683 ititDc
1187 627 1303 700 Apocah
1323 626 1404 682 Pauli
1423 627 1483 698 agit
1500 626 1575 698 Aug.
1600 631 1739 684 1199198.
1767 628 1796 682 in

95 711 120 759 α
145 705 233 758 Pauli
253 707 438 777 apomptua.
481 710 644 773 1191919119,
671 726 743 778 quae
769 710 934 780 appellatur
958 709 1019 766 Joh.
1037 712 1082 766 De
1098 713 1147 767 lib.
1161 712 1285 769 Thomas
1302 719 1389 784 apost
1418 712 1497 768 Idem
1515 713 1595 782 epist
1615 717 1664 779 38,
1682 712 1792 784 (199111-

94 789 190 860 Pauli,
209 792 381 862 apocrypho.
416 794 570 863 Reoelotio,
590 812 662 864 quae
681 795 844 865 appellatur
861 795 932 849 Tho·
959 797 1035 852 stoiis
1057 798 1204 869 adscriptis
1234 799 1365 870 apostolis
1391 798 1465 853 idem
1489 799 1519 853 in
1542 792 1644 852 Psalm.
1670 804 1726 862 42..
1750 798 1794 855 De

93 893 168 941 orae,
194 878 367 948 apocrypho.
408 880 565 948 lleoelotio,
592 897 664 949 quac
688 881 850 949 appellator
874 881 932 935 Ste-
958 882 1029 937 libro
1059 883 1154 938 Enoch
1187 885 1259 938 idem
1283 883 1330 937 lib.
1357 889 1395 939 18.
1425 884 1461 938 de
1484 883 1534 937 civ.
1560 882 1594 936 D.
1624 899 1647 937 c.
1672 889 1727 947 38.,
1759 884 1794 939 dc

86 961 193 1032 plani,
213 965 386 1033 apocrypho.
423 965 515 1034 liter,
537 966 587 1035 qui
602 966 764 1035 appellatur
783 967 933 1020 Troositua
958 968 1076 1041 epistola
1098 970 1135 1024 ab
1160 971 1220 1040 ipso
1242 969 1351 1025 Christo
1379 969 1485 1039 scripta
1509 968 1581 1022 idem
1600 968 1647 1024 lib.
1668 973 1709 1024 29.
1729 984 1793 1022 con·

92 1048 349 1112 99991991199199,
368 1051 553 1119 apocryphus.
589 1052 682 1120 Liber,
701 1053 751 1120 qui
770 1051 933 1121 appellator
957 1059 1001 1108 tra
1026 1055 1121 1112 Faust.
1148 1072 1171 1109 c.
1200 1059 1259 1112 tii*
1307 1055 1456 1126 Epistulae
1482 1055 1571 1107 Pauli
1595 1056 1636 1106 ad
1660 1054 1793 1108 Senecam

94 1131 164 1191 sorr
181 1135 383 1205 apostolorum,
402 1137 586 1206 apocryphus.
612 1138 693 1190 Liber
706 1136 849 1192 09999991
864 1155 932 1207 apo·
957 1139 1105 1196 multorum
1123 1142 1326 1197 mendaciorum
1339 1141 1546 1196 convincuntur.
1559 1138 1658 1193 Barea.
1672 1156 1736 1194 ann.
1753 1145 1793 1195 96.

91 1219 228 1275 stolorum
253 1222 437 1292 apocryphus.
479 1221 557 1277 Haec
582 1222 694 1277 omnine
715 1221 857 1291 Gelasius,
884 1223 932 1295 qui
958 1245 984 1279 n.
1012 1233 1051 1282 11.
1073 1226 1138 1282 11991
1161 1227 1197 1280 ab
1222 1226 1392 1298 Hieronymo
1419 1227 1449 1280 in
1475 1225 1557 1280 catal.
1584 1231 1612 1278 et
1635 1224 1793 1295 Augustino

92 1305 253 1362 9991911199
288 1307 397 1365 illorum
433 1307 567 1364 librorum
602 1308 748 1364 haereticis
785 1309 933 1365 9991119199
957 1311 1038 1382 epist.
1060 1318 1099 1369 11,
1123 1329 1187 1366 cum
1209 1312 1294 1371 laude
1313 1312 1439 1366 citantur.
1475 1311 1541 1368 Sixt.
1561 1310 1673 1366 Senens.
1697 1310 1744 1366 lib.
1770 1317 1792 1366 1.

91 1397 190 1462 postea
208 1392 361 1448 denuntiat
958 1396 1090 1452 Biblioth.
1113 1403 1225 1453 9999199
1247 1416 1274 1470 p.
1299 1405 1331 1453 49
1358 1414 1390 1452 ex
1417 1397 1566 1452 Francisco
1591 1396 1738 1452 Alvarenio
1764 1396 1792 1451 in

125 1481 186 1534 303.
205 1477 263 1535 Sub
282 1479 391 1534 nomine
408 1481 478 1533 Lini
497 1483 533 1535 de
547 1481 683 1548 passione
705 1482 786 1534 Petri
801 1488 827 1534 et
843 1480 934 1535 Pauli
957 1482 1098 1539 itinerario
1128 1482 1292 1553 Aethiopico
1321 1483 1421 1550 refert,
1451 1483 1650 1551 Apostolorum
1681 1483 1791 1544 librum,

91 1562 189 1637 scripti
208 1570 274 1621 sunt
290 1565 405 1636 quidam
423 1565 487 1622 libri
504 1565 647 1637 abaliquo
659 1573 802 1637 nugatore.
832 1566 931 1623 Narrat
956 1585 1039 1639 quem
1056 1569 1110 1639 ipsi
1126 1569 1156 1624 in
1168 1568 1321 1626 Jerusalem
1340 1568 1421 1622 simul
1441 1567 1603 1640 congegati
1614 1567 1791 1637 scripserunt,

90 1647 180 1704 multa
203 1649 238 1705 de
262 1650 332 1706 actis
358 1669 379 1706 s.
400 1651 490 1721 Petri,
519 1668 591 1724 quae
617 1657 659 1708 vel
684 1651 756 1708 falsa
781 1660 858 1721 sunt,
887 1653 931 1708 vel
957 1653 1128 1710 Christianos
1157 1654 1311 1725 Aethiopes
1344 1654 1372 1708 in
1401 1647 1568 1723 Aethiopica
1595 1652 1692 1723 lingua
1731 1654 1792 1723 pari

90 1740 166 1791 certe
184 1735 277 1793 dubia.
313 1737 469 1808 Agrippam
493 1737 563 1792 dicit
587 1737 674 1793 tuisse
698 1739 869 1808 praefectum
887 1756 930 1793 ur·
957 1757 1020 1794 cnm
1049 1740 1149 1794 divinis
1174 1740 1360 1796 voluminibus
1383 1740 1485 1795 honore
1509 1739 1641 1795 reamari.
1685 1738 1792 1794 Kiraio-

90 1818 135 1876 bis
157 1826 281 1892 tempore
304 1823 440 1893 passionis
467 1823 560 1891 Petri,
585 1828 669 1894 atque
693 1824 729 1878 ab
746 1823 799 1879 isto
814 1824 930 1884 ,Petrum
956 1826 1019 1881 nius
1043 1827 1126 1881 etiam
1150 1828 1177 1881 in
1202 1826 1320 1898 praefat.
1343 1825 1464 1882 Gramm.
1484 1823 1623 1880 Arabiam
1645 1843 1672 1895 p.
1692 1831 1716 1880 5.
1736 1841 1790 1880 me-

90 1902 178 1961 nure
191 1906 387 1975 occisumsine
400 1925 537 1965 consensu
548 1909 729 1980 imperatoris,
748 1927 833 1982 aquo
846 1909 929 1966 ctiam
956 1918 1058 1980 morat,
1076 1930 1137 1968 esse
1155 1912 1259 1983 scripta
1276 1912 1474 1983 apostolorum,
1492 1927 1565 1982 quae
1581 1909 1610 1963 in
1625 1908 1681 1965 alia
1695 1908 1792 1980 lingua

91 1989 120 2045 id
144 1990 250 2046 lactum
275 1993 360 2048 fuerit
385 1994 586 2065 improbatum·
624 1995 744 2051 Uxorem
767 1994 866 2051 Albini
891 1995 931 2050 ita
954 1996 1046 2065 nulla,
1081 2013 1163 2068 quam
1192 1995 1316 2051 Arabica
1346 1996 1491 2052 habentur.
1536 1995 1647 2048 Multas
1676 1994 1790 2064 (inquit)

90 2075 211 2132 aPetro
228 2079 356 2134 edoctam
372 2080 533 2151 repudiasse
551 2074 660 2136 thorum
678 2080 731 2134 viri
748 2079 785 2136 ob
809 2096 929 2137 amorem
955 2083 1046 2136 Pauli
1079 2083 1213 2152 epistolas
1248 2083 1423 2152 aliorumque
1458 2081 1649 2150 apostolorum
1684 2081 1791 2148 scripto

90 2162 243 2234 9911119111,
263 2164 346 2220 stiam
364 2167 532 2222 reclamante
552 2167 664 2235 marito,
684 2165 796 2231 asserit,
814 2167 869 2221 imo
888 2172 930 2222 tot
953 2169 1064 2221 Arabes
1087 2167 1187 2221 tatere
1204 2168 1349 2236 dicuntur,
1373 2183 1445 2236 quoe
1470 2168 1594 2219 nondum
1614 2165 1642 2217 io
1662 2164 1730 2218 aliis
1749 2180 1791 2217 99-
1836 2200 1837 2204 ,
1930 2210 1944 2219 .

89 2253 180 2303 scatet
204 2247 322 2320 fabulis,
353 2259 386 2306 ut
414 2251 450 2307 ab
482 2252 550 2322 ipsis
577 2251 730 2307 Pontificiis
759 2252 928 2323 repudietur.
955 2260 1030 2307 stant
1048 2253 1161 2321 linguis.
1197 2252 1253 2309 Sed
1278 2253 1302 2307 si
1326 2253 1370 2307 vel
1394 2251 1513 2307 maxime
1537 2251 1573 2304 ab
1593 2247 1725 2321 apostolis
1742 2248 1791 2304 illa

89 2331 192 2389 Baron.
216 2341 282 2392 tom.
308 2343 328 2392 l.
354 2337 445 2393 annal.
465 2355 529 2408 ann.
550 2343 591 2394 66.
610 2356 635 2392 n.
656 2344 695 2394 14.
713 2354 777 2393 ann.
797 2344 838 2395 69.
856 2357 884 2393 n.
904 2344 928 2394 6.
954 2338 1059 2410 scripta
1084 2344 1177 2394 essent
1202 2338 1341 2410 profecta,
1369 2355 1425 2392 non
1452 2343 1545 2390 tamen
1573 2340 1665 2391 essent
1695 2339 1790 2405 partes

87 2435 153 2475 91111.
175 2425 217 2477 89.
237 2439 262 2476 n
282 2429 306 2477 4.
324 2421 452 2477 Bellarm.
471 2423 519 2478 lib.
539 2429 562 2479 2.
582 2423 617 2477 de
634 2423 713 2478 Rom.
734 2422 836 2480 Pontis.
865 2440 888 2477 c.
906 2430 928 2480 9.
955 2424 1115 2495 Scripturas
1132 2423 1292 2491 canonicae,
1311 2431 1343 2480 ut
1357 2430 1454 2495 patere
1472 2427 1564 2493 potest
1581 2438 1615 2475 ex
1632 2420 1699 2487 illis,
1717 2437 1789 2491 quae

87 2503 124 2561 de
148 2502 244 2577 script.
268 2507 363 2563 eccles.
390 2526 417 2578 p.
439 2516 480 2564 55.
510 2507 633 2564 Bisciola
655 2515 720 2564 tom.
742 2515 763 2566 1.
786 2526 814 2579 p.
835 2516 875 2565 58.
901 2506 928 2584 ξ.
955 2511 1031 2567 diota
1048 2518 1114 2565 sunt
1131 2511 1259 2582 superius
1279 2510 1308 2563 in
1326 2507 1500 2581 quaestione,
1527 2523 1563 2561 an
1586 2505 1650 2560 libri
1676 2505 1789 2576 quidam

86 2589 168 2649 Paul.
177 2597 230 2648 etc.
256 2594 341 2646 Ls'ber
354 2595 502 2663 passionis
516 2596 652 2648 Andreas
669 2593 860 2665 supposititius
878 2601 928 2664 est,
954 2596 1080 2652 canonici
1101 2597 1237 2666 perierint.
1272 2595 1342 2650 Jure
1357 2594 1443 2666 igitur
1460 2590 1641 2649 casaubonus
1658 2606 1747 2648 exerc.
1766 2597 1788 2646 1.

87 2693 152 2733 cum
175 2677 253 2732 nulla
270 2679 330 2749 ejus
355 2679 430 2750 apud
454 2679 584 2751 probatos
605 2687 730 2736 auctores
749 2680 800 2735 fiat
818 2680 928 2748 91911119,
954 2681 990 2736 ad
1009 2682 1110 2739 Baron.
1134 2699 1158 2737 c.
1181 2688 1204 2737 3.
1226 2701 1254 2753 p.
1279 2686 1321 2738 29.
1346 2679 1550 2735 multitudinem
1566 2676 1789 2748 apocryphorum

87 2778 124 2819 aa
143 2762 257 2834 quidem
275 2765 352 2835 apud
368 2765 443 2829 illos,
468 2765 516 2837 qui
538 2766 697 2838 catalogum
719 2770 843 2822 veterum
862 2767 926 2821 scri·
953 2766 1117 2838 scriptorum
1135 2768 1293 2839 expendens
1308 2765 1498 2838 conqueritur:
1518 2765 1618 2816 Prima
1637 2763 1790 2817 111999919-

87 2854 200 2919 ptorum
224 2867 257 2905 ex
280 2851 405 2921 professo
429 2858 642 2918 contexuerunt,
669 2857 740 2922 puta
764 2851 925 2920 Eusebium,
953 2853 1013 2907 9199
1034 2852 1212 2908 Christianae
1231 2855 1300 2908 colo
1319 2853 1488 2923 prolusisse
1511 2850 1617 2919 sorpta
1636 2848 1726 2917 plena
1742 2851 1789 2913 fa·

86 2932 303 3006 Hieronymum,
336 2935 526 3007 Gennadium,
557 2941 610 2993 etc.
647 2936 716 2993 Bell.
757 2938 792 2991 de
830 2938 924 3008 script.
953 2939 1096 3002 bolarum,
1117 2940 1206 3009 plena
1224 2939 1433 3009 aptissimorom
1458 2937 1681 3002 mendaciorum,
1709 2936 1789 3003 99ρω

72 3019 184 3076 ‚sodes
204 3039 231 3092 p.
258 3028 299 3078 69.
322 3040 372 3093 pro
395 3022 526 3080 historiae
551 3022 625 3078 illius
651 3023 780 3092 veritate,
807 3023 926 3094 antiqui-
952 3027 1060 3093 asneriis
1084 3025 1196 3096 (inquit)
1221 3032 1301 3078 eram
1321 3023 1427 3078 01191911·
1448 3021 1620 3089 conspolium
1639 3021 1789 3072 samarium
1866 3048 1869 3052 -

86 3110 146 3162 tate
157 3113 274 3177 pugnat,
286 3107 337 3163 sed
349 3109 518 3180 argumentis
530 3126 665 3182 perquam
677 3108 801 3164 infimis.
813 3110 926 3163 Abdico
952 3111 1119 3181 Aegyptios,
1139 3112 1223 3165 aliod
1238 3112 1388 3164 secusdum
1406 3110 1562 3174 Hebraeos,
1580 3122 1697 3174 quorum
1714 3105 1788 3156 19911·

87 3191 160 3246 libor
187 3193 223 3246 do
248 3193 312 3246 citis
337 3195 528 3262 apostolorum
555 3201 599 3250 est
624 3194 738 3250 fictitius
763 3211 797 3249 ac
825 3211 926 3265 suppo·
952 3198 1053 3250 moniis
1076 3216 1131 3251 999
1154 3196 1238 3250 semel
1256 3196 1339 3250 etiam
1360 3196 1485 3250 Clemens
1502 3190 1715 3246 Alexandrinus
1735 3190 1788 3243 uss·-

87 3275 199 3332 n'titins.
244 3277 382 3334 Recenset
404 3278 514 3335 tabulas
536 3280 598 3335 illas
624 3280 659 3336 de
683 3279 720 3336 D.
741 3279 865 3349 Thema,
890 3279 926 3334 de
951 3291 1010 3351 tur,
1037 3283 1125 3336 Pauli
1148 3278 1326 3350 evaporando,
1351 3282 1386 3335 de
1411 3297 1465 3349 quo
1488 3276 1668 3347 Epiphanius
1689 3283 1788 3330 999199

88 3361 124 3418 1).
142 3361 299 3433 1191111999,
322 3365 359 3419 D.
378 3365 501 3435 Andrea,
519 3367 553 3422 D.
572 3365 726 3421 Maximilla
741 3365 838 3437 lugetis
862 3383 925 3422 con·
954 3369 1096 3438 Gaianas,
1123 3368 1267 3421 191991ιὲ9
1297 3366 1422 3436 apostoli
1449 3367 1491 3418 od
1516 3363 1640 3417 Parthos
1669 3363 1787 3431 epistola

83 3449 170 3521 juge,
194 3466 265 3520 quas
283 3444 460 3522 Augustinus
481 3451 529 3506 lib.
556 3452 592 3506 de
620 3450 668 3505 lid
689 3458 786 3506 contra
804 3450 925 3508 Manich.
952 3454 1064 3521 (eruditi
1082 3462 1175 3509 tamen
1192 3458 1314 3521 censent,
1332 3452 1410 3506 illam
1427 3468 1487 3506 esse
1506 3449 1670 3506 catholicam
1684 3448 1788 3504 lohan-

87 3550 111 3588 c
139 3539 183 3590 ³8.
209 3541 239 3590 ct
263 3542 360 3591 contra
385 3535 575 3592 Adimantium
599 3553 623 3590 c.
650 3543 690 3592 11.
714 3554 733 3591 a
755 3535 926 3593 Manichaeis
951 3540 994 3595 nis
1013 3539 1157 3611 epistolam
1174 3540 1204 3594 in
1222 3539 1319 3596 ordine
1339 3538 1472 3609 primam,
1496 3552 1568 3607 quae
1591 3535 1715 3607 genuina
1732 3539 1788 3602 cst)

87 3619 222 3679 contum
246 3620 332 3676 fuisse
355 3628 482 3679 testatur.
530 3623 589 3679 Nec
618 3623 677 3677 ulla
703 3621 788 3693 hujus
814 3622 925 3677 Abdiae
954 3626 1055 3680 019191
1067 3626 1233 3696 prophetia,
1257 3624 1369 3692 Moyss's
1391 3622 1596 3692 Apoealypsis,
1614 3621 1701 3675 Elias
1719 3638 1787 3690 opo-
1810 3685 1813 3690 .

86 3705 131 3765 vel
158 3705 294 3762 librorum
316 3709 376 3779 ejus
402 3707 436 3764 111
451 3708 554 3763 mentio
570 3709 646 3778 apud
662 3707 790 3781 antiquos
810 3707 924 3778 scripto·
951 3712 1066 3781 crypta,
1082 3711 1225 3765 Jeremiae
1242 3709 1419 3780 apocrypha,
1438 3707 1581 3761 Mattiaci
1597 3707 1721 3777 apostoli
1738 3727 1788 3758 rra·

85 3809 146 3856 res.
170 3793 247 3848 unde
269 3795 344 3865 apud
368 3794 443 3865 ipsos
468 3793 627 3849 Pontificius
654 3793 802 3864 scriptores
824 3793 926 3865 exigua
952 3796 1083 3869 pudicas.
1118 3795 1216 3867 Pergit
1237 3794 1433 3850 Casaubonus:
1471 3792 1593 3847 09911111·
1615 3792 1741 3845 Romani
1763 3799 1788 3844 et

85 3884 129 3935 eat
151 3879 214 3950 ejus
236 3879 393 3935 auctoritas.
412 3879 512 3935 3111911
535 3897 599 3935 ann.
622 3886 663 3936 44.
686 3898 712 3934 11
736 3886 924 3936 41911151.
955 3883 1068 3938 Gslcsii
1094 3899 1192 3951 popae
1213 3881 1361 3948 insiguiter
1384 3879 1510 3932 salutare
1535 3880 1674 3931 demetam
1701 3884 1788 3930 999191

85 3982 112 4020 u.
132 3964 316 4020 ttBellarm
336 3965 481 4036 descript
501 3965 599 4021 eccles.
617 3970 684 4021 scot.
707 3971 729 4021 1.
762 3964 924 4021 Gualterius
952 3969 1064 4038 injure
1083 3967 1217 4022 canonico
1241 3965 1306 4020 dist.
1332 3970 1371 4020 15.
1395 3982 1449 4033 quo
1473 3964 1541 4016 libri
1563 3964 1647 4033 hujus
1670 3963 1787 4024 farinae

84 4049 114 4107 iu
133 4050 218 4108 secui
239 4051 319 4122 prim.
336 4068 399 4124 pag.
416 4056 453 4106 18.
471 4051 598 4106 Molanus
619 4051 655 4107 de
669 4050 718 4106 fid.
736 4049 839 4106 haeret.
853 4068 924 4107 serv.
946 4054 1068 4126 plurimi
1091 4062 1117 4106 et
1141 4059 1317 4106 recensentur
1339 4058 1365 4103 et
1382 4051 1566 4117 damnantur,
1588 4049 1729 4117 quaestam
1747 4056 1787 4100 ta·

84 4135 126 4193 lib
158 4141 181 4192 1.
198 4152 222 4192 e.
241 4142 328 4192 1919.
357 4135 391 4191 In
405 4135 680 4207 Ortbodoxographia
695 4142 807 4207 patrum
819 4142 884 4190 tom.
903 4143 925 4192 1.
950 4157 1012 4210 meo
1030 4139 1167 4207 hodieque
1183 4135 1419 4204 manentjudisio
1439 4135 1568 4201 omnium,
1586 4135 1636 4203 qui
1652 4134 1681 4187 ia
1698 4133 1787 4187 literis

85 4238 114 4293 p.
138 4227 180 4277 rt.
207 4227 297 4278 919191
321 4222 564 4290 Proteoaopelium
588 4222 694 4276 Jacobs·
720 4224 756 4276 ds
783 4221 924 4276 natalibus
951 4225 1065 4294 aliquid
1080 4224 1183 4291 vident,
1207 4223 1424 4295 ψειιδεπιγραφα
1450 4228 1475 4273 91
1492 4221 1523 4273 io
1540 4221 1657 4274 eundem
1676 4236 1787 4273 censum

84 4306 113 4365 J.
131 4305 164 4364 0.
190 4311 220 4363 et
241 4306 328 4377 ipsius
354 4307 451 4362 matris
479 4305 610 4378 virginis,
637 4308 712 4378 quod
737 4306 791 4363 sub
815 4306 926 4362 nomine
950 4311 1127 4378 referenda,
1143 4317 1173 4361 ut
1192 4308 1272 4362 Petri
1291 4308 1433 4381 neptuim,
1454 4305 1601 4361 0199199119
1622 4303 1786 4371 recognitio·

87 4393 157 4449 labri
177 4394 215 4446 de
233 4393 377 4446 nativitate
395 4400 420 4445 et
438 4393 581 4447 obolariae
600 4392 762 4450 Saloutaria
779 4410 796 4449 a
813 4391 925 4448 Gelasio
951 4413 1012 4464 aas,
1036 4399 1072 4450 B.
1096 4395 1221 4462 Virginis
1245 4394 1381 4465 epistolae
1403 4393 1524 4461 aliqum,
1549 4390 1639 4445 Pauli
1659 4391 1723 4444 11991
1746 4390 1788 4441 od

84 4484 162 4536 recte
179 4477 298 4534 19191191
318 4478 390 4533 111191
406 4478 581 4548 apocrypha,
606 4478 728 4534 continet
751 4477 823 4535 euim
845 4477 924 4533 fabu—
952 4482 1087 4538 89999991
1105 4487 1130 4534 ct
1150 4480 1234 4548 lajas
1251 4481 1293 4533 ad
1311 4479 1390 4532 illum
1408 4477 1543 4546 9911119199
1563 4485 1588 4529 et
1606 4475 1696 4528 919119
1717 4474 1786 4528 olio.

86 4565 127 4621 ns
145 4563 286 4620 9999111919
304 4562 535 4634 evangelistarum
557 4562 635 4619 libris
654 4565 814 4621 9911191191.
853 4566 925 4619 Pro·
987 4573 1045 4623 994.
1081 4565 1210 4621 Ceterum
1242 4564 1390 4620 multitudo
1416 4562 1464 4616 iila
1488 4560 1709 4631 apocryphorum
1733 4557 1785 4613 snb

86 4651 169 4706 altori
189 4650 308 4704 11919919
332 4652 368 4703 919
385 4651 466 4703 retiis
491 4651 576 4717 pestis
598 4651 754 4719 Jolanais,
784 4666 857 4724 quae
882 4651 925 4706 iti·
950 4651 1183 4724 evangelistarum
1210 4656 1238 4704 et
1262 4649 1450 4720 apostolorum
1471 4651 1591 4717 augusto
1615 4645 1725 4700 nomine
1749 4643 1785 4698 ab

86 4738 152 4796 dem
175 4737 204 4791 iu
226 4735 499 4808 Orthodoxographis
523 4741 587 4792 tom.
619 4743 639 4791 1.
666 4743 770 4806 exstat,
796 4743 839 4791 est
862 4753 924 4790 con·
950 4737 1095 4794 haereticis
1126 4752 1283 4807 sparsorum
1316 4733 1446 4788 admonet
1475 4748 1525 4786 nos
1558 4738 1580 4787 1.
1611 4730 1646 4786 de
1675 4727 1787 4783 immam

85 4823 162 4881 usos
198 4823 363 4893 Disputatio
383 4823 464 4876 Petri
485 4840 547 4876 9991
570 4824 680 4892 Apioae
702 4823 864 4893 repudiatur
888 4821 924 4877 ab
951 4825 1014 4879 odio
1039 4821 1145 4877 diaboli
1166 4821 1300 4875 adversius
1318 4833 1411 4872 sacras
1430 4816 1537 4884 literas,
1562 4815 1610 4886 qui
1627 4813 1711 4868 variis
1729 4829 1787 4867 mo·

86 4907 244 4967 Athanasio
268 4908 298 4963 in
322 4906 442 4979 Synopsi
465 4916 493 4964 et
516 4907 686 4979 Hieronymo
704 4908 734 4962 in
751 4908 841 4964 Catal.
860 4907 924 4962 scri·
951 4909 994 4963 dis
1018 4908 1070 4962 hoc
1096 4906 1168 4978 egit,
1194 4913 1227 4960 nt
1249 4901 1415 4975 apocryphis
1436 4901 1539 4956 fabulis
1560 4898 1720 4954 canonicam
1738 4913 1787 4953 au·
1800 4907 1826 4947 11.
1841 4905 1886 4948 149.

86 5001 158 5067 pter.
206 4994 341 5064 Epistola
369 4994 459 5048 Pauli
489 4996 531 5048 ad
560 4996 763 5063 Laodicensss,
795 4999 925 5049 99911991
950 4993 1105 5049 ctoritatem
1140 4990 1315 5059 conciliaret,
1352 4994 1449 5043 9911119
1487 5002 1551 5041 voro
1582 4984 1667 5040 libros
1695 4999 1786 5038 sacros

85 5097 112 5138 ι.
135 5085 173 5137 ta.
200 5096 235 5135 ax
251 5078 377 5135 Pauliais
399 5079 521 5151 epistolis
544 5096 646 5151 magns
664 5098 697 5135 ex
716 5085 796 5150 parte
814 5096 924 5135 consar-
952 5079 1154 5139 assumturus
1183 5084 1211 5132 et
1233 5093 1299 5130 vere
1323 5071 1471 5128 canonicos
1493 5071 1522 5124 in
1547 5075 1715 5124 contemtum
1738 5069 1786 5124 ad-

85 5167 202 5235 cinctis,
223 5165 300 5221 edita
319 5173 362 5220 est
384 5182 402 5220 a
424 5166 567 5220 Praetorio
590 5164 748 5236 Hamhurgi
767 5182 830 5220 ann.
851 5171 924 5222 1995.
952 5167 1074 5220 duceret
1099 5170 1122 5222 2.
1141 5164 1176 5219 de
1196 5160 1330 5234 singulari
1342 5157 1395 5212 Dei
1411 5155 1593 5227 providentia,
1610 5169 1666 5225 qua
1682 5153 1787 5209 iactum

84 5269 145 5311 una
162 5251 417 5319 summaquense
434 5251 633 5322 apostolorum.
667 5250 723 5307 Sed
739 5250 926 5322 Hieronymus
952 5240 1595 5321 99111111119919119193919111191919199
1612 5256 1786 5295 conservare·

85 5340 115 5396 in
133 5335 217 5394 catal.
236 5352 297 5392 eam
317 5343 392 5391 recte
410 5336 481 5391 inter
500 5335 661 5408 apocrypha
672 5335 770 5407 reJieit.
788 5335 893 5392 coloss.
904 5344 927 5393 4.
954 5347 1008 5405 tur,
1026 5335 1100 5391 undo
1118 5334 1200 5391 etiam
1217 5332 1254 5388 D.
1276 5328 1397 5386 «Iohanni
1415 5332 1492 5383 seru
1510 5332 1567 5382 tam
1585 5325 1671 5395 longa
1687 5325 1788 5380 divini·

84 5443 112 5481 v.
140 5429 172 5482 16
202 5440 259 5479 non
281 5420 315 5477 fit
337 5421 440 5476 mentio
464 5421 583 5493 alicujus
606 5420 740 5492 epistolae
764 5421 801 5475 ad
827 5422 1000 5478 Laodi-rtus
1017 5420 1072 5476 fuit
1090 5435 1229 5485 concessa,
1248 5423 1280 5471 ut
1297 5415 1333 5470 dc
1350 5412 1479 5485 genuinis
1496 5429 1530 5469 ac
1548 5409 1689 5466 canonicis
1707 5426 1789 5464 evan·

82 5527 199 5580 mm,
224 5508 275 5566 sed
298 5508 328 5562 lx
351 5509 397 5576 τῆς
412 5509 581 5568 Λαοδικείας
598 5506 727 5578 scriptae.
762 5507 836 5560 Acta
855 5509 945 5561 Bar-2
957 5507 1120 5580 gehstarnm
1146 5509 1175 5561 et
1198 5499 1383 5572 apostolorum
1405 5497 1484 5552 libris
1506 5494 1650 5554 ecclesiam
1674 5494 1790 5561 erudire

1414 5600 1461 5658 9*
