3984 6022
235 274 296 335 stt
915 261 1038 319 LOCUS
1057 259 1257 321 SECUNDUS

236 424 374 479 αὶιίεείηιο
397 429 422 475 et
444 419 626 474 secretissimo
655 419 788 473 bonitatis
812 426 876 472 luae
902 418 970 472 latet
988 415 1173 511 sora,lpitur
1195 417 1232 472 ad
1257 415 1478 488 refrigerandum
1502 431 1561 487 cor,
1587 419 1616 472 et
1638 415 1711 479 tales
1727 413 1852 472 hommes
1869 421 1938 473 sune

238 512 312 564 unde
330 514 426 562 moriat
436 506 542 574 fluuius
558 505 771 559 misericordiae
788 513 861 558 neae.
894 503 1008 559 Bonim
1028 511 1071 558 est
1097 510 1197 559 natura
1216 503 1381 574 placidiores
1401 519 1435 557 ec
1452 502 1661 566 mansuetiores,
1689 502 1725 556 ad
1747 517 1834 573 quam
1849 508 1935 558 m

237 595 399 652 sementum
416 591 580 658 absolutum,
599 590 787 646 misericordia
804 591 959 658 relativum,
978 606 1068 662 respe-
1096 590 1211 661 phorum
1229 589 1258 643 in
1277 589 1330 644 hac
1347 588 1533 659 appellatione
1552 593 1693 659 respectus
1710 587 1851 655 habetur).
1870 594 1893 643 7.
1906 587 1934 642 in

239 688 313 738 ctum
325 679 397 735 enim
410 677 494 733 hebet
508 676 691 731 admiseriam
706 676 734 730 in
748 677 891 742 creaturis,
905 694 988 748 quarn
1006 676 1068 731 snb·
1096 675 1198 747 quibus
1215 683 1330 731 vocatur
1347 681 1441 730 noster
1453 682 1555 745 pater,·
1587 679 1610 729 8.
1624 674 1746 745 deniqne
1764 673 1862 728 omnia
1875 674 1933 727 Dei

238 771 318 824 levet.
352 764 429 820 Deus
453 780 509 820 non
527 764 615 818 solum
634 763 709 817 inse
729 764 818 818 bonus
838 770 891 824 est,
917 763 1068 817 sedetiam
1097 780 1184 832 opera
1207 762 1242 817 de
1267 761 1354 832 ipsius
1379 760 1552 832 benignitate
1577 768 1606 816 et
1622 758 1814 816 mnaioordia
1831 765 1930 816 taun-

237 853 387 910 bonitstem
411 866 490 904 suam
516 856 593 905 extra
615 866 645 904 se
670 848 802 904 diffundit
826 855 854 904 et
877 848 1070 916 communicat,
1096 856 1148 904 tur.
1183 849 1256 907 Vide
1283 848 1334 903 loc.
1360 845 1387 923 ξ.
1411 852 1466 902 137.
1502 847 1629 903 Ducendi
1647 862 1734 903 causa
1751 845 1824 902 heo
1840 847 1930 902 omnis

238 955 309 1011 quae
336 943 463 1008 respectu
483 935 567 1006 hujus
595 935 849 990 communicationis
874 935 975 990 dicitnr
997 935 1069 987 leni-
1095 936 1135 990 sic
1159 935 1368 1007 distinguuntur
1391 934 1499 990 ratione
1525 935 1682 1004 effectorum
1705 937 1735 988 et
1760 935 1929 1003 οῠροσιοναι

237 1026 338 1094 pnitas.
356 1023 399 1077 Ea
418 1029 460 1076 est
478 1021 522 1077 vel
538 1022 681 1090 generalis
698 1021 743 1077 vel
760 1021 901 1090 specialis.
924 1020 1069 1075 Generalis
1096 1039 1158 1076 cum
1184 1021 1292 1077 ratione
1314 1021 1454 1091 principii
1478 1021 1583 1090 weldi
1609 1020 1637 1074 in
1664 1019 1727 1075 Deo
1756 1019 1815 1075 sint
1840 1020 1930 1075 omma

237 1116 291 1176 est,
317 1124 388 1181 quae
410 1109 447 1163 ad
464 1125 558 1162 omnes
576 1112 716 1162 creaturas
733 1124 763 1161 se
782 1107 919 1176 extendit,
945 1123 1014 1178 ques
1036 1123 1070 1161 ex
1095 1111 1176 1163 ratri
1196 1114 1230 1164 rt.
1275 1106 1379 1161 Gratia
1404 1109 1462 1162 Dei
1478 1112 1521 1161 est
1541 1105 1738 1178 benignissima
1755 1107 1820 1177 ejus
1836 1107 1930 1162 volun·

237 1195 329 1270 gretia
345 1201 374 1250 et
390 1194 513 1249 bonitate
531 1193 655 1249 condidit
671 1198 700 1248 et
717 1193 808 1248 adhuc
826 1199 983 1260 conservat,
1005 1208 1069 1246 con·
1096 1200 1153 1259 tas,
1183 1209 1239 1266 qua
1265 1193 1353 1265 gratis
1381 1193 1458 1247 iavet
1482 1200 1510 1248 et
1531 1191 1671 1247 bmeiacit
1690 1208 1759 1248 snae
1781 1199 1930 1249 crem.

237 1283 292 1339 fert
309 1281 363 1337 illis
382 1280 537 1336 necessaria
555 1280 592 1334 ad
608 1279 691 1335 finem
706 1279 893 1348 obtinendum,
913 1279 1009 1350 dirigit
1024 1294 1070 1333 eas
1098 1281 1302 1334 Misericordia
1326 1280 1386 1333 Dei
1409 1283 1453 1334 est
1475 1278 1689 1350 propensissime
1712 1280 1774 1350 eJ'us
1798 1278 1932 1347 voluntte

238 1368 267 1423 in
284 1366 341 1420 suis
361 1365 515 1420 actoribus
533 1373 584 1421 etc.
608 1366 652 1420 Ps.
673 1370 713 1433 33,
733 1384 757 1421 v.
778 1373 801 1420 5.
820 1367 884 1439 52¹]
904 1366 1070 1431 benianilote
1098 1384 1154 1437 qua
1177 1366 1253 1422 cordi
1276 1365 1329 1436 ipsi
1349 1371 1392 1421 est
1416 1365 1526 1420 miseria
1543 1365 1674 1435 hominis,
1699 1381 1784 1437 quam
1802 1365 1933 1422 benmcle

240 1454 359 1509 Domini
371 1453 461 1523 plena
479 1460 519 1507 ert
541 1461 625 1506 terra.
663 1453 708 1507 Ps.
728 1458 770 1521 36,
788 1471 813 1506 v.
832 1459 846 1507 'l
858 1471 864 1503 ε
891 1452 1027 1505 hominem
1046 1459 1071 1504 et
1098 1452 1231 1507 sublevat.
1254 1451 1474 1506 ClementiaDes'
1483 1450 1867 1523 estpoternaejnsvoluntaa
1881 1468 1932 1524 qna

240 1540 348 1596 animal
366 1540 502 1606 seruabis,
520 1540 651 1593 Domine.
688 1538 821 1610 specialia
840 1545 894 1605 est,
914 1554 970 1609 qua
996 1552 1069 1592 crea·
1098 1537 1127 1590 in
1144 1537 1398 1593 immisericordiae
1410 1553 1477 1592 auae
1488 1537 1648 1592 recordatur
1661 1553 1693 1592 ac
1708 1537 1801 1608 parcit
1819 1536 1930 1608 homini,

239 1634 315 1683 turae
331 1625 480 1681 rationales
498 1641 590 1679 amore
606 1623 658 1679 eibi
674 1623 866 1692 adhaerentes,
892 1629 1003 1677 sanctos
1021 1622 1070 1676 sci·
1098 1624 1205 1679 etiamsi
1216 1624 1296 1678 aliter
1307 1623 1342 1677 sit
1354 1622 1477 1681 meritus.
1497 1626 1696 1693 ‹rstasepontu
1707 1621 1777 1678 DEI
1792 1629 1836 1679 est
1847 1622 1931 1680 armes

240 1713 306 1768 licet
330 1711 444 1785 angelos
463 1716 491 1765 et
507 1709 631 1765 homines
650 1710 719 1780 pios.
748 1709 881 1765 Homines
899 1710 1073 1764 considerau-
1099 1710 1186 1781 ipsius
1196 1709 1330 1778 voluntas,
1344 1727 1400 1780 qua
1408 1725 1475 1780 prae
1487 1707 1930 1779 creaturisreliquiehominemdi·

242 1805 287 1855 tur
310 1798 354 1853 vel
380 1805 444 1851 ante
462 1797 573 1865 lapsum
597 1794 625 1849 in
651 1801 725 1850 statu
748 1795 922 1851 innocentiae
948 1795 991 1850 vel
1008 1803 1074 1863 post
1099 1796 1169 1867 ligit,
1185 1796 1237 1867 ipsi
1248 1795 1324 1851 favet
1333 1801 1361 1852 et
1373 1794 1488 1850 delicias
1500 1794 1756 1851 suasineohsbet.
1775 1797 1932 1851 AmorDei

244 1886 354 1955 lapsum
381 1884 410 1937 in
435 1888 510 1937 statu
536 1881 726 1952 corruptionis.
762 1881 795 1935 In
818 1883 908 1951 priore
931 1888 1006 1936 statu
1027 1898 1074 1951 pa·
1101 1888 1144 1936 est
1167 1881 1292 1938 benefica
1312 1881 1453 1949 voluntas,
1477 1897 1533 1953 qua
1556 1887 1697 1936 creaturas
1719 1898 1787 1938 ase
1811 1881 1931 1938 conum

242 1978 320 2027 terno
352 1969 446 2024 favore
480 1983 527 2023 eos
556 1967 715 2039 complexus
740 1973 781 2021 est
802 1967 879 2023 Deus
906 1974 935 2022 et
960 1967 1075 2021 dilectos
1102 1967 1305 2038 complectitur,
1332 1968 1360 2021 in
1384 1967 1439 2022 illis
1463 1985 1493 2023 se
1514 1968 1636 2023 oblectet
1656 1975 1684 2023 et
1703 1968 1781 2023 bona
1801 1968 1858 2023 illis
1873 1985 1931 2024 con·

243 2074 308 2111 snos
323 2055 423 2110 liberos
435 2070 468 2109 ae
488 2053 635 2109 coelestem
654 2052 851 2107 haereditatem
870 2052 923 2107 illis
943 2053 1076 2122 promisit,
1101 2054 1163 2109 tert.
1198 2055 1342 2107 Patientia
1363 2060 1419 2123 est,
1443 2071 1500 2125 que
1519 2054 1596 2109 Deus
1621 2060 1764 2109 creaturas
1788 2054 1932 2111 rationales

244 2144 292 2200 sed
309 2142 361 2197 sub
379 2139 535 2196 conditione
553 2139 645 2194 filialis
664 2139 837 2195 obedientiae
850 2147 877 2194 et
889 2140 917 2193 in
930 2140 1003 2199 bono
1015 2157 1075 2209 per·
1103 2140 1235 2195 adversus
1253 2156 1282 2194 se
1300 2145 1447 2210 peccantes
1466 2139 1576 2208 suffert,
1594 2140 1663 2194 iram
1681 2140 1857 2209 moderatur,
1874 2158 1932 2213 poe

244 2226 422 2285 severantiae.
464 2225 497 2280 In
521 2225 671 2296 posteriore
700 2232 772 2279 statu
797 2225 983 2280 misericordia
999 2225 1076 2278 Deus
1102 2242 1166 2280 nam
1198 2225 1305 2293 differt,
1334 2225 1537 2281 conversionem
1572 2243 1665 2281 earum
1696 2233 1859 2297 exspectat,
1886 2245 1933 2284 nee

244 2331 311 2386 erga
333 2313 462 2368 miserum
483 2328 571 2383 genus
594 2311 744 2365 humanum
770 2312 872 2365 ductus
895 2309 962 2379 fuit,
988 2326 1077 2382 neque
1102 2314 1170 2366 iram
1194 2329 1272 2367 suam
1289 2320 1376 2367 totam
1395 2312 1513 2367 effundit
1535 2319 1587 2369 etc.
1624 2321 1648 2369 2.
1666 2313 1802 2377 Quamvis
1818 2331 1885 2370 vero
1902 2315 1933 2371 de

243 2401 353 2474 penitus
372 2416 389 2454 a
406 2399 479 2453 iecie
497 2415 549 2452 sua
565 2397 648 2466 illud,
672 2403 768 2466 utpote
786 2397 893 2467 plasma
909 2413 997 2464 suum,
1015 2413 1076 2467 pro·
1103 2398 1291 2454 misericordia
1308 2405 1337 2453 et
1354 2399 1446 2470 gratia
1464 2399 1518 2452 Dei
1538 2399 1663 2470 generali
1682 2401 1760 2452 ratio
1781 2416 1815 2454 ex
1831 2399 1933 2456 maes

240 2488 316 2560 jecit,
337 2486 386 2541 sed
405 2502 438 2540 ex
457 2482 591 2538 ineffabili
609 2482 755 2537 dilectione
774 2482 876 2536 Filium
895 2483 1075 2537 redemtorem
1102 2485 1208 2557 aliquid
1232 2485 1362 2556 colligere
1384 2485 1486 2556 possit,
1510 2491 1605 2539 tumen
1629 2486 1793 2555 mysterium
1815 2486 1887 2543 illud
1903 2487 1934 2542 de

243 2573 399 2630 hominibus
423 2571 458 2625 ab
481 2576 593 2625 aeterno
620 2569 728 2624 mittere
753 2569 885 2637 decrevit,
912 2570 1029 2623 eundem
1048 2570 1075 2622 in
1103 2571 1216 2642 speciali
1239 2572 1426 2627 misericordia
1446 2571 1474 2625 in
1493 2570 1602 2628 Christo
1619 2580 1647 2626 et
1663 2578 1780 2642 propter
1799 2571 1933 2628 Christum

243 2656 559 2729 temporis‘plenitudine
573 2655 647 2709 misit
666 2657 781 2726 ejusque
795 2654 929 2710 beneficia
951 2655 979 2708 in
993 2656 1075 2711 verbo
1103 2658 1280 2713 mediatorem
1300 2657 1456 2712 hominibus
1476 2655 1573 2711 oblate
1589 2657 1699 2729 penitas
1716 2658 1843 2730 ignorat,
1866 2659 1934 2714 nude

244 2753 273 2804 et
288 2745 467 2800 sacramentis
486 2742 613 2797 omnibus
631 2742 719 2798 offert.
755 2742 897 2813 Quotquot
912 2742 999 2813 igitur
1016 2759 1076 2798 rer·
1103 2751 1218 2800 vocatur
1234 2752 1367 2798 secretum
1387 2745 1505 2798 Domini
1521 2742 1624 2801 Pselm.
1638 2749 1678 2813 26,
1697 2761 1724 2799 v.
1743 2751 1783 2801 tt.
1799 2747 1933 2815 *speses

133 2845 135 2851 ’
245 2833 311 2888 bum
336 2830 453 2886 audiunt
471 2836 499 2884 et
515 2828 654 2884 mediante
673 2828 792 2899 Spiritus
802 2829 901 2883 assucti
918 2829 1076 2901 operatione
1097 2833 1215 2901 justitia
1240 2830 1341 2884 Pselm.
1368 2835 1415 2898 65,
1441 2847 1467 2886 v.
1487 2837 1511 2886 6.
1539 2830 1697 2900 mysterium
1722 2832 1849 2886 astreis
1874 2839 1933 2886 sose

244 2935 338 2975 veram
364 2916 393 2970 in
419 2914 558 2970 Christum
582 2914 666 2969 iidem
692 2932 725 2970 ex
753 2930 786 2970 eo
816 2915 987 2987 concipiunt,
1015 2916 1076 2972 illos
1100 2919 1218 2987 poribus
1234 2918 1348 2971 tacitum
1366 2915 1444 2970 Rom.
1466 2922 1505 2980 16,
1523 2934 1549 2971 v.
1567 2921 1608 2972 26.
1627 2920 1679 2971 etc

244 3002 358 3077 speciali
381 3018 474 3057 amore
498 3006 526 3056 et
547 3001 642 3055 favore
665 3001 870 3071 complectitur,
893 3018 911 3055 a
934 3002 1012 3057 malis
1031 3019 1077 3058 eos
1139 3010 1196 3061 213.
1228 3007 1254 3058 3.
1279 3005 1379 3057 Patres
1409 3003 1571 3058 suerimime
1601 3004 1637 3059 de
1665 3002 1860 3061 misericorde
1884 3003 1933 3060 Dei

244 3091 358 3159 liberat,
383 3087 471 3144 omnis
488 3086 596 3159 generis
614 3085 692 3142 bonis
711 3087 834 3142 cumulat
859 3095 887 3143 et
907 3088 1019 3144 tandem
1038 3089 1077 3143 vi·
1105 3092 1297 3161 θεολογοῦσιν.
1314 3087 1442 3161 Ignatius
1460 3089 1540 3160 epist.
1559 3094 1583 3147 3.
1603 3089 1640 3144 ad
1657 3089 1785 3162 Magnes.
1801 3092 1844 3165 pr}
1861 3089 1932 3146 erse

244 3184 291 3235 tae
312 3182 441 3234 aeternae
462 3173 577 3231 heredes
600 3173 704 3230 scribit
743 3173 892 3247 Angustia
912 3179 992 3230 tract
1021 3181 1075 3231 110.
1104 3185 1203 3244 aeneos
1216 3173 1291 3250 ὦμεν
1301 3176 1345 3244 τῆς
1357 3174 1537 3246 renascimur
1548 3175 1597 3231 loir
1609 3175 1758 3247 proicere·
1769 3173 1934 3247 »jaciendi

244 3266 273 3320 in
290 3263 405 3327 lehun:
428 3262 528 3316 Omnia
548 3261 642 3328 diligit
660 3261 753 3329 Deus,
772 3279 842 3330 meae
859 3263 943 3325 fecit,
963 3271 988 3315 et
1005 3264 1078 3315 inter
1106 3265 1283 3337 πράσσομεν,
1308 3261 1398 3316 cirta.
1426 3263 1523 3336 iupis,
1550 3261 1599 3317 icis
1620 3260 1674 3338 γάρ
1700 3261 1822 3338 ἀνομίας
1849 3286 1933 3337 nepo-

246 3367 280 3404 ea
297 3349 388 3417 magis
406 3348 501 3416 dilipit
514 3355 660 3400 menturae
680 3348 842 3415 rationales,
862 3357 888 3401 et
904 3350 934 3401 in
952 3348 1012 3402 illis
1030 3366 1078 3402 sas
1104 3349 1220 3424 τηρήσῃς
1238 3349 1329 3420 κύριε,
1346 3355 1386 3408 τίς
1405 3348 1593 3416 incuriosius.
1628 3348 1729 3404 Jmtin
1756 3349 1787 3404 in
1803 3350 1885 3422 epist.
1901 3349 1933 3406 sd

246 3436 383 3505 amplius,
409 3452 480 3505 arcae
495 3441 560 3487 sunt
579 3434 700 3486 membra
721 3426 858 3502 unigeniti
874 3437 926 3503 sui,
944 3443 972 3488 et
992 3436 1077 3490 multo
1105 3436 1235 3508 Diognet.
1262 3455 1289 3507 p.
1315 3440 1379 3491 386:
1407 3437 1487 3489 Deus
1513 3435 1678 3504 benignitate
1703 3454 1758 3490 eun
1780 3455 1834 3490 nos
1850 3439 1934 3504 fidens

246 3524 336 3590 magis
364 3523 455 3592 ipsum
480 3521 651 3589 emicenitum
678 3539 765 3574 suum
809 3521 856 3576 Ab
883 3521 936 3576 hoc
965 3523 1077 3594 speciali
1104 3525 1206 3577 lralere
1224 3523 1324 3590 uolua,
1344 3522 1434 3590 spelm
1455 3522 1612 3575 sublimare
1629 3521 1762 3590 ultorem,
1783 3532 1934 3593 parentare

246 3625 339 3668 amore
362 3607 487 3678 quamvis
511 3606 589 3677 impii
612 3612 640 3660 et
660 3607 870 3677 impoenitentes
893 3608 949 3663 sint
965 3610 1077 3675 exclusi,
1105 3611 1280 3678 magristrum,
1301 3608 1506 3677 consiliarium,
1526 3609 1675 3675 medinam,
1694 3616 1825 3678 mentem,
1845 3609 1934 3676 luens,

245 3700 339 3749 tamen
362 3693 434 3747 fores
458 3693 565 3765 gratiae
587 3693 616 3747 in
634 3693 687 3748 hac
705 3695 762 3748 vita
780 3694 846 3764 ipsis
865 3695 956 3750 adhuc
973 3702 1077 3766 patent,
1105 3698 1248 3764 lonorem,
1276 3695 1412 3764 aleriam,
1439 3694 1537 3757 robur,
1562 3694 1657 3748 citum
1698 3692 1887 3766 chrysostom.
1909 3695 1934 3749 in

247 3781 335 3836 donec
367 3779 395 3833 in
426 3786 546 3834 extremo
574 3779 680 3849 judicio
712 3781 804 3847 iancea
834 3783 904 3849 speie
932 3782 1078 3837 classdetur
1105 3783 1208 3838 Psalm.
1229 3788 1272 3836 lt:
1295 3783 1374 3833 Deae
1393 3797 1473 3833 suum
1491 3780 1571 3833 nobis
1592 3797 1713 3834 amorem
1729 3782 1934 3850 manfiestum

247 3864 345 3920 llstth.
363 3871 403 3931 25,
422 3882 447 3918 v.
470 3871 508 3919 10.
535 3881 552 3918 a
571 3864 643 3919 facie
668 3864 772 3919 domini
793 3883 853 3920 eum
873 3867 999 3922 omnibus
1020 3869 1078 3923 dia·
1105 3869 1278 3940 pollicarem
1295 3867 1448 3935 comentem,
1462 3873 1576 3937 patmsm
1595 3885 1700 3935 curam,
1721 3876 1846 3922 matum
1862 3870 1933 3923 esne

246 3951 318 4008 bolis
336 3951 365 4006 in
384 3949 492 4006 foveam
510 3949 671 4006 infernalem
691 3951 759 4020 ipsis
778 3953 908 4023 projectis
927 3972 951 4008 v.
970 3961 1010 4010 tl.
1040 3956 1079 4012 Ut
1105 3956 1275 4020 ricordiam,
1301 3971 1466 4022 sponsorum
1494 3970 1616 4007 amorem
1636 3955 1765 4023 profert,
1790 3973 1850 4010 non
1874 3956 1933 4026 gaiu

247 4045 339 4095 eutem
351 4037 508 4109 benignitas
522 4036 562 4091 ita
573 4054 682 4108 quoque
694 4037 793 4110 gratia,
801 4039 994 4111 misericordia,
1004 4059 1079 4098 amor
1106 4050 1212 4095 tantum
1235 4042 1371 4094 dunloaat
1393 4048 1479 4104 anim,
1504 4042 1556 4093 sed
1578 4040 1646 4108 quia
1666 4040 1711 4093 lsis
1733 4041 1870 4112 ecenspiis
1885 4059 1933 4095 nos

247 4124 300 4182 Dei
319 4125 348 4180 in
365 4123 520 4197 generalem
535 4130 564 4178 et
581 4123 729 4194 specialem
748 4124 945 4198 distinguenda
961 4136 1032 4184 sunt.
1106 4129 1167 4181 alia
1187 4129 1266 4197 apud
1283 4144 1333 4180 nce
1350 4127 1468 4197 rnajoris
1484 4126 1589 4179 amoris
1607 4126 1689 4194 siam
1707 4127 1752 4180 uel
1767 4135 1932 4196 argum

122 4227 205 4267 noea
281 4218 339 4268 213.
364 4210 407 4266 De
432 4210 618 4265 misericordia
635 4210 690 4265 Dei
708 4215 843 4287 testantur
869 4219 889 4268 l.
909 4213 983 4269 dicta
1003 4215 1078 4270 Scri·
1108 4215 1191 4278 Quod
1211 4215 1282 4268 enim
1300 4213 1457 4281 magisnec
1476 4213 1598 4280 dmm,
1625 4214 1704 4266 docel
1719 4210 1786 4268 Elea
1805 4220 1853 4272 ts:
1876 4213 1934 4270 etri

120 4275 213 4371 mi}
242 4307 359 4368 pluras,
388 4304 408 4354 1.
428 4297 457 4352 in
475 4295 576 4368 quibus
595 4295 695 4350 dieitur
712 4299 860 4352 mascator
878 4307 903 4352 et
921 4301 1079 4356 misericors
1105 4312 1193 4356 mater
1214 4301 1342 4371 filiorum
1369 4300 1549 4355 obliviscatur
1575 4306 1626 4354 etc.
1670 4299 1750 4355 Idem
1775 4299 1871 4359 homil.
1896 4306 1932 4357 46

120 4380 219 4474 {fidia-1
246 4383 334 4442 Exod.
352 4389 393 4452 34,
412 4403 437 4438 v.
458 4388 482 4439 6.
501 4401 535 4436 ao
552 4384 748 4438 misericordia
766 4387 827 4454 ejus
844 4405 948 4454 maana
966 4393 988 4444 2.
1005 4388 1077 4444 Sam.
1105 4406 1179 4461 oper.
1204 4386 1311 4458 imperi.
1350 4387 1588 4450 Quemadmodum
1610 4388 1641 4440 in
1663 4387 1742 4440 ΜΝ·
1760 4387 1885 4443 aliem
1898 4394 1933 4442 Μ

248 4478 295 4540 tt,
311 4490 337 4524 v.
360 4477 398 4527 lt.
424 4479 539 4524 osterna
558 4475 582 4524 2.
601 4469 693 4524 Paral.
713 4477 738 4538 5,
755 4488 781 4527 v.
804 4477 842 4526 13.
869 4476 973 4527 ardens
991 4483 1016 4529 et
1033 4493 1077 4529 ac·
1106 4477 1281 4543 benefacere,
1309 4475 1350 4527 sic
1376 4483 1402 4527 et
1428 4475 1492 4527 Deo
1516 4481 1614 4527 conta
1634 4481 1766 4527 namram
1792 4483 1835 4530 eat
1857 4474 1932 4530 mule

248 4577 329 4613 censa
348 4558 449 4612 dicitur
465 4557 534 4613 Hos.
556 4563 595 4626 tt,
612 4575 638 4610 v.
657 4561 681 4611 8.
699 4563 750 4612 eto.
781 4558 842 4613 lac.
862 4565 886 4623 5,
905 4577 931 4614 v.
951 4566 992 4616 ll.
1012 4561 1078 4615 dici·
1098 4565 1201 4630 facere
1226 4570 1275 4615 out
1294 4563 1422 4629 perdere.
1448 4559 1509 4614 Lib.
1533 4560 1570 4615 de
1586 4558 1692 4629 provid.
1713 4564 1782 4617 tom.
1797 4568 1829 4616 5:
1849 4561 1932 4616 Nulla

246 4652 292 4701 tur
324 4643 555 4713 nolicnlnyxroe
587 4646 632 4696 rol
660 4645 818 4716 almipater.
863 4650 886 4699 2.
917 4646 946 4698 in
977 4647 1077 4717 quibus
1104 4649 1249 4704 clementia
1272 4649 1393 4701 humana
1418 4648 1531 4700 diuinae
1555 4646 1674 4700 bonitati
1692 4649 1825 4714 conservi
1840 4654 1932 4718 porat,

246 4731 343 4800 pratia
363 4729 449 4801 ipsius
468 4729 624 4784 celebratur
644 4727 745 4783 Genea.
766 4735 796 4792 6,
823 4748 849 4784 v.
868 4737 889 4785 9.
928 4731 1016 4788 Exod.
1037 4740 1077 4800 33,
1103 4737 1207 4806 quippe
1231 4751 1303 4802 quae
1325 4750 1418 4787 omnes
1442 4735 1557 4803 offatm
1581 4733 1726 4786 naturales
1743 4743 1869 4803 amarat
1900 4733 1932 4788 et

247 4836 271 4871 v.
286 4823 324 4873 19.
338 4821 404 4885 etc.;
423 4821 446 4870 3.
464 4814 549 4884 ipsius
572 4815 718 4868 clementia
735 4815 858 4870 2.Paral.
869 4823 910 4887 36,
923 4836 948 4872 v.
962 4824 999 4875 16.
1010 4825 1076 4888 etc.;
1102 4828 1211 4893 postea:
1238 4821 1324 4889 &ejus
1349 4827 1463 4873 nonest
1479 4818 1566 4886 finito
1585 4818 1787 4887 intelligentia,
1812 4822 1874 4891 ἠν
1888 4819 1930 4874 esi

247 4910 269 4958 t.
292 4901 378 4973 ipsius
400 4899 550 4981 χρηστότης
572 4915 606 4954 ac
631 4901 829 4971 φιλανθρωπία
859 4901 912 4958 Tit.
939 4911 966 4969 3,
993 4924 1019 4960 v.
1047 4914 1076 4976 13
1102 4907 1288 4960 sericorcliom
1309 4912 1458 4975 quoquest
1475 4904 1649 4957 clementiam
1671 4905 1726 4969 fine
1746 4905 1829 4960 nulio
1847 4905 1931 4960 rami·

246 4996 269 5043 3.
293 4988 381 5058 ipsius
406 5006 485 5041 amor
508 4994 534 5040 et
552 4987 658 5041 coritae
675 4985 758 5041 Dant.
778 4993 824 5057 33,
843 5008 868 5044 v.
888 4996 920 5059 3;
949 4996 972 5046 6.
991 4991 1076 5061 ipsius
1102 4994 1169 5046 nari
1188 5008 1295 5046 rsecesse
1313 4999 1359 5045 est.
1396 4991 1430 5044 In
1448 4995 1516 5044 orat.
1534 4989 1569 5044 de
1585 4988 1763 5061 Philogonio:
1801 4992 1930 5056 Quemne

241 5076 384 5143 patientia
418 5080 443 5127 et
475 5072 691 5141 longanimitas,
720 5080 833 5144 propter
861 5093 944 5146 quam
976 5077 1077 5132 dicitur
1102 5081 1214 5133 modum
1233 5077 1396 5149 parturiens
1417 5077 1493 5146 erepit
1516 5076 1584 5130 miti
1605 5078 1724 5146 foetum,
1748 5079 1791 5132 ito
1816 5087 1842 5133 et
1858 5079 1931 5133 Deae

246 5159 334 5223 Εἶξῑς
359 5162 426 5237 ’.Πζς
454 5161 552 5227 longus
577 5159 634 5214 sive
664 5160 760 5214 tardus
785 5161 900 5214 noribrss
925 5161 1011 5218 Exod.
1035 5170 1077 5231 34,
1102 5166 1178 5233 eapte
1202 5165 1344 5234 effundere
1367 5163 1600 5216 misericordiam.
1635 5162 1764 5218 Ambrae.
1788 5164 1839 5221 lib.
1861 5172 1883 5221 l.
1902 5164 1932 5218 de

180 5280 186 5286 -
246 5265 271 5300 v.
289 5255 312 5304 6.
333 5248 391 5318 (qui
415 5247 540 5319 augustis
563 5254 628 5302 sunt
644 5246 772 5318 naribus,
801 5247 882 5302 citius
901 5248 992 5305 fumos
1013 5267 1076 5305 con·
1102 5250 1204 5322 poenit.
1233 5267 1257 5304 c.
1282 5251 1306 5306 s:
1333 5256 1398 5304 tom.
1427 5254 1449 5305 1.
1472 5266 1500 5319 p.
1528 5254 1589 5303 153:
1622 5251 1701 5303 Deus
1723 5249 1933 5306 mumanae

246 5333 353 5403 cipiunt
375 5352 408 5390 ex
433 5333 523 5388 cordis
545 5340 622 5388 aestu
648 5334 826 5392 ascendentes
846 5340 874 5390 et
891 5353 954 5390 cum
971 5336 1076 5406 impetu
1102 5337 1192 5404 mapis
1214 5336 1375 5405 indulpene,
1398 5354 1481 5405 auam
1507 5335 1664 5389 seueritatis
1688 5343 1779 5391 unae.
1818 5338 1932 5410 August

191 5447 192 5450 ¹
245 5418 342 5475 efflant
365 5427 478 5492 propter
504 5426 644 5476 meatuum
669 5421 827 5494 angustas,
851 5427 882 5478 at
906 5438 960 5492 quo
977 5422 1078 5478 latima
1102 5422 1138 5476 de
1151 5428 1207 5477 nat
1220 5429 1248 5477 st
1265 5429 1337 5494 grat.
1350 5439 1373 5477 c.
1387 5427 1434 5477 32:
1451 5421 1656 5476 Mamicorelia
1665 5423 1726 5477 Dei
1737 5425 1933 5493 praevenite

244 5510 311 5561 eunt
334 5506 441 5561 narium
458 5504 606 5575 foramina,
631 5521 663 5561 eo
685 5507 748 5580 plus
770 5507 869 5582 frigidi
890 5507 963 5563 airis
986 5507 1076 5566 eonci-
1101 5527 1241 5581 sarmmur,
1257 5509 1440 5582 mirquiur,
1455 5507 1769 5576 unanimantem
1779 5509 1933 5582 messit,
