3984 6022
244 242 287 299 VI

254 384 382 429 manum
411 362 566 444 admovit,
600 368 665 426 tum
693 369 785 427 notas
814 362 858 426 lo.
889 360 1045 426 Gerhardi
1077 360 1294 446 excerpsimus
1320 360 1522 447 posthumae,
1558 368 1788 447 excerptasque
1815 368 1943 428 nostrae

252 467 382 532 editioni
398 465 611 550 adjunximus.
646 465 768 529 Textus
784 463 932 530 editionis
950 462 1110 530 Cottensis
1125 485 1237 549 parum
1253 485 1311 530 nos
1322 464 1415 548 juvit.
1443 464 1576 530 Videtur
1591 465 1675 529 enim
1690 486 1753 531 non
1767 466 1944 550 principem

254 570 311 635 sed
326 569 599 652 Hamburgensem
623 573 757 631 secutus.
795 567 916 630 Tamen
932 586 1003 632 eum
1021 566 1218 649 contulimus,
1241 566 1293 631 nbi
1315 566 1478 632 obscurior
1499 567 1614 650 aliquis
1632 568 1762 651 genuini
1779 575 1944 633 contextus

253 672 341 736 locus
360 691 430 736 esse
454 669 629 734 videbatur.
674 669 792 750 Notas,
819 689 838 732 a
861 668 905 735 Io.
927 669 978 732 Fr.
1001 668 1095 733 Cotta
1116 667 1328 752 conscriptas,
1354 667 1496 751 integras
1518 669 1625 735 multis
1647 669 1687 735 de
1710 670 1815 735 causis
1837 691 1944 736 rursus

252 772 389 859 imprimi
412 793 475 836 non
497 791 514 835 e
538 791 572 835 re
595 790 666 835 esse
688 770 916 836 existimamus.
954 769 1093 835 Primum
1116 770 1199 835 enim
1221 792 1284 836 non
1306 771 1487 837 universam
1502 772 1661 837 illustrant
1678 772 1861 857 doctrinam,
1888 773 1945 838 sed

253 884 361 961 partes
373 872 466 939 modo
482 873 555 937 hinc
571 872 659 937 illinc
671 871 815 939 selectas.
840 864 925 949 Quin
940 873 1030 958 ipsae
1040 871 1101 937 viri
1113 871 1286 938 doctissimi
1303 871 1524 940 adnotationes
1541 875 1624 940 ultra
1634 876 1761 940 tertiam
1772 875 1944 941 sectionem

254 977 368 1061 capitis
383 976 489 1042 octavi
504 973 565 1039 loci
581 973 728 1057 vigesimi
744 973 871 1058 septimi
893 994 957 1039 non
978 973 1230 1057 progrediuntur.
1268 972 1318 1038 Ad
1340 976 1481 1060 reliquas
1502 978 1564 1042 loci
1586 977 1730 1060 ejusdem
1752 984 1861 1062 partes
1875 978 1944 1041 illu·

254 1077 401 1144 strandas
425 1098 489 1142 una
504 1076 605 1142 solum
620 1074 660 1140 de
677 1074 773 1141 exilio
788 1076 897 1141 mortis
913 1075 1114 1142 Leibnitiano
1130 1075 1312 1142 dissertatio
1328 1078 1471 1144 accessit.
1508 1080 1610 1144 Locus
1625 1079 1798 1162 vigesimus
1814 1085 1945 1144 octavus

254 1182 376 1247 duabus
398 1180 492 1246 modo
515 1177 790 1244 observationibus
813 1185 862 1242 est
885 1177 1073 1262 adornatus,
1101 1186 1237 1260 quatuor
1257 1178 1357 1245 ultimi
1381 1180 1443 1247 loci
1464 1201 1524 1247 nec
1545 1181 1820 1247 dissertationibus
1843 1201 1946 1265 neque

255 1282 544 1364 observationibus,
572 1301 631 1345 nec
651 1280 733 1345 notis
756 1280 891 1344 omnino.
936 1278 1061 1344 Deinde
1084 1279 1289 1364 supradictae
1310 1282 1546 1365 adnotationes,
1579 1284 1675 1349 etiam
1698 1284 1751 1348 ubi
1772 1284 1946 1368 pleniorem

256 1394 361 1451 textus
383 1383 575 1451 Gerbardini
595 1381 839 1447 illustrationem
862 1382 1050 1466 exhibeant,
1072 1383 1172 1448 nostri
1193 1385 1345 1467 temporis
1367 1384 1534 1450 desideriis
1554 1390 1621 1449 tam
1645 1406 1758 1470 parum
1778 1385 1946 1468 sufficiunt,

255 1497 290 1554 ut
310 1485 578 1554 continuationem
598 1490 790 1568 exposcant,
813 1504 908 1568 quam
931 1483 1013 1549 citra
1031 1483 1145 1568 viginti
1167 1504 1321 1550 annorum
1342 1487 1482 1569 spatium
1503 1486 1557 1551 vix
1579 1485 1782 1553 doctissimus
1797 1496 1946 1573 praestet.

255 1589 397 1656 Tertium
420 1587 535 1654 Cottae
557 1587 700 1670 labores,
729 1605 922 1670 quamquam
948 1586 1101 1653 historiae
1124 1585 1308 1669 dogmatum
1334 1607 1398 1652 non
1422 1587 1491 1653 sine
1515 1585 1610 1652 laude
1632 1588 1819 1674 inserviunt,
1841 1596 1948 1654 tamen

256 1710 320 1757 non
342 1692 387 1756 ita
401 1690 488 1756 vitiis
510 1695 543 1754 et
563 1689 721 1754 erroribus
744 1695 861 1772 carent,
885 1697 919 1754 nt
941 1708 996 1754 eos
1018 1690 1160 1773 integros
1178 1687 1286 1754 recudi
1307 1690 1349 1755 sit
1362 1689 1492 1754 licitum.
1530 1690 1667 1755 Nostrae
1684 1689 1822 1774 denique
1837 1692 1946 1756 editio-

256 1793 306 1859 nis
328 1792 465 1878 pretium
488 1811 597 1858 eorum
619 1790 808 1876 repetitione
831 1790 912 1856 adeo
935 1798 1121 1874 augeretur,
1156 1797 1191 1855 ut
1212 1789 1400 1875 divulgandi
1421 1791 1493 1856 libri
1515 1790 1688 1857 maximum
1711 1793 1786 1859 inde
1808 1793 1946 1859 futurum

257 1901 344 1963 esset
372 1893 641 1980 impedimentum.
684 1892 789 1970 Quum
818 1899 925 1958 autem
954 1895 1054 1958 multa
1083 1900 1115 1959 et
1137 1894 1169 1958 in
1193 1891 1307 1958 Cottae
1330 1915 1359 1958 v.
1382 1896 1419 1959 cl.
1443 1893 1701 1961 adnotationibus
1724 1904 1757 1961 et
1778 1896 1811 1960 in
1833 1894 1948 1962 disser-

256 1998 430 2063 tationibus
448 1996 660 2078 inveniantur,
683 2015 765 2079 quae
786 1995 967 2079 legentibus
989 1995 1160 2061 utilitatem
1175 1996 1290 2061 afferre
1304 1998 1432 2080 queant,
1455 2015 1522 2080 nos,
1545 1994 1698 2062 suadente
1713 1997 1750 2062 A.
1766 1999 1949 2064 Twestenio

257 2100 437 2186 professore
461 2120 490 2184 p.
507 2119 535 2165 o.
556 2106 615 2163 etc.
632 2106 690 2163 etc.
707 2099 775 2162 viro
798 2117 919 2162 summe
932 2095 1123 2180 venerando,
1148 2097 1193 2162 ita
1208 2117 1370 2181 ageamus,
1391 2107 1427 2163 ut
1441 2099 1576 2182 primum
1591 2118 1711 2163 merum
1730 2099 1774 2164 Io.
1792 2100 1948 2167 Gerhardi

258 2209 380 2268 textum
402 2200 491 2278 (solis
512 2200 615 2286 ipsius
636 2200 665 2265 b.
682 2199 838 2265 Gerhardi
854 2200 938 2264 notis
954 2198 1089 2282 adjectis
1104 2200 1294 2284 posthumis)
1312 2200 1528 2284 exhibeamus,
1550 2199 1675 2285 deinde,
1697 2201 1725 2266 si
1741 2203 1829 2267 Deus
1844 2203 1950 2286 gratia

258 2305 317 2370 sua
354 2323 434 2388 opus
469 2301 619 2388 progredi
650 2303 781 2386 jubeat,
820 2301 1037 2366 accessionum
1074 2299 1272 2368 Cottensium
1307 2301 1479 2367 medullam
1507 2302 1671 2369 addamus.
1728 2302 1789 2380 Qui
1819 2304 1949 2371 editioni

258 2405 455 2488 Tubingensi
486 2405 692 2489 praecipuam
719 2404 838 2468 famam
866 2403 981 2468 ascivit
1009 2411 1041 2469 et
1067 2404 1219 2488 pretium,
1247 2404 1384 2470 indic'em
1407 2404 1659 2488 copiosissimum
1683 2426 1740 2471 nos
1763 2426 1825 2471 non
1848 2408 1950 2472 solum

259 2507 499 2575 accuratissime
530 2505 744 2572 recudendum
772 2504 966 2587 curabimus,
999 2525 1109 2571 verum
1139 2505 1236 2570 etiam
1266 2505 1538 2592 amplificabimus.
1591 2507 1694 2573 Unum
1722 2515 1836 2590 restat,
1867 2510 1951 2592 quod

259 2609 470 2696 praetermitti
486 2628 550 2672 non
565 2608 675 2673 debet:
696 2605 839 2684 eratuor
860 2607 954 2691 primi
976 2606 1072 2671 totins
1094 2607 1280 2691 systematis
1302 2609 1377 2673 loci:
1399 2609 1448 2673 De
1469 2609 1629 2694 scriptura
1644 2629 1745 2692 sacra,
1768 2612 1816 2676 De
1837 2618 1951 2676 natura

260 2714 336 2796 Dei,
367 2712 417 2777 De
439 2732 463 2776 s.
486 2709 637 2775 trinitatis
660 2710 826 2794 mysterio,
855 2709 905 2774 De
926 2728 1065 2793 persona
1086 2714 1119 2774 et
1140 2707 1244 2775 officio
1267 2708 1401 2791 Christi,
1428 2709 1478 2775 bis
1507 2711 1540 2776 in
1570 2728 1667 2796 opere
1688 2710 1887 2779 Gerbardino
1908 2714 1950 2778 le-

260 2821 386 2901 guntur.
430 2811 536 2878 Primo
567 2812 739 2896 concisius,
769 2811 909 2878 secundo
936 2809 1114 2876 accuratius
1144 2818 1177 2876 et
1202 2809 1312 2877 fusius.
1354 2810 1496 2879 Priorem
1522 2811 1612 2878 illam
1638 2833 1676 2878 ac
1697 2812 1876 2880 breviorem
1897 2835 1951 2881 ex·

260 2917 466 3004 plicationem
490 2915 535 2980 Io.
557 2914 742 2980 (lethardus
765 2915 834 2998 jam
856 2934 939 2979 anno
964 2914 1047 2979 1610
1067 2910 1182 2997 edidit,
1210 2912 1293 2978 hanc
1315 2913 1557 2998 accuratiorem,
1584 2921 1651 2980 toto
1678 2935 1774 3001 opere
1797 2917 1952 3001 absoluto,

260 3040 344 3085 anno
365 3018 490 3084 demum
518 3017 600 3081 1625
619 3015 653 3080 in
674 3017 775 3082 lucem
797 3016 911 3082 emisit.
954 3014 1058 3092 Quum
1085 3022 1190 3081 autem
1212 3015 1262 3081 bis
1284 3019 1420 3102 proponi
1441 3016 1621 3100 legentibus
1643 3017 1773 3083 easdem
1794 3019 1952 3102 quaestio·

259 3141 318 3189 nes
347 3118 541 3205 superfluum
569 3128 669 3202 esset,
703 3119 872 3204 ipsumque
898 3118 972 3184 libri
1001 3117 1138 3203 pretium
1168 3116 1229 3182 hac
1247 3117 1439 3201 repetitione
1459 3118 1563 3184 minus
1584 3119 1768 3185 necessaria
1790 3122 1952 3204 crevisset,

260 3225 297 3290 Α.
322 3222 522 3288 Twestenius
544 3243 573 3286 v.
596 3220 633 3286 cl.
656 3221 747 3288 nobis
769 3221 893 3286 exstitit
915 3227 1038 3304 auctor,
1066 3227 1116 3303 ut,
1140 3219 1259 3285 omissa
1281 3220 1472 3285 tractatione
1494 3203 1656 3305 bre'vicre,
1679 3221 1829 3287 fusiorem
1851 3222 1952 3289 solam

260 3326 417 3392 daremus.
869 3404 872 3409 ‚

345 3427 383 3491 In
405 3425 492 3491 calce
513 3424 650 3508 denique
671 3428 799 3490 nostrae
822 3422 970 3489 editionis
992 3423 1092 3488 vitam
1113 3422 1141 3488 b.
1165 3421 1337 3509 Gerhardi,
1367 3431 1440 3509 post
1466 3424 1610 3492 Fischeri
1641 3425 1837 3510 aliorumque
1860 3446 1954 3493 curas

261 3527 470 3612 descriptam,
492 3547 563 3591 curn
583 3527 689 3610 effigie
710 3524 873 3591 addemus.

345 3631 458 3713 ltaque
481 3627 594 3694 librum
615 3629 750 3711 huncce,
774 3649 816 3692 ex
836 3647 947 3692 somno
971 3621 1217 3712 septuagenario
1240 3636 1438 3712 surgentem,
1470 3630 1628 3695 ecclesiae
1650 3630 1821 3713 reddimus,
1844 3650 1954 3715 preca·

262 3750 408 3815 murque,
438 3737 472 3794 ut
494 3730 582 3796 Deus
603 3730 705 3795 omnis
727 3729 851 3814 gratiae
874 3748 912 3795 eo
934 3749 1043 3794 rursus
1065 3729 1228 3813 dignetur,
1261 3751 1320 3816 per
1348 3731 1434 3813 quod
1461 3750 1573 3796 sanam
1595 3731 1645 3798 sui
1666 3734 1756 3798 verbi
1778 3733 1955 3801 doctrinam

263 3839 420 3898 restauret
441 3839 473 3897 et
494 3832 612 3897 lundet.
658 3831 717 3897 Oui
740 3832 783 3896 sit
802 3831 905 3913 gloria
926 3838 958 3896 et
979 3832 1147 3917 imperium
1168 3832 1202 3894 in
1223 3831 1333 3897 secula
1357 3831 1542 3897 seculorum.
1658 3833 1659 3837 ’

348 3948 414 4015 Sor.
438 3948 578 4016 Berolini
601 3950 691 4015 Dom.
714 3948 951 4017 Misericordiae
973 3949 1102 4016 Domini
1124 3970 1151 4015 a.
1174 3971 1198 4016 s.
1220 3948 1488 4016 MDGOCLXIII.

1649 4348 1904 4419 nmuola
