3984 6022
713 239 765 295 DE
784 237 998 297 sormunt
1019 238 1150 297 SACRA.
1707 252 1765 308 143

66 395 137 449 olibi
162 396 193 448 in
220 393 377 464 Smpturis
401 401 558 449 occurrant.
595 398 618 448 1.
647 392 803 448 Avensrius
821 399 903 464 putat
930 393 1013 447 111111
1032 393 1201 461 discrepent,
1220 392 1380 446 Hebraeum
1396 409 1505 447 sensum
1523 394 1581 447 auis
1599 395 1767 464 repressisse

65 497 123 536 esse
149 476 331 549 compositam
355 494 450 534 vocem
468 495 501 534 ex
526 480 591 530 'rue
614 479 831 554 1111111111,Ι
859 479 901 532 teo
929 478 1109 531 acrmombus.
1144 475 1293 533 Praeterea
1315 476 1390 531 aliud
1416 483 1459 533 est
1485 476 1656 549 Scripturam
1678 487 1766 535 11111·

63 581 147 623 sensu
165 581 213 634 ec,
237 563 535 633 111111111111111111,
563 564 638 635 quod
656 562 751 619 itidem
770 581 804 619 ex
822 561 903 617 Chal·
929 562 1009 632 ierre,
1030 562 1106 618 aliud
1119 561 1276 634 scripturae
1294 562 1384 617 locum
1402 563 1532 635 allegare.
1551 565 1644 620 Etiam
1655 573 1767 622 nostrae

58 651 144 713 ,suos
169 647 350 705 metatione
365 649 475 720 probat.
510 655 533 706 3.
556 648 695 704 Gesnerus
713 655 795 719 putat
811 648 900 719 legen·
930 647 1062 705 ecclesiae
1095 647 1220 703 doctores
1251 665 1285 702 cx
1312 647 1428 720 vulgata
1459 649 1590 709 versione
1607 650 1710 706 Latina
1737 652 1766 707 in

61 736 130 791 dum
153 750 215 790 esse
239 732 321 788 unico
338 733 472 807 punctulo
490 733 586 788 addito
607 735 699 808 ''2⁸0²'’
718 738 750 787 ut
767 731 903 803 sitplura·
930 731 1164 803 disputationibus
1183 733 1326 788 adducunt
1337 734 1496 805 Scripturas
1506 735 1589 804 dicta,
1610 753 1663 791 nec
1673 743 1766 793 tamen

62 820 96 876 lis
126 835 259 877 nummus
286 819 316 875 iu
344 816 479 890 regimine
513 835 564 889 pro
595 819 724 894 et'ttssg,
744 823 773 872 et
791 817 903 888 exponit
930 825 1076 890 propterea
1100 835 1162 872 eam
1189 818 1378 875 authenticam
1403 837 1462 876 esse
1487 826 1627 891 statuunt,
1651 822 1766 877 sedne

57 907 247 976 perforantes
263 903 308 958 vel
327 905 539 975 perferentium
561 922 659 959 manus
677 921 753 959 meas
772 912 798 956 et
815 905 902 973 pedes
930 904 1058 960 cessitate
1085 904 1125 959 ita
1148 904 1254 959 ferente
1280 905 1316 959 ad
1339 903 1430 961 fontes
1448 905 1591 962 Hebraeos
1607 914 1766 978 provocant

60 1008 146 1046 maes.
180 995 205 1046 1.
223 987 294 1045 Cum
310 1006 366 1046 uon
384 987 474 1043 solum
491 988 602 1053 Masora
620 987 901 1060 parvuinaunotad
930 990 1047 1060 Insuper
1063 988 1120 1044 alia
1138 988 1220 1043 hodie
1239 996 1281 1044 est
1299 990 1369 1045 ratio
1387 991 1520 1047 versionis
1530 990 1664 1058 Graecae,
1683 1008 1767 1064 quam

59 1075 139 1131 Pssl.
160 1080 209 1145 22,
227 1091 253 1129 v.
273 1081 328 1144 11,
351 1074 400 1130 scd
418 1072 503 1129 etiam
521 1073 632 1129 Mesora
647 1089 750 1144 magna
766 1072 855 1127 1111111
873 1072 902 1126 in
930 1092 1002 1146 quae
1020 1075 1087 1129 olim
1104 1074 1172 1142 tuit,
1191 1091 1254 1129 cum
1275 1073 1384 1132 Graeca
1401 1076 1450 1131 illa
1467 1077 1502 1135 V.
1522 1077 1556 1136 Τ.
1577 1079 1675 1144 versio,
1694 1094 1767 1148 quse

60 1159 151 1234 prim.
173 1159 215 1216 lit
235 1167 273 1213 Ν
291 1164 396 1225 notent,
414 1160 495 1211 turn
513 1157 559 1213 hic
576 1158 659 1214 aliam
678 1158 781 1214 habere
798 1156 901 1229 siguifi-
929 1160 1011 1216 hodie
1034 1165 1138 1226 exstat,
1165 1160 1208 1215 vel
1226 1177 1281 1214 non
1301 1161 1338 1214 sit
1354 1161 1437 1216 LXX
1455 1163 1573 1235 interpp.
1592 1165 1696 1232 versic,
1721 1163 1767 1218 vel

62 1244 219 1314 cntionem,
245 1262 328 1318 quam
345 1244 409 1299 Eua.
429 1249 476 1313 38,
502 1263 527 1299 v.
549 1250 587 1300 13.
616 1244 665 1300 uhi
687 1243 813 1299 redditur
833 1245 903 1296 aient
930 1246 1022 1302 multis
1049 1246 1138 1300 modis
1160 1244 1198 1299 sit
1221 1253 1350 1317 corrupta
1374 1253 1402 1302 et
1420 1247 1525 1303 vitiata.
1560 1247 1690 1320 Denique
1710 1264 1766 1304 non

61 1332 116 1399 leo,
132 1347 168 1387 er
186 1347 219 1388 ec
236 1329 389 1402 colligitur,
409 1330 489 1381 *aaz
509 1329 560 1383 hoc
578 1327 607 1381 in
624 1328 685 1382 loco
704 1329 764 1385 sine
775 1329 833 1383 ulla
846 1345 902 1384 cor·
928 1331 981 1388 hec
1005 1331 1061 1388 fine
1087 1349 1120 1388 cx
1142 1332 1267 1387 versione
1290 1331 1400 1388 Graeca
1422 1330 1582 1405 Scripturas
1606 1334 1681 1390 dicta
1701 1333 1766 1389 cita·

60 1416 193 1491 ruptione
221 1415 343 1488 pesitum
369 1431 436 1471 esse
455 1431 506 1484 pro
523 1415 585 1486 t'tit
610 1429 643 1468 ac
661 1415 823 1471 vertendum
837 1432 902 1484 per·
929 1423 1001 1486 runt,
1019 1417 1099 1489 quasi
1116 1417 1260 1473 Hebraeos
1278 1417 1369 1473 fontes
1386 1423 1540 1474 statuerent
1556 1437 1616 1475 esse
1634 1420 1765 1474 crummi-

60 1503 208 1573 sodomus,
226 1502 298 1559 sicut
315 1499 400 1556 LXX
416 1498 598 1554 reddiderunt
617 1497 735 1573 ὤρυξαν.
766 1499 901 1570 Hierony·
928 1511 1007 1558 natos
1026 1521 1058 1558 ac
1074 1502 1215 1569 turbidos,
1238 1502 1288 1557 sed
1311 1503 1378 1574 quia
1394 1501 1503 1559 Graeca
1520 1504 1609 1560 versio
1628 1511 1695 1559 uine
1712 1502 1766 1558 fuit

60 1605 124 1644 mus
136 1589 263 1659 fluerunt
278 1585 446 1656 Aethiopica
463 1590 492 1641 et
509 1583 584 1656 vulg.
602 1585 743 1647 sederunt.
776 1584 904 1641 Occurrit
929 1589 1109 1645 usitatissima
1127 1595 1155 1645 et
1174 1587 1370 1659 receptissima
1405 1588 1591 1660 Hieronymus
1609 1591 1638 1645 in
1659 1597 1764 1661 quaest

10 1673 150 1747 usigitur
176 1673 207 1729 in
228 1673 281 1729 hsc
302 1688 371 1728 voce
398 1671 538 1728 anomalia
555 1671 692 1742 quaedam
711 1671 900 1743 grammatica.
929 1693 1012 1747 super
1030 1674 1164 1731 Genesin:
1183 1675 1267 1728 Illud
1276 1675 1448 1743 numeraliter
1461 1676 1671 1746 obseruandum,
1688 1678 1765 1747 quod

60 1769 101 1813 Ν
122 1761 168 1816 vel
194 1775 246 1832 per
270 1759 435 1833 epenthesiu
457 1759 501 1813 vel
520 1775 553 1813 ex
570 1756 662 1827 prisea
679 1756 818 1813 scribendi
836 1773 899 1812 con·
928 1762 1082 1831 ubicunque
1105 1779 1128 1814 1.
1151 1760 1276 1828 apostoli
1296 1767 1346 1813 aut
1369 1762 1520 1829 apostolici
1540 1762 1598 1815 eirs‘
1614 1763 1765 1831 loquentur

59 1845 211 1902 custudire
228 1844 282 1901 fnit
300 1845 448 1913 insertum,
475 1861 524 1915 pro
541 1849 554 1893 1
572 1844 602 1899 in
620 1842 676 1898 fine
690 1842 810 1913 positum
830 1845 900 1897 est*
928 1849 969 1901 ud
982 1847 1116 1916 populos,
1135 1845 1173 1899 iia
1185 1845 1353 1914 plerummse
1371 1845 1535 1898 testimoniis
1554 1854 1674 1912 utuntur,
1694 1862 1765 1916 quae

60 1948 135 2004 quse
152 1936 220 1987 sunt
236 1930 335 1987 literae
352 1932 538 2004 ἐμμειαβολοί
554 1929 612 1984 sive
631 1927 749 1984 inuicem
761 1933 901 1999 permuta·
926 1933 987 2001 jum
1006 1934 1129 2004 fuerunt
1153 1932 1184 1984 in
1209 1931 1335 1999 pentibus
1362 1931 1525 2000 dimutputu,
1556 1932 1685 1986 uidelicet
1709 1948 1765 1999 per

59 2017 148 2088 biles,
173 2022 207 2072 ut
233 2014 327 2070 multis
359 2014 491 2086 exemplis
516 2014 635 2071 ostendit
658 2015 778 2070 Avenar.
804 2014 852 2069 lib.
878 2019 901 2068 3.
928 2018 1140 2072 translationem
1163 2015 1247 2070 LXX
1267 2016 1458 2086 interpretum.
1496 2023 1521 2072 1.
1539 2016 1643 2073 Paulus
1660 2017 1765 2072 fontem

59 2120 180 2177 gramm.
199 2121 227 2175 p.
247 2109 306 2160 181.
342 2100 495 2157 Confirmat
510 2102 582 2157 hanc
603 2101 767 2166 sententiam
784 2099 901 2158 Schind·
927 2102 1087 2160 Hebraeum
1116 2106 1145 2156 et
1172 2099 1321 2156 dictionem
1350 2104 1385 2170 tt>
1420 2103 1457 2158 sd
1486 2102 1601 2158 verbum
1631 2101 1766 2173 expressit
1858 2167 1860 2173 Ι

60 2191 135 2246 larus
154 2189 239 2246 etism
256 2205 289 2245 er
307 2205 352 2256 eo,
369 2188 445 2259 qnod
464 2192 485 2239 :t
511 2187 565 2242 sub
583 2203 613 2241 se
630 2185 735 2242 habeat
753 2207 776 2250 τ,
794 2203 828 2240 ex
845 2201 900 2257 quo
928 2188 991 2245 Gal.
1011 2195 1035 2254 6,
1053 2208 1078 2244 v.
1098 2192 1141 2247 tt:
1161 2185 1220 2240 ὅσοι
1239 2187 1277 2256 τῷ
1294 2184 1392 2242 uirum
1411 2189 1496 2258 rodum
1515 2187 1693 2260 στοιχήσουσι
1711 2194 1764 2244 etc.

61 2274 243 2331 nanifestam
261 2273 311 2340 sit,
329 2274 438 2330 literam
455 2273 527 2328 hane
544 2288 600 2327 nou
618 2289 678 2328 esse
696 2272 835 2340 coroticus,
852 2271 900 2326 sed
929 2282 953 2330 5.
973 2272 1336 2346 TemporeMascretharum
1353 2273 1457 2330 lectum
1473 2274 1559 2331 fnisse
1576 2275 1647 2344 etp
1664 2291 1698 2329 ex
1717 2290 1763 2330 ne

62 2360 231 2428 1111111111,
250 2358 316 2431 quia
333 2359 401 2414 elias
418 2357 534 2414 haberet
551 2357 667 2415 Schera.
927 2361 962 2415 tis
979 2361 1101 2432 ipsorum
1119 2365 1245 2432 apparet.
1273 2358 1349 2431 Ergo
1366 2360 1445 2415 nulla
1462 2358 1508 2415 hic
1526 2361 1596 2415 latet
1612 2360 1764 2432 corruptio·

10 2460 38 2502 st
96 2452 157 2504 331.
182 2451 209 2521 ,1.
229 2444 303 2500 Ρ111.
325 2452 370 2515 19,
392 2462 418 2498 v.
437 2450 461 2500 5.
499 2445 638 2498 Hebruiei
660 2444 770 2498 redires
790 2445 899 2511 lerunt:
927 2446 970 2500 nis
988 2445 1116 2517 suspicio.
1152 2444 1353 2500 Mssorethims
1376 2445 1448 2501 enim
1465 2445 1530 2501 illae
1548 2451 1631 2502 notae
1648 2464 1705 2502 non
1722 2462 1764 2500 so·

10 2514 99 2603 1⁴1„
121 2521 230 2586 onmem
257 2539 361 2586 terrum
383 2531 466 2584 euicit
487 2529 561 2604 022
582 2531 685 2597 idest,
703 2531 899 2597 timorosum,
926 2532 983 2587 lum
1014 2539 1079 2587 ante
1110 2530 1371 2602 Hieronymianam,
1403 2532 1452 2588 sed
1481 2532 1564 2588 etiam
1591 2538 1655 2587 ante
1679 2530 1762 2586 LXX

10 2624 27 2656 ι
61 2619 120 2674 rsus
135 2616 370 2689 perpendiculum
390 2633 499 2685 comm,
524 2634 585 2670 cum
609 2623 701 2670 tamen
719 2616 802 2670 LXX
817 2623 899 2668 11111-
927 2619 1043 2690 interpp.
1077 2616 1231 2672 versionem
1264 2616 1342 2673 fuere
1373 2618 1492 2689 scriptae
1524 2624 1552 2673 et
1581 2617 1694 2688 quidem
1725 2615 1762 2671 ab

60 2706 131 2775 retii,
157 2701 287 2775 φθόγγος
310 2700 402 2756 αὐτῶν
425 2710 450 2755 si
473 2719 569 2756 eorum
590 2703 742 2757 eumenem
760 2702 899 2772 approba·
928 2705 1017 2760 Eadm
1044 2710 1074 2759 et
1099 2703 1162 2758 aliis
1187 2702 1254 2757 viris
1281 2720 1442 2776 synagogae
1467 2722 1599 2778 magnae,
1629 2711 1662 2760 ut
1688 2704 1760 2761 Bux-

60 2792 131 2847 rsrit
148 2788 255 2845 Paulus
271 2787 352 2845 Rom.
372 2795 417 2858 10,
440 2806 466 2842 v.
485 2794 525 2845 te.
567 2788 642 2852 Quid
663 2790 741 2857 quod
762 2788 899 2856 1111111111·
926 2790 1022 2846 tertius
1065 2794 1094 2845 et
1136 2789 1184 2845 alii
1224 2789 1382 2846 Hebraicae
1413 2790 1572 2847 literaturae
1601 2789 1762 2863 peritissimi

61 2895 122 2932 mus
144 2879 187 2931 ud
211 2877 323 2930 literam
346 2875 476 2928 reddidit
493 2891 526 2927 er
543 2874 688 2941 Hebraeo,
715 2874 798 2927 crivit
815 2891 899 2927 sonus
926 2882 1059 2932 statuunt
1800 2866 1808 2884 ⁶

59 2981 164 3028 mmm,
182 2971 213 3017 ut
233 2963 343 3016 omnine
360 2977 467 3016 measse
484 2961 534 3029 eit,
554 2968 603 3014 aut
616 2960 740 3014 Paulum
757 2968 782 3014 et
798 2960 899 3014 Hiere-
962 2969 1019 3020 332.
1053 2968 1077 3018 5.
1107 2965 1253 3016 Interdum
1284 2965 1382 3016 desunt
1411 2962 1537 3031 inteprue
1557 2962 1708 3016 asmantiae
1733 2962 1763 3016 in
1776 2971 1804 3011 11.
1816 2970 1863 3015 nt
1878 2974 1903 3016 e.

59 3068 172 3119 aymam
195 3048 410 3119 reprehendere,
435 3056 485 3102 uut
508 3054 580 3101 certe
595 3047 701 3114 fateri,
722 3048 830 3113 fortem
848 3047 899 3101 bec
926 3051 1064 3116 Hebraeo,
1091 3066 1152 3103 cum
1168 3067 1224 3103 non
1243 3049 1336 3104 desint
1352 3066 1402 3102 nec
1420 3048 1450 3101 iu
1467 3048 1552 3102 LXX
1565 3048 1683 3117 interpp.
1701 3063 1762 3099 oer-
1773 3044 1890 3090 &th

59 3138 122 3193 lece
150 3155 208 3192 neu
235 3152 293 3190 1111
320 3153 432 3206 purum.
477 3133 635 3188 Verisimile
661 3141 753 3187 eutem
778 3140 817 3186 est
843 3133 901 3201 lupi
925 3137 1018 3205 siene,
1047 3152 1096 3189 nec
1118 3135 1149 3188 in
1175 3135 1342 3203 Hieronymi
1366 3134 1556 3189 translatione.
1596 3132 1761 3200 Euemplum
1775 3099 1877 3190 iiiii?

58 3224 160 3281 meus
186 3205 278 3296 flii?
312 3238 370 3274 111111
399 3219 471 3273 erim
494 3220 578 3274 litera
603 3227 710 3273 1111111111
738 3218 840 3272 addita
866 3234 899 3270 11·
925 3224 1056 3277 babemus
1080 3222 1174 3276 Ereti.
1199 3225 1225 3275 2.
1254 3221 1302 3274 uu·
1329 3222 1406 3274 111111
1432 3226 1517 3274 tetum
1540 3219 1632 3272 illud:
1663 3218 1761 3272 Alium
1774 3201 1829 3242 ²¹⁸⁴·

58 3308 132 3379 nt?
154 3310 188 3378 fit
215 3292 316 3377 hilp.
361 3305 444 3376 Hesp.
479 3311 501 3361 1.
528 3303 699 3361 Genebrard.
729 3303 759 3358 in
787 3302 898 3358 scholiis
926 3325 1033 3378 mmmm
1052 3308 1147 3376 penuit
1170 3314 1195 3360 et
1217 3305 1326 3360 occurit
1351 3322 1449 3359 nemen
1476 3305 1538 3372 ejus
1562 3304 1688 3369 Eliesar,
1717 3302 1761 3357 ei·
1897 3288 1902 3296 ’

59 3395 134 3452 Ρ111.
153 3400 192 3451 19.
217 3390 328 3462 scribit,
349 3408 442 3445 recem
467 3391 638 3445 Hebreieum
661 3390 820 3460 eiym'fieare
838 3392 898 3460 qui·
926 3413 1005 3449 oenc:
1030 3395 1110 3447 Deua
1130 3392 1227 3462 patrie
1246 3391 1301 3445 mei
1317 3391 1472 3446 curiliatua
1491 3397 1533 3444 111
1551 3390 1620 3444 milri
1643 3397 1669 3444 11
1695 3389 1761 3442 libe-

60 3480 250 3549 demlireum,
267 3477 415 3532 eedLXX
424 3478 544 3547 interpp.
562 3477 898 3546 rasperr'esecdaeneum,
925 3481 999 3534 revit
1021 3496 1063 3533 me
1087 3479 1123 3533 de
1147 3496 1231 3532 manu
1255 3478 1428 3534 Pharaonis.
1464 3475 1549 3548 Hesp.
1573 3483 1594 3532 1.
1614 3475 1760 3530 Hebraeus

60 3582 165 3638 sosque
194 3570 321 3621 secutum
351 3580 411 3620 esse
440 3563 643 3634 Hieronymum
667 3563 697 3617 in
720 3566 846 3618 versione
871 3568 899 3618 st
924 3571 1015 3622 textus
1043 3563 1209 3620 versiculum
1237 3562 1316 3617 illum
1343 3563 1430 3618 habet
1461 3579 1512 3618 suo
1541 3563 1602 3618 loco
1631 3561 1763 3616 videlicet

59 3651 216 3724 apostolum
239 3650 269 3705 in
290 3648 458 3722 allegatione
480 3649 560 3706 Rom.
582 3654 625 3713 ts,
652 3666 678 3702 v.
701 3654 740 3705 18.
765 3648 831 3719 quis
851 3648 897 3702 do
925 3670 948 3707 c.
971 3657 1017 3721 18,
1042 3657 1111 3707 nt
1147 3656 1172 3705 2.
1194 3649 1298 3705 Latina
1322 3656 1350 3705 et
1372 3648 1483 3705 Graeca
1503 3648 1594 3704 versio
1619 3664 1674 3702 non
1698 3653 1765 3705 sunt

59 3739 151 3794 ctrina
169 3737 358 3809 apostolorum
376 3742 420 3791 est
436 3735 525 3805 linea,
550 3734 779 3807 perpendiculum
802 3750 836 3789 ac
856 3751 898 3790 re·
925 3737 1025 3810 regula
1054 3736 1230 3792 authenticae
1253 3735 1377 3791 veritatis
1401 3736 1429 3789 in
1451 3742 1529 3791 textu
1558 3733 1698 3800 Hebraeo,
1730 3749 1764 3788 er

58 3824 128 3897 gula
143 3822 273 3880 amnium
299 3822 329 3877 in
353 3821 470 3878 ecclesia
493 3822 663 3893 dogmatum.
706 3826 729 3876 2.
756 3819 898 3876 lohannes
926 3823 1021 3878 rivulis
1048 3823 1121 3878 enim
1145 3839 1201 3877 uon
1226 3827 1269 3876 eat
1290 3821 1448 3876 faciendum
1467 3819 1605 3892 judicium
1627 3819 1661 3873 de
1677 3819 1763 3882 fonte,
1804 3876 1810 3893 ‚

59 3906 173 3966 hamus
185 3915 287 3978 menet,
306 3908 455 3964 Medorum
473 3909 511 3976 tp,
529 3906 612 3963 etiem
624 3904 782 3978 significare
793 3923 898 3958 eorum.
926 3909 975 3963 sed
1000 3917 1096 3964 contra
1118 3908 1211 3979 potius
1236 3924 1269 3962 ex
1291 3905 1369 3961 fonte
1391 3905 1574 3976 judicandum
1598 3906 1633 3958 de
1658 3903 1763 3958 rivulis.

58 3996 116 4075 ¹Sed
139 4012 196 4051 non
218 4001 329 4052 exstant
344 3994 429 4065 hujus
445 3992 656 4064 significationis
675 3991 813 4063 exempla,
836 3990 898 4047 ideo
927 4001 950 4049 3.
978 3994 1047 4060 Quis
1072 4000 1162 4048 certos
1186 4010 1237 4047 nos
1255 3991 1368 4058 reddet,
1397 3990 1533 4046 Hebraeis
1556 3989 1699 4044 codicibus
1716 3989 1762 4043 hic

58 4080 235 4139 verisimilius
252 4087 304 4150 est,
322 4080 405 4136 LXX
424 4081 545 4151 interpp.
566 4096 599 4136 ex
613 4095 694 4134 versu
715 4077 898 4149 praecedente
926 4079 1032 4150 aliquid
1049 4080 1154 4148 deesse,
1172 4078 1247 4151 qnod
1265 4075 1421 4132 necessario
1439 4076 1475 4131 sit
1487 4075 1680 4146 supplendum,
1699 4091 1763 4128 cum

57 4167 129 4223 illud
146 4165 313 4223 vocshulum
338 4165 508 4237 repetivisse.
545 4169 569 4219 3.
589 4162 715 4219 Christus
733 4169 762 4219 et
780 4161 898 4234 spostoli
925 4166 986 4235 pari
1004 4165 1139 4220 facilitate
1156 4169 1303 4237 statuatur,
1323 4160 1438 4217 Graecis
1458 4168 1486 4216 et
1499 4161 1605 4215 latinis
1620 4158 1763 4216 codicibus

59 4269 114 4309 nen
139 4251 228 4307 solum
252 4251 282 4306 in
306 4251 454 4314 hocloco,
480 4249 639 4304 sedetiam
663 4248 729 4305 alibi
747 4249 851 4319 passim
870 4247 898 4300 in
926 4268 985 4306 esse
1018 4250 1125 4321 aliquid
1156 4248 1366 4303 detrahendum.
1411 4253 1436 4302 4.
1460 4245 1611 4317 cajetanus
1641 4244 1759 4298 fatetur:

59 4338 93 4398 N.
111 4338 146 4395 Τ.
165 4337 241 4394 dicta
259 4355 293 4394 ex
309 4336 345 4393 V.
361 4336 395 4392 Τ.
415 4336 539 4407 allegant
560 4352 617 4389 non
638 4335 721 4406 juxta
736 4333 823 4389 rerba
840 4339 897 4388 tex·
931 4336 1102 4390 Vuamlum
1118 4336 1200 4390 illum
1218 4351 1276 4388 1111
1291 4348 1543 4403 111111111111111111111,ι
1561 4329 1760 4386 Iaovanitensss

57 4431 104 4481 tus
121 4422 264 4492 Hebraici‚
284 4423 334 4477 sed
349 4423 431 4493 J'uxta
448 4421 601 4477 versionem
612 4419 695 4475 Lxx
708 4419 897 4490 interpretum,
925 4439 988 4478 eum
1009 4421 1142 4476 asteriaco
1161 4426 1272 4490 notant,
1306 4418 1445 4473 Robertus
1464 4417 1621 4488 Stephanus
1639 4432 1702 4472 eum
1720 4431 1762 4471 rs·

58 4512 99 4567 uti
116 4515 212 4565 monet
227 4508 415 4578 Hieronymus
432 4507 461 4562 in
479 4513 585 4578 quaest.
603 4523 687 4578 super
699 4505 801 4561 Gener.
819 4523 842 4560 c.
855 4512 897 4562 46.
920 4507 991 4580 jicit.
1028 4514 1051 4562 5.
1078 4506 1108 4562 Si
1135 4507 1171 4561 ad
1196 4505 1301 4577 Moysis
1321 4509 1515 4576 argumentum
1534 4511 1561 4558 et
1578 4502 1762 4557 continuatio·

57 4595 100 4651 Ex
118 4610 153 4651 eo
171 4610 237 4650 vero
252 4592 347 4650 inferri
364 4611 420 4649 non
439 4599 532 4664 potest
547 4607 600 4647 nec
613 4591 705 4654 debet.
723 4597 828 4646 textum
842 4591 897 4646 He·
924 4611 987 4649 nem
1007 4592 1137 4647 historiae
1154 4591 1321 4660 attenderis,
1344 4590 1436 4662 inepte
1454 4589 1508 4645 hoc
1526 4589 1587 4644 loco
1608 4587 1760 4644 versiculus

57 4679 175 4738 meeum
197 4697 254 4736 non
277 4695 339 4734 esse
360 4678 566 4745 authenticum,
596 4692 648 4731 nec
670 4676 750 4732 nobis
766 4693 784 4731 a
801 4676 896 4731 rivulis
924 4680 976 4735 iste
994 4678 1131 4733 inseritur.
1168 4676 1276 4733 Gersun
1295 4675 1366 4732 enim
1385 4674 1492 4747 Moysis
1509 4675 1583 4730 filim
1600 4673 1693 4729 multis
1712 4689 1761 4728 an·

58 4766 94 4823 sd
111 4764 206 4821 fantes
222 4764 427 4821 recurrendum
447 4761 556 4818 ·Primo
575 4762 648 4816 enim
665 4761 712 4833 qui
732 4779 826 4818 sumus
845 4779 896 4816 nos
923 4764 968 4819 nis
996 4771 1186 4836 praecesserat
1214 4763 1368 4818 Elieaerem
1396 4760 1522 4830 11111111,
1551 4760 1652 4832 quihus
1682 4761 1762 4815 annis

56 4851 154 4907 collad
169 4850 208 4905 sd
225 4849 366 4906 Christum
380 4848 540 4920 scripturae
559 4846 726 4919 Magistrum
744 4853 773 4902 st
787 4854 897 4919 sposto-
923 4850 1068 4905 Israelitae
1095 4854 1278 4921 respexerunt
1298 4849 1334 4904 ad
1358 4846 1465 4912 Deum,
1493 4852 1522 4902 et
1542 4846 1620 4901 Deua
1638 4846 1674 4901 ad
1691 4845 1763 4901 illos.

55 4937 97 4993 lus
127 4936 287 4993 immediato
318 4935 436 5007 Spiritus
466 4933 565 4989 afflatu
595 4934 752 5006 impulsos?
788 4933 897 4989 Deinde
924 4937 1033 4992 11111111
1059 4952 1123 4991 vero
1144 4935 1197 4991 sub
1220 4934 1304 4989 finem
1327 4950 1460 4988 annornm
1483 4932 1594 4986 illorum
1620 4937 1702 4987 nattis
1721 4934 1764 4986 est

55 5023 123 5079 licet
143 5039 201 5079 non
224 5038 331 5094 semper
353 5021 416 5092 ipsa
431 5020 517 5075 verba
533 5024 688 5090 sectentm,
716 5027 810 5075 tamen
835 5039 896 5076 sen·
925 5030 953 5078 et
977 5021 1068 5077 adhuc
1096 5020 1150 5076 fuit
1175 5019 1399 5086 incircumcisus,
1425 5034 1489 5074 cum
1511 5033 1572 5074 sese
1595 5017 1706 5088 Moyses
1725 5015 1762 5071 sd

54 5126 119 5165 sum
146 5123 182 5163 sc
205 5113 325 5165 mentam
348 5106 524 5179 purissimam
549 5105 680 5173 retinent,
708 5105 896 5178 Hieronymus
925 5109 1109 5165 reversionem
1132 5105 1161 5160 in
1187 5106 1349 5176 Aegyptum
1374 5102 1546 5175 accingeret,
1569 5110 1601 5158 ut
1617 5107 1697 5159 notat
1713 5102 1763 5158 Ju-

54 5194 140 5267 spist
163 5199 221 5250 tet.
245 5193 282 5250 sd
307 5192 466 5264 signiam:
499 5192 657 5262 Ubicumque
680 5194 715 5246 111
737 5193 767 5246 V.
790 5193 898 5247 lustru
925 5196 987 5250 nius
1004 5194 1033 5247 in
1052 5192 1236 5247 animadvers.

52 5286 148 5335 sento
172 5278 361 5348 melisius
389 5286 414 5333 11
442 5278 567 5348 apostoli
591 5278 749 5331 testimonia
771 5280 895 5348 protule-
960 5285 1018 5336 333.
1054 5278 1149 5348 Atque
1175 5275 1244 5331 haec
1273 5280 1338 5328 sunt
1364 5274 1485 5346 quinque
1510 5272 1559 5328 illa
1577 5272 1612 5329 V.
1635 5272 1668 5327 T.
1694 5272 1763 5337 loca,

50 5373 137 5437 nest,
162 5364 328 5434 111ΐί111111
354 5365 556 5420 eumenidum
582 5372 636 5434 111,
667 5381 723 5417 non
746 5365 899 5421 1111111111
926 5382 996 5437 quae
1019 5360 1204 5419 Bellsrminus
1230 5360 1260 5414 in
1283 5366 1362 5417 textu
1380 5358 1511 5416 Hebraeo
1529 5359 1685 5430 suspicatur
1703 5374 1764 5413 esse

49 5459 164 5509 1111111
177 5468 253 5521 esse,
271 5453 323 5506 red
338 5468 457 5521 seucum,
474 5459 499 5505 et
517 5450 668 5518 ubsmnque
687 5449 773 5503 LXX
787 5452 823 5504 ab
840 5452 896 5506 Hs·
925 5456 1063 5521 corrupta
1098 5446 1179 5514 Quod
1212 5447 1237 5500 si
1266 5446 1312 5501 rel
1342 5445 1460 5502 mxime
1488 5446 1517 5500 iu
1540 5444 1598 5499 illis
1625 5444 1764 5516 quaedum
