3984 6022
514 307 566 363 DE
584 306 833 366 SANO'l'lSSIMO
850 307 1070 368 salmurus
1088 308 1289 365 medanto.
1699 316 1759 379 419

65 472 115 520 eo,
141 457 189 527 qui
215 459 319 514 creavit
344 460 496 531 hominem,
524 464 724 534 6616666666
748 464 902 534 pluralitas,
966 469 1021 520 113,
1056 470 1082 518 2.
1113 465 1255 533 Usurpari
1276 466 1311 518 de
1337 466 1400 518 Deo
1424 482 1510 518 causa
1535 466 1663 534 1666616,
1692 467 1762 520 ss’eut

65 545 99 596 ut
119 549 228 598 constat
246 561 279 598 ex
291 545 376 601 verbo
385 548 534 614 sociamus
553 555 581 604 61
592 549 753 621 pronomine
768 559 901 619 nostram,
928 559 1071 620 mapnates
1100 552 1131 605 in
1154 552 1269 622 plurali
1296 554 1331 605 de
1360 568 1389 604 se
1419 551 1497 620 loqui
1522 552 1620 607 solsut.
1661 551 1696 606 B.
1724 552 1760 608 D.

65 627 108 681 uti
133 628 215 689 etiam
240 646 273 683 er
298 632 400 701 plurali
417 631 518 690 116666.
536 640 568 704 3,
592 653 618 689 6.
636 641 682 691 226
713 638 787 690 Ecce
805 638 900 691 Adam
927 634 1039 689 Kimchi
1065 635 1094 690 in
1119 636 1231 692 11161661.
1256 656 1283 708 p.
1308 644 1332 692 9.
1371 636 1406 691 ll.
1429 637 1558 693 Salomon
1581 637 1692 693 iulos.
1719 644 1760 704 24,

63 715 162 776 faetus
179 717 263 785 quasi
278 736 349 772 unm
367 736 399 772 eu
417 721 504 774 nobis.
528 720 629 791 Ergo
621 737 650 774 m
668 738 707 787 eo,
728 722 776 792 qui
797 723 901 779 creavit
926 739 952 774 v.
968 728 1005 777 19
1033 722 1137 777 Β661ι61
1158 710 1299 779 16116666.
1320 730 1342 788 1,
1355 742 1380 778 v.
1392 729 1432 779 26
1456 723 1541 794 Resp.
1556 730 1578 779 1.
1598 722 1628 779 61
1646 741 1760 779 numero

10 800 175 855 86666166
200 809 229 856 et
252 808 365 869 terram,
395 813 437 861 est
461 807 598 878 quaedam
626 807 786 879 pluralitas,
816 827 914 896 6666
926 806 1027 877 plurali
1045 808 1268 880 magnificentiae
1284 809 1394 865 divinae
1405 808 1572 881 6136666616
1586 808 1757 879 consisteret,

63 902 117 958 per
130 888 243 959 phrasin
258 890 327 946 bara
338 892 448 948 Elohim
461 895 586 950 denotari
601 894 745 950 credimus.
912 856 1013 948 sancti
1030 892 1084 949 Dei
1100 894 1223 951 homines
1242 912 1352 966 semper
1372 901 1550 966 usurpassent
1570 896 1605 950 de
1617 894 1678 950 Deo
1694 894 1758 964 plu-

104 980 158 1029 112.
201 977 342 1045 Ruperunt
370 979 553 1034 Plotiniani:
590 986 611 1035 l
640 998 698 1034 esse
728 981 899 1036 idiotismum
926 980 992 1037 sale.
1003 981 1582 1055 AtquandoqueutuntursingulariEloah.
1595 980 1760 1039 thheodor
1853 981 1855 985 ’

63 1060 179 1130 linpuae
206 1071 328 1118 sanetas.
369 1064 516 1121 6661616
543 1066 596 1122 dei.
623 1067 761 1121 animadv.
788 1087 815 1139 p.
836 1073 898 1123 192:
926 1084 952 1137 q.
966 1067 1047 1122 2916
1060 1067 1130 1122 Gen
1145 1069 1232 1123 utitur
1245 1069 1485 1142 hocargumento:
1504 1069 1540 1123 Si
1552 1071 1631 1124 Deus
1641 1076 1761 1139 propter

62 1148 188 1200 Nomina
211 1156 375 1218 patestatem
406 1159 432 1205 et
461 1153 678 1207 dominationem
709 1155 899 1223 sipnifieantia
925 1154 1118 1208 auctoritatem
1137 1173 1171 1210 ae
1190 1157 1364 1224 majestatem
1384 1157 1419 1210 cle
1434 1173 1462 1210 es
1480 1156 1641 1225 loqueretur
1653 1155 1684 1207 in
1693 1155 1760 1224 plu·

61 1233 152 1286 solem
188 1236 269 1305 apud
290 1237 435 1291 Hebraeos
461 1239 503 1291 ad
537 1241 778 1308 mapperationem
811 1259 897 1310 quan-
924 1240 999 1308 ruli,
1033 1242 1199 1310 oportuisset
1225 1259 1284 1295 eum
1310 1242 1351 1296 ita
1375 1242 1453 1312 loqui
1475 1241 1520 1296 sel
1543 1258 1651 1311 semper
1669 1239 1714 1294 uel
1730 1249 1761 1295 ut

62 1320 131 1371 clam
144 1320 260 1390 plurali
274 1340 388 1376 nurnero
403 1325 504 1394 efferri,
524 1327 649 1394 66666616
667 1328 703 1381 de
719 1345 776 1381 una
790 1335 898 1382 tantum
919 1325 1084 1394 plurimum,
1109 1329 1277 1396 praesertim
1306 1345 1367 1383 eum
1396 1328 1483 1396 lepem
1513 1331 1595 1382 claret
1627 1328 1658 1380 in
1679 1328 1759 1383 Sina.

57 1423 207 1476 persona
204 1409 361 1478 dieantur,
389 1412 464 1483 quod
489 1412 589 1482 probat
615 1430 647 1469 ex
676 1413 786 1469 nornine
814 1413 897 1469 Adon
924 1417 948 1467 3.
969 1409 998 1466 61
1023 1412 1159 1482 ejusmodi
1183 1412 1340 1468 efficacia
1333 1431 1362 1468 m
1376 1412 1568 1492 significando
1585 1413 1639 1468 Dei
1656 1411 1760 1467 honore

61 1491 165 1548 Genea.
184 1499 226 1564 24,
244 1513 270 1551 6.
286 1503 310 1552 9.
327 1502 356 1552 61
374 1503 415 1552 59.
433 1497 519 1553 Exod
539 1505 580 1563 21,
597 1517 622 1556 v.
642 1506 665 1555 4.
684 1507 712 1556 61
731 1505 771 1555 32.
794 1507 815 1555 1
827 1501 896 1572 Reg.
924 1514 1038 1553 numero
1057 1498 1160 1568 plurali
1176 1499 1332 1568 tribuenda,
1351 1497 1565 1554 eurnonetiam
1580 1515 1647 1555 voce
1667 1499 1758 1551 ‚qens

61 1583 105 1647 22,
124 1598 148 1634 6.
169 1586 209 1636 11.
229 1588 257 1637 61
274 1598 307 1636 ex
324 1582 435 1638 nomine
452 1584 523 1639 Basl
540 1585 627 1639 Exod.
646 1591 687 1653 21,
708 1604 732 1640 6
752 1592 793 1642 29.
812 1603 835 1640 e.
856 1591 896 1652 22,
923 1601 985 1638 rum
1004 1584 1064 1639 loeo
1083 1585 1230 1657 singularis
1249 1585 1415 1657 quandoque
1433 1601 1561 1656 usurpari
1553 1583 1759 1653 concedimus,

60 1682 88 1720 s.
109 1672 147 1721 19.
168 1673 196 1721 61
211 1674 249 1722 11.
272 1667 336 1724 Esa.
356 1675 378 1736 1,
394 1688 420 1724 v.
438 1676 461 1725 3.
483 1670 661 1726 Buxtoriius
654 1690 683 1725 m
698 1671 766 1728 thes.
780 1689 894 1744 gramm.
924 1670 1071 1725 essentiam
1082 1670 1277 1742 significante
1269 1690 1298 1727 m
1309 1672 1411 1743 plurali
1422 1688 1536 1727 numero
1552 1669 1695 1742 Scriptura
1707 1671 1759 1724 uti·

59 1769 90 1823 p.
109 1759 134 1808 9.
158 1770 216 1807 esse
240 1756 388 1824 enallapeu
411 1758 521 1810 uulneri
533 1758 659 1828 pluralis
676 1777 730 1828 pro
750 1759 897 1828 siupulari,
922 1755 987 1810 tur?
1007 1764 1031 1812 4.
1042 1757 1254 1814 Dehominibus
1270 1758 1414 1830 613611666
1424 1775 1509 1814 eausa
1519 1757 1656 1830 pluralem
1664 1772 1758 1812 nume·

60 1838 138 1911 quod
156 1839 273 1910 probare
291 1846 407 1897 6666166
424 1843 561 1899 similibus
578 1844 710 1916 exemplis
730 1845 830 1901 Genea.
855 1851 895 1912 24,
923 1841 971 1897 sed
996 1843 1064 1914 quid
1089 1843 1141 1898 hoe
1164 1844 1201 1899 66
1219 1844 1324 1914 Deum,
1350 1846 1430 1916 eujus
1455 1861 1563 1900 summa
1585 1843 1706 1915 dignitas
1729 1841 1759 1897 16

20 1979 25 1988 .
59 1942 87 1979 v.
118 1932 142 1981 9.
174 1926 209 1982 de
237 1926 397 1983 abrahamo
430 1929 531 1983 dicitur
562 1921 658 2005 1311111
685 1932 806 1984 Domini
833 1934 895 1987 mei.
924 1944 956 1983 eo
974 1928 1107 1994 consistit,
1124 1936 1156 1985 ut
1172 1937 1350 2002 agnoscatur,
1369 1931 1458 2002 qualis
1466 1930 1527 2002 ipse
1535 1930 1596 1986 est?
1614 1929 1758 2001 Principes

59 2010 163 2066 Genea.
182 2018 223 2082 42,
241 2029 266 2065 v.
286 2019 326 2068 39.
347 2014 382 2069 66
398 2014 534 2086 losepho:
556 2018 677 2070 Locutus
695 2027 737 2071 est
752 2018 797 2070 uir
815 2006 894 2093 ³2th
923 2013 1082 2085 6136166661
1109 2032 1138 2070 66
1168 2015 1384 2072 consiliariorum
1412 2033 1446 2072 66
1473 2034 1618 2088 procerum
1647 2032 1759 2072 snorum

61 2099 183 2152 Domini
198 2108 289 2153 terrae
308 2102 405 2155 durae.
429 2108 450 2157 1.
465 2103 534 2175 1163.
555 2109 600 2172 16,
622 2122 648 2156 s.
666 2109 707 2160 24.
735 2105 895 2171 aedificavit
924 2100 1097 2156 adminiculis
1123 2101 1231 2174 aliquid
1256 2103 1419 2166 decernere,
1448 2103 1499 2158 ssd
1528 2104 1562 2159 de
1585 2102 1663 2158 DEO
1689 2102 1760 2158 illud

59 2185 182 2239 nominis
211 2186 306 2240 Semer
327 2175 402 2262 ’31911
438 2189 625 2242 Dominarum
656 2190 764 2244 mantia
810 2189 894 2262 Resp.
917 2185 1100 2257 ,6161666611
1121 2195 1145 2243 1.
1166 2187 1647 2260 616616666616611161163616
1666 2205 1759 2244 nume-

58 2272 163 2325 66616
181 2272 338 2328 nominibus
358 2274 456 2341 solum,
475 2275 524 2330 sed
544 2275 626 2330 etiam
643 2276 850 2347 pronominibus
862 2295 894 2332 66
922 2289 969 2326 rus
991 2273 1106 2343 pluralis
1131 2274 1182 2346 pso
1205 2274 1340 2346 singulari
1358 2273 1484 2346 ponitur,
1510 2273 1579 2329 nihil
1597 2275 1760 2331 1616661106

59 2357 161 2425 verbis,
183 2375 254 2429 6666
269 2358 330 2415 Deo
347 2361 486 2431 usurpatis
503 2362 618 2432 pluralis
634 2380 764 2419 uumerus
782 2363 895 2419 adhibe·
921 2357 1012 2428 111111111
1040 2360 1214 2431 praejudicat
1239 2360 1354 2433 linguae
1379 2368 1498 2416 1111111119-
1543 2367 1567 2416 fi·
1589 2361 1706 2427 (1111111110
1729 2362 1759 2416 111

59 2451 115 2509 tur,
134 2445 307 2515 probandum
327 2446 412 2519 igitur
429 2449 458 2502 in
476 2448 552 2503 hisee
570 2449 698 2504 omnibus
720 2468 737 2504 a
755 2451 826 2523 66661
847 2449 894 2505 61)-
921 2446 1142 2520 reliquislinquis
1148 2448 1265 2520 pluralis
1273 2466 1324 2520 pro
1338 2449 1471 2521 singulari
1482 2455 1640 2520 usurpatur,
1658 2466 1759 2505 nomeu

57 2547 132 2602 sque
150 2537 266 2604 urgente
286 2549 370 2589 66666
389 2534 595 2591 discedendum.
624 2535 682 2594 Nor
702 2544 798 2593 66666
814 2555 894 2608 urge·
921 2549 1054 2602 personae
1072 2541 1167 2589 manet
1187 2534 1344 2606 singulare,
1372 2533 1580 2607 pronominibus
1605 2550 1637 2589 ae
1665 2534 1757 2590 verbis

58 2635 138 2673 mus:
164 2623 185 2674 1.
203 2619 275 2690 quod
294 2618 341 2675 ille
365 2620 425 2691 ipse
448 2621 603 2677 idiotismus
624 2623 659 2677 ad
678 2622 768 2680 Deum
788 2641 894 2680 66666-
920 2621 1111 2676 tantummodo
1130 2621 1251 2676 mutatis:
1286 2624 1348 2677 Nos
1362 2622 1565 2676 Fsrdinandus
1579 2622 1758 2689 6666666666,-

58 2704 189 2760 medatis
207 2722 241 2761 ex
259 2713 349 2762 mente
365 2706 440 2761 illius
452 2706 564 2785 linguae
577 2708 696 2764 auctoris
708 2710 894 2780 pluralitatem
920 2704 966 2759 hic
993 2723 1057 2762 vero
1086 2723 1186 2763 nomen
1211 2724 1345 2778 personae
1369 2712 1412 2763 est
1440 2707 1548 2778 plurale
1576 2713 1605 2761 et
1630 2706 1757 2762 additum

57 2808 241 2863 personarum
270 2793 390 2850 denotet.
438 2793 508 2849 Cum
543 2795 616 2850 enim
647 2797 761 2850 Elotim
792 2795 895 2851 habeat
920 2791 1005 2847 habet
1031 2791 1146 2847 verbum
1176 2793 1324 2865 singulare.
1368 2793 1472 2854 Afferri
1494 2793 1585 2865 >igitur
1612 2793 1757 2865 oportebat

58 2895 141 2933 snum
160 2877 300 2949 singulare
318 2879 476 2936 61661361).
495 2887 518 2944 s,
536 2899 560 2933 v.
579 2889 602 2935 9.
623 2898 646 2935 6.
669 2887 707 2945 12,
725 2901 749 2935 v.
768 2888 792 2937 ι.
810 2899 833 2937 6.
854 2890 894 2952 15,
920 2878 975 2933 tale
1001 2879 1171 2950 exemplum,
1200 2880 1229 2935 in
1256 2897 1310 2951 quo
1333 2896 1433 2936 nomen
1456 2880 1565 2950 plurale
1584 2896 1648 2934 eum
1669 2878 1867 2935 6666111111

57 2982 86 3021 6.
104 2970 128 3020 6.
156 2981 179 3019 6.
203 2969 251 3034 36,
271 2982 297 3019 v.
320 2971 344 3021 2.
367 2972 429 3034 etc,
447 2982 530 3021 eccur
547 2967 575 3020 in
593 2967 689 3039 116366
706 2969 755 3023 1116
772 2971 893 3025 666166
920 2962 1022 3034 plurali
1049 2967 1185 3037 jungatur
1210 2982 1243 3021 ac
1271 2965 1448 3021 nihilominus
1472 2966 1583 3020 unicam
1609 2981 1756 3036 personam

57 3049 264 3120 simplicissima
285 3068 319 3106 ac
337 3051 484 3121 purissima
502 3053 609 3124 plurale
635 3054 670 3109 de
693 3053 755 3110 Deo
779 3074 894 3127 usurpa·
920 3057 1003 3106 notet·
1040 3058 1063 3106 7.
1084 3051 1117 3106 R
1132 3051 1215 3107 Aben
1234 3051 1306 3105 Eure
1325 3052 1418 3107 01111113
1435 3052 1576 3123 exempla,
1596 3067 1667 3123 (111116
1688 3050 1755 3105 11110·

57 3142 151 3206 retur,
168 3137 220 3191 nisi
240 3136 347 3207 inipso
366 3144 439 3193 esset
458 3139 594 3210 6666666
610 3140 777 3210 pluralitas?
796 3148 894 3197 2666
920 3142 1026 3205 runtur,
1047 3138 1168 3208 explieat
1184 3138 1214 3193 16
1231 3154 1328 3194 comm.
1348 3137 1449 3193 Gener.
1470 3143 1497 3206 1,
1515 3154 1540 3190 6.
1559 3143 1600 3193 26.
1619 3135 1755 3206 (exempla

55 3225 140 3294 juxta
167 3223 296 3279 usitatam
323 3224 448 3296 regulam
475 3225 578 3280 nomini
605 3227 707 3298 plurali
736 3215 894 3284 addendum
919 3223 969 3278 illa
986 3212 1229 3299 6661636112
1251 3233 1329 3278 tutes
1341 3225 1467 3293 filsea)
1496 3223 1542 3278 616
1561 3223 1635 3294 quod
1653 3221 1755 3278 Gener.

57 3308 159 3364 fuisset
171 3308 255 3364 etiam
267 3308 382 3365 verbum
393 3311 509 3381 plurale,
518 3311 593 3367 nullo
604 3313 685 3368 modo
694 3314 840 3370 6661616616
852 3322 895 3370 661
922 3316 967 3378 29,
1003 3328 1029 3364 v.
1053 3316 1085 3366 27
1128 3310 1226 3365 Lahan
1253 3309 1332 3364 dicit:
1372 3312 1411 3364 Et
1440 3311 1569 3362 dabimus
1595 3310 1648 3363 tili
1671 3310 1755 3363 etiam
1788 3322 1790 3327 ’

58 3395 178 3466 Moysen
186 3395 367 3453 eontraillam
378 3397 648 3469 usitatamsyntaxin
661 3400 690 3454 in
706 3402 827 3457 6666666
840 3409 893 3456 666.
920 3397 1005 3465 lonc,
1031 3414 1064 3452 ex
1082 3395 1211 3452 Hebraeo
1236 3396 1277 3450 sic
1295 3395 1429 3466 explicat:
1457 3397 1583 3451 Dabitur
1601 3396 1655 3449 tibi
1672 3397 1755 3450 etiam

58 3480 110 3535 tim
135 3480 231 3553 scripti
250 3481 293 3536 661
310 3482 395 3537 verbo
414 3483 516 3539 nomini
533 3484 635 3554 plurali
654 3485 756 3541 addere
774 3486 893 3542 voluisse
919 3484 1000 3550 laec,
1027 3489 1070 3538 est
1090 3482 1164 3537 enim
1181 3481 1284 3552 Niphul
1308 3481 1456 3552 passivum.
1501 3482 1601 3537 Posset
1617 3482 1646 3535 id
1663 3482 1755 3554 ipsum

57 3558 175 3622 verbum
195 3565 346 3640 singulare,
370 3569 423 3622 nisi
440 3569 547 3625 diverso
566 3577 693 3642 respectu
710 3577 739 3627 et
755 3573 847 3628 unitas
866 3579 894 3628 61
919 3569 1004 3624 61166
1024 3569 1059 3625 66
1081 3568 1244 3639 parentibus
1266 3574 1295 3624 et
1316 3569 1442 3641 cognatis
1469 3569 1638 3640 conjunctim
1657 3569 1755 3640 accipi.

57 3652 205 3725 pluralitas
222 3653 251 3709 in
269 3653 330 3710 Deo
348 3662 427 3710 esset.
460 3655 488 3711 Si
507 3664 538 3711 61
553 3675 609 3712 una
625 3658 751 3728 essentia,
768 3659 808 3712 ite
826 3677 892 3731 quo·
920 3656 1056 3723 116622,
1074 3674 1101 3710 6.
1120 3661 1143 3711 6.
1162 3654 1362 3727 inquitBalae:
1380 3656 1569 3710 Percutiemus
1583 3673 1652 3712 enm.
1671 3655 1754 3713 Aben

57 3757 114 3812 que
141 3757 197 3794 nna
219 3747 327 3795 tantum
351 3742 380 3796 in
403 3742 506 3798 deitate
529 3760 661 3814 persona,
690 3744 823 3800 vocabulo
846 3744 893 3799 illo
920 3743 993 3796 Ezra
1022 3742 1092 3798 dicit
1121 3758 1233 3817 666666
1268 3758 1343 3796 esse:
1375 3743 1458 3808 sorte
1483 3750 1583 3812 potero
1608 3751 1755 3812 pereutere

57 3825 161 3897 populo
185 3825 353 3896 Israiilitico,
382 3834 478 3898 utpote
503 3829 656 3901 6666661166
679 3830 787 3885 occasio
806 3831 892 3886 idolo·
920 3831 1025 3899 speum,
1053 3826 1090 3885 ut'
1109 3831 1144 3884 sit
1169 3829 1322 3885 infinitivus
1340 3829 1414 3898 Piel,
1434 3846 1489 3884 non
1507 3828 1632 3885 futurum
1649 3829 1755 3901 iliphil,

57 3912 158 3968 latriae
186 3912 286 3969 fuisset
317 3916 391 3970 data.
444 3916 514 3970 Eam
543 3933 608 3971 vero
635 3916 754 3987 Spiritus
781 3925 892 3973 6666166
920 3933 953 3971 66
972 3916 1038 3972 Nun
1055 3917 1091 3971 sit
1106 3916 1241 3986 radicale,
1265 3923 1315 3972 ant
1341 3916 1438 3972 saltem
1456 3916 1596 3971 Balakum
1615 3916 1756 3973 includere

57 3999 194 4071 singulari
221 4000 395 4071 providentia
419 4002 550 4067 removit,
578 4002 644 4057 dum
672 4003 776 4059 nomini
800 4005 893 4074 plura·
920 4021 999 4058 suum
1018 4003 1177 4060 exercitum.
1198 4004 1299 4073 «16165,
1320 4022 1346 4057 6.
1361 4009 1393 4059 21
1411 4002 1538 4076 Eliphas,
1555 4008 1620 4058 etc.
1635 4010 1682 4066 16,
1700 4010 1754 4060 6.2
1810 4001 1816 4021 ’

56 4085 93 4140 66
116 4086 223 4140 numeri
248 4085 363 4142 verbum
391 4086 531 4159 singulare
557 4089 714 4159 conjunxit3
743 4095 768 4145 3.
792 4106 893 4145 66666
919 4090 1022 4145 Β11666
1046 4090 1081 4144 66
1107 4109 1137 4146 66
1160 4091 1189 4145 in
1209 4091 1310 4161 plmali
1329 4091 1463 4163 loquitur,
1489 4090 1538 4168 sed
1559 4090 1675 4144 includit
1692 4090 1754 4143 reli·

55 4170 170 4227 Elohim
194 4189 249 4228 non
276 4178 384 4228 tantum
411 4175 603 4229 terminatione
635 4175 693 4230 sive
719 4175 892 4245 formatione,
919 4192 989 4247 quos
1006 4175 1072 4231 lobi
1091 4176 1203 4231 amieos.
1224 4183 1247 4230 2.
1266 4176 1338 4232 666.
1361 4182 1398 4240 16,
1416 4194 1442 4230 6.
1463 4182 1494 4231 29
1530 4175 1656 4230 Absolou
1671 4173 1707 4228 de
1724 4192 1754 4229 se
1865 4189 1871 4195 ·

56 4258 109 4314 sed
135 4257 216 4315 etiam
239 4259 443 4329 sipmfieatione
465 4248 572 4331 plurale
591 4269 669 4332 patet
688 4279 720 4317 ex
744 4280 790 4326 eo,
818 4262 893 4334 quod
919 4270 948 4317 et
970 4261 1134 4316 consiliariis
1158 4279 1191 4315 ae
1216 4261 1303 4331 copiis
1322 4261 1487 4315 militaribus
1506 4261 1633 4332 loquitur.
1672 4259 1754 4314 Cant.

55 4345 163 4402 habeat
185 4354 265 4401 suum
282 4345 437 4417 singulare,
460 4349 520 4418 jum
543 4365 608 4403 vero
628 4366 741 4417 nomen,
765 4350 840 4422 quod
865 4358 893 4405 61
921 4354 947 4413 1,
972 4365 997 4401 v.
1022 4353 1037 4402 4
1073 4347 1190 4402 66616616
1213 4347 1248 4401 66
1271 4365 1300 4401 66
1319 4355 1347 4402 61
1365 4346 1465 4418 puellis
1481 4347 1551 4415 suis,
1578 4346 1605 4400 h.
1623 4363 1647 4401 e.
1668 4346 1754 4400 omni·

56 4431 250 4488 terminatione
268 4439 296 4488 et
313 4432 514 4505 significatione
531 4435 639 4506 plurale
657 4443 711 4505 est,
735 4436 893 4507 inproprie
919 4433 972 4489 bus
999 4432 1138 4501 fidelibus,
1165 4432 1299 4504 pluralem
1329 4450 1474 4488 nnmerum
1493 4438 1624 4502 usurpat,
1652 4449 1754 4503 sponsa

56 4517 261 4592 significatione
298 4537 352 4574 non
393 4526 485 4590 potest
525 4522 614 4593 accipi
657 4539 707 4593 pro
744 4512 892 4594 singulari,
919 4519 992 4574 enim
1022 4519 1101 4591 regia
1129 4535 1185 4572 non
1213 4524 1256 4573 est
1284 4518 1357 4585 sola,
1393 4518 1442 4573 sed
1471 4517 1555 4572 babet
1584 4518 1752 4578 comitatum.

57 4611 81 4660 4.
99 4603 204 4660 frustra
221 4612 355 4676 urgentur
373 4611 472 4675 textus,
492 4607 520 4659 16
539 4606 639 4679 quibus
652 4608 761 4670 Baalim
781 4617 808 4664 et
816 4609 892 4664 Ado
918 4605 991 4662 Dan.
1016 4611 1044 4668 2,
1063 4623 1089 4659 6.
1115 4610 1161 4660 36:
1197 4605 1458 4672 Interpretationem
1477 4604 1598 4657 dicemus
1617 4604 1692 4673 sepi,
1718 4604 1753 4658 de

56 4690 114 4745 nim
131 4689 167 4746 de
185 4690 308 4762 personis
327 4647 514 4764 singularibus
534 4697 704 4765 usurpantur
726 4701 747 4750 1.
764 4695 835 4768 1163.
851 4701 893 4764 22,
919 4711 949 4748 66
967 4701 994 4748 61
1011 4691 1091 4746 sociis
1109 4691 1239 4762 loquitur.
1265 4690 1408 4756 Quomodo
1426 4689 1499 4744 enim
1516 4690 1617 4745 Daniel
1636 4690 1753 4745 auetori-

56 4795 83 4834 v.
105 4783 144 4832 11.
183 4774 283 4834 Gener.
302 4784 346 4847 39,
367 4796 391 4832 6.
414 4786 454 4833 29.
473 4795 495 4832 6.
515 4784 555 4842 42,
574 4798 600 4836 v.
620 4787 666 4849 39,
687 4780 893 4852 6616666616
919 4779 983 4835 tatis
1004 4795 1089 4833 causa
1115 4777 1150 4833 de
1175 4794 1205 4832 se
1223 4777 1251 4832 in
1269 4777 1372 4848 plurali
1390 4776 1549 4848 loqueretur
1568 4793 1661 4831 eoram
1678 4793 1753 4848 rege,

56 4879 152 4920 sanun
173 4864 241 4917 κατὰ
264 4863 403 4938 μερισμόν
420 4865 463 4919 661
481 4866 548 4918 κατὰ
571 4866 706 4938 διαίρεσιν
729 4867 894 4937 explicandi,
920 4866 967 4938 qui
998 4870 1058 4920 erat
1088 4863 1161 4936 regis
1190 4865 1316 4936 captivus
1351 4870 1379 4919 et
1405 4864 1465 4934 ipss
1496 4881 1544 4919 rex
1572 4870 1645 4918 esset
1672 4880 1754 4934 super

56 4949 171 5022 quidam
200 4966 265 5005 vero
293 4950 416 5020 ejusdem
442 4958 506 5006 sunt
528 4951 638 5022 generis
662 4969 696 5007 ac
721 4952 892 5019 conditionis,
920 4969 1013 5007 omnes
1037 4951 1135 5021 reges?
1161 4950 1218 5005 Alii
1241 4949 1421 5021 respondent,
1446 4949 1582 5005 Davidem
1607 4950 1636 5004 in
1652 4949 1754 5020 plurali

55 5023 167 5091 utnon
190 5035 225 5090 de
243 5035 326 5091 unica
347 5042 456 5091 tantum
473 5054 603 5106 persona,
633 5037 681 5093 sed
700 5038 810 5093 661616
833 5040 893 5109 ejus
919 5037 1008 5109 loqui,
1044 5044 1075 5092 nt
1106 5036 1183 5092 DEO
1222 5037 1475 5108 interpretationem
1506 5035 1604 5090 somnii
1638 5035 1753 5092 tribuat.

56 5122 193 5193 dominio,
221 5123 258 5177 ad
284 5122 359 5194 quod
383 5123 530 5178 consiliarii
555 5131 583 5177 et
604 5123 722 5178 ministri
746 5124 893 5194 pertinent,
921 5122 998 5179 1666
1025 5129 1083 5179 6616
1108 5123 1244 5196 judicium
1272 5122 1306 5178 ds
1331 5121 1477 5192 exemplis,
1508 5137 1579 5194 quae
1608 5120 1754 5178 66166116.

57 5209 244 5281 accipientum
277 5211 300 5263 52
321 5225 354 5264 ae
380 5209 403 5263 si
431 5208 474 5264 vel
499 5208 615 5263 maxime
633 5208 743 5263 Elohim
767 5210 796 5264 in
810 5211 894 5282 61361-
920 5216 1016 5289 cpntra
1035 5208 1153 5281 Schopp.
1181 5227 1208 5278 p.
1232 5215 1256 5265 6.
1280 5216 1309 5263 61
1333 5215 1357 5265 9.
1379 5207 1467 5263 affert.
1491 5214 1512 5266 1.
1529 5206 1601 5279 1163.
1622 5213 1666 5277 12,
1685 5226 1711 5263 r.
1730 5216 1753 5264 9.

56 5293 186 5349 ficatione
199 5294 335 5351 translata
352 5295 387 5351 de
404 5294 510 5367 angelis
528 5299 557 5348 et
570 5293 714 5363 judicibus
732 5304 894 5366 usurpatam
921 5303 944 5352 2.
964 5295 1026 5349 Par.
1056 5303 1100 5363 19,
1123 5312 1149 5350 v.
1172 5301 1187 5350 9
1222 5311 1318 5363 resse
1335 5301 1364 5348 et
1380 5293 1560 5355 consiliarios.
1585 5300 1606 5350 1.
1624 5293 1694 5367 Reg.
1712 5302 1754 5365 22,

55 5380 225 5454 pluralitatis
251 5380 479 5454 61361666116666
508 5380 672 5450 deponeret,
703 5380 773 5435 11166
801 5389 894 5438 16666
920 5403 945 5437 v.
972 5389 1052 5438 3rex
1080 5398 1109 5436 66
1138 5388 1165 5436 61
1183 5398 1325 5451 proceres,
1351 5397 1467 5454 quornm
1484 5379 1599 5435 consilio
1622 5388 1650 5437 et
1671 5398 1755 5452 opera

54 5467 169 5524 6611666
192 5474 220 5523 61
242 5468 371 5539 propriae
397 5469 480 5540 hujus
504 5467 579 5521 vocis
606 5466 802 5539 significationi
826 5468 895 5524 nihil
921 5469 1032 5524 decreta
1048 5468 1109 5523 fieri
1126 5473 1155 5524 et
1172 5468 1342 5524 exsecutioni
1361 5466 1421 5522 dari
1439 5466 1537 5552 solent,
1555 5466 1753 5539 complacatur.

56 5553 214 5625 derogaret.
919 5553 983 5610 lob.
1007 5560 1037 5627 3,
1059 5574 1085 5610 6.
1112 5563 1151 5614 11.
1179 5553 1304 5611 Christus
1328 5573 1359 5612 ss
1384 5561 1413 5610 et
1431 5553 1545 5610 Patrem
1562 5552 1644 5611 simul
1660 5551 1754 5609 testari

1370 5660 1427 5737 661,
