3984 6022
213 285 273 349 206
892 315 898 329 ·
917 278 1040 341 Locos
1057 276 1201 342 PRIMUS

150 450 153 457 ’
211 438 268 494 ficii
290 444 400 509 patrum
422 437 613 492 auctoritatem
637 445 742 508 negent
764 453 824 492 esse
847 435 1044 503 authenticam,
1065 445 1159 504 poteri
1182 455 1241 492 cerr
1260 437 1425 508 Scriptura,
1452 455 1539 509 acque
1564 436 1681 508 spiritur
1704 436 1830 494 revelans
1842 437 1900 511 pri·

212 526 287 580 unde
303 525 429 579 Romano
446 522 568 595 pontifici
586 540 647 579 eam
668 523 832 594 snbjiciunt;
855 529 879 580 8.
898 523 974 595 qnod
990 522 1043 578 sibi
1069 531 1162 588 ratur,
1197 541 1284 593 aequa
1311 526 1446 596 princepe
1470 526 1624 594 cerularii,
1659 527 1747 595 ipius·
1772 527 1902 597 princepe

212 612 322 682 saepius
345 611 462 666 invicem
484 610 688 680 contradicent,
714 627 787 682 qnae
804 610 896 666 omnia
913 626 963 665 suo
982 610 1043 664 loco
1070 608 1271 662 ecciecicrticur
1290 610 1426 680 (pontifex
1443 610 1596 676 Βοιιιιιιιιιι)
1619 611 1758 666 retertur
1773 613 1819 667 rei
1836 620 1904 669 certe

211 696 319 767 plenius
336 698 507 768 explicantur
524 702 554 753 et
569 695 773 751 confirmantur.
1070 710 1130 747 cum
1146 697 1265 749 coucilia
1279 703 1303 749 et
1316 714 1450 750 comeatu
1463 699 1697 767 cotpircoporuas
1724 697 1804 754 ldem
1821 702 1905 755 statu-

246 789 305 840 464.
343 784 507 840 ancittae.
545 783 726 839 iudiciariam
757 782 949 838 auctoritatem
976 780 1045 836 Scri·
1071 787 1122 834 unt
1141 781 1224 835 etiam
1247 783 1355 854 reliqui.
1389 783 1505 857 Gregor.
1530 785 1565 840 de
1582 784 1691 840 valent
1715 784 1745 839 iu
1762 785 1839 841 ancl.
1857 785 1904 841 lib.

85 799 134 930 'in
146 867 309 941 '.pturae
325 885 420 924 sacrae
439 869 581 940 derogant.
608 875 631 924 1.
653 870 805 938 Paraflcii,
826 868 935 924 disertis
953 866 1096 954 verbislt.
1116 883 1139 922 c.
1157 873 1185 923 2:
1215 869 1363 938 Scriptura
1381 888 1466 924 carra
1483 871 1605 924 omniurn
1617 871 1691 940 fidei
1707 873 1905 926 concavaria·

110 955 122 980 ⁰
151 953 178 982 ω·
212 961 353 1026 negantes,
372 954 543 1025 Scripturum
561 971 622 1009 erse
642 971 723 1025 posse
741 954 988 1008 controversiarum
1001 954 1046 1023 ju·
1072 971 1134 1006 rum
1153 955 1244 1022 juder
1272 972 1331 1009 erre
1358 975 1414 1010 aaa
1436 964 1535 1027 potert.
1575 956 1704 1011 Bavarici
1730 957 1857 1031 theologi
1879 958 1906 1014 ix

212 1039 310 1095 dicem.
346 1040 532 1096 Bellarminus
554 1040 602 1097 lib.
628 1045 652 1095 3.
677 1041 711 1095 de
735 1040 820 1096 verbo
837 1038 891 1094 Dei
912 1057 936 1094 c.
962 1046 985 1094 3.
1011 1039 1046 1094 de
1074 1039 1171 1111 colloq.
1194 1040 1338 1096 Rutisbon.
1391 1042 1483 1097 Sacra
1508 1043 1657 1114 Scriptura
1682 1060 1739 1097 rou
1760 1052 1800 1098 ert
1816 1046 1907 1115 judea

212 1126 371 1181 authentico
389 1126 547 1196 Scripturse
569 1126 718 1195 interprete
736 1132 764 1180 et
779 1125 874 1196 judice
892 1131 1045 1179 controver·
1074 1128 1194 1179 omarum
1224 1130 1476 1182 controuersiarum
1498 1130 1573 1199 fidei
1602 1137 1628 1182 et
1655 1130 1803 1198 relips‘oair
1831 1131 1907 1186 Cirri-

212 1213 314 1266 siarum
332 1211 476 1282 disputans
498 1213 537 1266 sic
554 1212 745 1284 progreditur:
767 1213 898 1266 Convenit
912 1213 1046 1264 iateracr
1072 1213 1189 1268 rtiaaae.
1224 1212 1371 1268 Gretserus
1397 1213 1426 1268 in
1452 1214 1512 1269 eod.
1538 1214 1636 1288 colloq.
1658 1231 1724 1271 sess.
1748 1223 1772 1273 9.
1798 1235 1827 1289 p.
1846 1222 1908 1275 292:

212 1308 237 1353 et
254 1300 443 1366 accurator,
464 1298 628 1367 Scripturas
646 1297 769 1366 iuteiiipi
788 1289 887 1351 deduc
904 1314 935 1351 eo
955 1297 1046 1366 Spiri-
1075 1299 1176 1352 Sumur
1198 1300 1228 1352 ia
1253 1310 1400 1370 coaepectu
1426 1318 1527 1354 ramae
1546 1302 1710 1372 Scrtptume
1734 1311 1762 1357 et
1785 1303 1908 1375 Spiritus

211 1395 256 1452 tu,
276 1403 329 1454 quo
342 1387 445 1453 sactae
462 1393 537 1453 ruat,
565 1386 616 1438 troc
633 1392 686 1453 eet,
707 1384 817 1452 Spiritu
834 1391 938 1438 cauae.
977 1384 1047 1435 Tota
1072 1387 1171 1439 eoacti.
1217 1388 1385 1442 Pronuntiet
1414 1389 1589 1455 reateatr'am,
1627 1396 1653 1442 et
1680 1389 1710 1441 ri
1737 1390 1833 1444 dicat:
1866 1391 1907 1446 st

210 1475 298 1540 ipitur
317 1474 441 1543 psmertio
459 1481 513 1539 ert,
530 1474 580 1526 ubi
595 1473 632 1525 rit
648 1473 699 1525 rirtc
721 1471 868 1540 Spiritrrri
903 1472 964 1524 Nor
983 1469 1046 1537 (Ca-
1077 1471 1207 1526 Gretrere
1232 1474 1305 1528 male
1324 1476 1423 1542 retur,
1452 1476 1579 1528 ceciduti
1602 1491 1690 1529 cauea
1712 1483 1777 1544 tua5
1803 1485 1834 1531 tu
1855 1478 1907 1532 Jo-

210 1557 517 1627 tholici·Rornancnses)
535 1559 732 1624 ecictimamue,
749 1558 821 1610 triac
839 1556 978 1625 Spiritum
995 1559 1048 1610 etei
1073 1560 1138 1611 cote
1157 1559 1363 1614 Heilbmaaere
1384 1561 1492 1629 cicirti‚·
1518 1569 1583 1615 tuuc
1602 1579 1651 1631 epo
1669 1563 1765 1616 rtatim
1783 1564 1907 1619 ιναιιιίῠο

211 1646 305 1698 multis
325 1645 448 1714 privatis
475 1645 629 1697 bominibus
654 1661 738 1713 caepe
756 1645 930 1712 conceditur,
954 1652 1046 1697 tamea
1075 1647 1115 1699 ad
1137 1656 1255 1699 neutrum
1279 1665 1434 1715 scamnum,
1462 1648 1562 1715 Adcit,
1589 1649 1678 1712 adiit,
1706 1650 1784 1703 adsit
1802 1657 1830 1703 ct
1846 1645 1908 1705 ccr-

212 1740 284 1785 certa
308 1732 429 1785 iaceairi
447 1733 478 1785 ia
496 1731 627 1800 ecclecia,
652 1731 704 1784 icoc
723 1739 775 1797 ert,
802 1731 832 1783 ia
851 1730 970 1783 canalio
989 1730 1046 1798 epi·
1075 1735 1185 1786 demnct
1203 1750 1251 1787 me.
1277 1733 1383 1789 Eadem
1402 1740 1445 1789 est
1460 1734 1629 1806 reliquorum
1646 1735 1791 1790 sententia
1817 1734 1908 1810 Argu·

210 1836 359 1887 scaporum
392 1819 555 1880 confirmato
587 1835 606 1869 a
633 1834 739 1870 crimme
766 1817 899 1870 eccleciae
921 1825 1046 1885 portare,
1075 1825 1180 1887 menta,
1216 1819 1317 1891 quibus
1354 1820 1542 1876 demonstrare
1570 1825 1716 1889 conantur,
1753 1821 1908 1879 &manum

211 1905 268 1957 aar
292 1905 322 1957 in
350 1921 456 1957 nummo
474 1911 592 1971 partorc
618 1920 679 1956 cum
701 1903 821 1956 coucilia
848 1902 971 1955 aliorum
993 1919 1045 1970 pa-
1073 1903 1231 1975 pontificem
1260 1922 1320 1960 erse
1347 1906 1459 1961 unicum
1486 1914 1515 1962 ce
1537 1906 1726 1963 authenticum
1754 1915 1908 1966 nonnam-

211 2000 337 2056 rtorum,·
362 1991 428 2043 idco
454 1990 587 2051 dicimus,
614 1991 743 2059 judicem
765 1991 826 2042 cirri
850 2007 944 2043 remur
971 1989 1045 2043 Scri·
1074 1991 1177 2045 siarum
1202 1990 1339 2061 judicem,
1373 1992 1512 2062 pertinent
1539 1994 1575 2046 ed
1603 1992 1694 2048 locum
1722 1993 1758 2050 de
1785 1992 1909 2051 Bonum

110 2089 132 2130 ιι
152 2085 311 2146 adepturae
336 2085 362 2129 et
387 2077 507 2130 omnium
530 2077 781 2129 coutraccreianrm
809 2092 867 2128 erae
894 2076 1046 2137 eccleciam,
1075 2076 1212 2148 pontifice,
1232 2078 1467 2134 considerabimus
1486 2078 1572 2150 igitur
1591 2094 1624 2134 er
1642 2080 1788 2147 duntaxat,
1809 2081 1910 2152 qulbus

212 2164 264 2217 boc
282 2170 333 2230 ert,
352 2163 513 2231 pontificem
532 2179 593 2215 cum
610 2162 741 2231 coucilia,
766 2162 797 2214 ia
818 2179 872 2231 quo
891 2180 984 2215 omucr
1001 2180 1046 2215 ca·
1073 2161 1261 2217 demonstrare
1292 2170 1427 2218 conantur
1452 2164 1479 2218 d.
1506 2164 1523 2218 l.
1552 2164 1711 2236 scripturae
1740 2184 1799 2223 non
1828 2182 1908 2238 pone

212 2250 312 2303 titolici
333 2249 502 2303 coaoeniuut.
538 2251 577 2303 At
603 2250 738 2303 haeretici
760 2265 853 2302 omaer
876 2250 959 2318 tujru
983 2256 1046 2301 ιιιιι-
1072 2255 1166 2316 partes
1182 2249 1328 2317 judicandi
1348 2249 1441 2306 tribui.

209 2336 293 2403 porir
317 2335 428 2404 doceat,
459 2335 598 2406 Spiritum
622 2345 748 2389 coactura
774 2336 939 2405 Scripturae
964 2335 1047 2388 iater-
1109 2340 1219 2389 4661
1247 2336 1293 2388 Er
1314 2335 1479 2405 Soeipturae
1504 2337 1721 2406 imperfectione
1761 2338 1970 2440 Scriptum

210 2430 316 2491 pretem
338 2441 394 2476 aaa
418 2439 475 2476 esre
495 2423 644 2491 altipatum
666 2423 807 2492 episcopie
828 2422 872 2475 cet
889 2422 944 2474 ulti
961 2423 1046 2474 tomi·
1072 2421 1168 2473 cartu
1192 2437 1289 2475 reruur
1311 2423 1425 2492 recipit,
1449 2439 1499 2476 aec
1518 2432 1610 2494 poteri
1627 2425 1693 2494 ipra
1710 2425 1822 2491 dicere,
1847 2398 1970 2496 qrrirffssi

212 2525 277 2561 aum
295 2509 398 2577 perrari,
415 2511 480 2563 itieo
496 2526 713 2579 auumquempue
724 2510 853 2578 judicem
871 2525 930 2562 ecre
948 2509 1046 2561 debere
1073 2507 1110 2558 cit
1132 2524 1213 2559 verm
1237 2526 1340 2562 reurue.
1376 2508 1460 2562 Item.
1487 2512 1533 2563 De
1555 2510 1718 2580 scripuras
1745 2501 1970 2605 interprete—¹³¹

214 2595 272 2648 rice
297 2597 427 2664 spiritura
444 2614 526 2649 cuum
542 2598 697 2665 sequendo,
717 2596 745 2648 ri
760 2597 821 2664 ipae
841 2597 943 2648 ἀοιιιιιι
962 2595 1045 2647 iater-
1074 2593 1145 2644 tione
1169 2595 1335 2663 praedoque
1358 2595 1450 2648 oriar
1471 2597 1609 2665 quaestio,
1635 2605 1666 2650 ut
1684 2597 1836 2668 Scriptum
1849 2608 1970 2656 arat-pr

212 2682 380 2749 pretatioair
408 2681 522 2750 tabeat,
557 2683 615 2735 ciue
637 2683 726 2736 alicui
752 2682 838 2735 alteri
859 2682 1047 2746 adiecereado
1070 2686 1161 2748 pateat
1187 2681 1368 2748 iuterpretari
1394 2699 1423 2735 rc
1446 2683 1548 2750 ipram
1583 2685 1663 2753 Erpa
1684 2684 1836 2754 Scriptura
1855 2656 1970 2759 mort

212 2782 293 2835 quem
317 2769 413 2821 codem
436 2769 510 2821 doao
532 2768 697 2837 praeditum
720 2768 829 2821 aidau.
866 2767 952 2822 Sed
944 2784 973 2821 m
995 2764 1047 2822 hac
1069 2771 1161 2833 pateat
1180 2783 1239 2819 erre
1257 2768 1505 2821 conuocariarum
1519 2769 1617 2836 juder.
1645 2767 1729 2840 Resp.
1751 2777 1773 2829 l.
1792 2770 1824 2829 Si
1838 2770 1909 2828 Sui·

212 2852 376 2907 formatione
404 2859 494 2907 status
524 2854 693 2924 quaestionis
725 2854 814 2908 multu
846 2853 1046 2908 desideramus:
1073 2856 1155 2919 ptura
1172 2869 1227 2907 non
1245 2858 1339 2922 potest
1355 2853 1464 2922 dicere,
1485 2854 1547 2925 quis
1564 2854 1602 2908 sit
1618 2872 1698 2909 verus
1717 2872 1786 2911 suus
1803 2874 1908 2929 serum,

215 2944 236 2994 l.
254 2937 318 2993 Non
335 2955 469 3011 negamus
486 2940 658 3009 simpliciter,
678 2939 839 3009 ecclesiam,
858 2940 888 2994 id
908 2947 949 2995 est
968 2939 1045 2994 mini·
1073 2952 1123 2991 nec
1152 2945 1244 3007 potest
1270 2938 1445 3010 interpretari
1472 2956 1502 2994 se
1523 2939 1619 3010 ipsam.
1662 2941 1739 3013 Ergo
1756 2944 1830 3013 perit
1845 2943 1907 3001 fids

211 3030 282 3080 stros
308 3025 441 3080 ecclesiae
466 3031 494 3080 et
516 3026 656 3080 auditores
679 3042 740 3082 esse
760 3026 884 3097 judices.
912 3025 961 3080 sed
980 3025 1046 3080 dici·
1073 3023 1245 3094 Scripturas,
1271 3025 1318 3096 qui
1337 3031 1380 3079 est
1394 3032 1524 3097 coptari,
1542 3029 1683 3096 cupienter
1702 3029 1830 3085 homiues
1844 3032 1908 3087 reri*

211 3127 273 3167 mus
299 3127 346 3166 eor
364 3128 424 3168 esse
439 3112 547 3183 jndices
565 3111 757 3167 ministeriales
781 3111 928 3167 adstrictos
945 3112 981 3166 ud
998 3129 1045 3167 eu·
1073 3111 1140 3162 dere
1162 3113 1204 3164 act
1228 3112 1352 3164 saluum.
1389 3117 1412 3166 2.
1435 3110 1465 3166 Si
1482 3112 1606 3181 pontifex
1624 3113 1653 3167 in
1670 3113 1727 3168 suis
1746 3115 1865 3172 decretis
1875 3122 1909 3173 ‘ct

211 3195 341 3252 diendam
364 3215 460 3254 rocem
484 3198 602 3271 Spiritus
626 3198 713 3254 sancti
732 3197 761 3253 in
779 3198 928 3268 Scripturis
949 3215 1045 3253 sonan·
1073 3195 1269 3265 decretalibus,
1295 3198 1323 3251 in
1346 3197 1403 3251 suis
1427 3198 1511 3252 hullir
1533 3206 1561 3253 et
1577 3199 1720 3254 breviariis
1738 3208 1833 3271 potest
1848 3220 1907 3263 rer·

210 3289 266 3339 tem
289 3291 318 3340 et
342 3285 378 3340 ad
402 3296 525 3339 normam
541 3284 642 3354 judicii
662 3284 690 3338 in
709 3282 857 3353 scripturis
877 3285 1046 3355 propositam
1073 3299 1133 3335 sum
1155 3299 1236 3337 snum
1254 3284 1405 3354 perepicuo
1428 3284 1565 3355 proferre,
1590 3286 1661 3340 adeo
1677 3293 1709 3341 ut
1729 3288 1779 3359 qui
1797 3289 1908 3346 demea

211 3371 306 3425 stricte
323 3371 532 3426 observandem
559 3377 582 3426 t.
600 3370 659 3427 Noc
677 3370 804 3438 dicimus,
822 3387 1046 3443 unumquemque
1072 3366 1210 3438 pontificis
1228 3368 1306 3440 legit,
1324 3386 1435 3424 sensnm
1452 3370 1590 3440 pontificis
1608 3388 1638 3427 se
1655 3377 1750 3429 tenere
1767 3374 1906 3447 glorium,

212 3456 312 3512 debere
336 3473 395 3512 esse
417 3456 554 3527 judicem,
582 3456 628 3511 vel
653 3456 779 3526 spiritum
797 3474 878 3511 suum
896 3458 1045 3528 sequendo,
1072 3471 1109 3508 an
1136 3470 1191 3508 non
1215 3456 1318 3526 poterit
1341 3456 1460 3526 Spiritus
1485 3462 1599 3511 sanctus
1621 3457 1651 3512 in
1677 3459 1839 3532 Scripturis·
1852 3467 1906 3517 terr

211 3545 254 3597 vel
279 3543 372 3610 alteri,
399 3560 481 3614 quem
506 3544 579 3598 dono
603 3543 802 3612 interpretandi
826 3544 980 3614 praeditum
997 3560 1045 3598 no·
1072 3539 1218 3610 perspicue
1241 3541 1329 3611 loqui,
1357 3549 1389 3596 ut
1414 3549 1505 3597 cemus
1531 3549 1560 3598 et
1587 3544 1725 3614 genuinus
1753 3556 1852 3602 seusus
1874 3564 1906 3604 ex

212 3629 295 3694 verit,
320 3629 510 3692 adhaerendo,
537 3629 609 3683 sicut
625 3629 808 3684 Bellurminns
827 3647 889 3683 cnm
907 3629 1045 3686 Svencfcl·
1071 3626 1126 3680 illie
1149 3626 1242 3699 colligi
1266 3628 1373 3698 poerit?
1412 3635 1436 3684 3.
1463 3630 1492 3687 Si
1511 3628 1654 3701 Scriptura
1678 3647 1734 3687 non
1757 3640 1852 3704 potest
1869 3634 1906 3689 di·

213 3715 302 3769 diruis
332 3732 382 3769 nos
410 3716 582 3786 conjungens
613 3714 811 3784 calumniatur,
841 3716 890 3770 sed
920 3715 1045 3775 dicimus,
1073 3728 1148 3781 cere,
1168 3713 1230 3784 quis
1248 3714 1283 3767 sit
1302 3731 1383 3769 verus
1402 3729 1512 3782 sensus,
1535 3732 1602 3788 ergo
1618 3733 1669 3773 nee
1687 3718 1840 3789 prophetae
1857 3736 1905 3777 nac

211 3817 433 3872 unumquemque
452 3800 554 3856 debere
573 3801 651 3872 sequi
666 3801 803 3870 judicium
822 3801 940 3872 Spiritus
957 3801 1046 3856 sancti
1072 3799 1189 3868 apostoli
1215 3804 1365 3870 potuerunt
1387 3801 1428 3854 ite
1449 3802 1538 3872 loqui,
1563 3809 1594 3857 ut
1611 3810 1704 3858 certus
1723 3811 1752 3859 et
1770 3806 1906 3878 ςιηιιίιιιι
1968 3855 1969 3858 ,

211 3887 240 3942 in
258 3887 406 3958 Scripturis
426 3888 510 3941 sacru
528 3886 706 3957 propositum.
726 3892 750 3944 3.
769 3886 870 3943 Sensus
888 3886 1046 3958 Scripturae
1072 3901 1168 3938 sensus
1191 3885 1363 3955 exipsorum
1383 3887 1465 3943 dictis
1485 3887 1579 3960 colligi
1595 3890 1725 3960 potuerit
1759 3889 1843 3947 Ratio
1859 3898 1906 3962 ast,

211 3973 348 4046 genuinus
365 3990 398 4027 rc
415 3973 551 4043 proprius,
569 3971 665 4026 necin
682 3972 829 4043 pontificis,
846 3989 899 4027 nec
916 3974 945 4027 in
962 3973 1046 4027 ullius
1072 3971 1146 4042 quia,
1168 3971 1243 4042 quod
1260 3971 1412 4042 prophetae
1430 3981 1459 4027 et
1475 3973 1593 4043 apostoli
1610 3976 1816 4048 praedicarunt,
1835 3978 1906 4034 idem
1942 4020 1945 4024 -

211 4056 327 4116 hominis
345 4066 456 4131 pectore
474 4059 660 4130 quaerendus,
684 4060 734 4113 sed
753 4059 781 4113 in
800 4059 867 4130 ipsis
888 4059 1045 4131 Scripturis,
1071 4064 1100 4112 et
1122 4057 1191 4111 nihil
1216 4057 1293 4112 alind
1310 4059 1339 4112 in
1358 4058 1514 4130 Scripturas
1533 4060 1707 4132 redegerunt.
1745 4070 1769 4120 l.
1789 4063 1818 4121 Si
1837 4064 1905 4121 Scri·

212 4163 283 4217 qnae
305 4153 370 4200 sunt
392 4145 522 4215 publicae
543 4144 663 4216 Spiritus
685 4145 773 4200 saneti
791 4145 913 4201 tabulae.
941 4154 965 4202 4.
983 4148 1045 4202 Bel·
1071 4148 1155 4214 ptura
1175 4159 1230 4197 non
1249 4149 1343 4214 potest
1360 4145 1465 4210 dicere,
1492 4145 1554 4216 quis
1572 4146 1610 4201 sit
1626 4164 1707 4202 verns
1725 4166 1836 4216 semus,
1857 4166 1905 4206 our

211 4232 343 4287 larmirus
365 4232 394 4286 in
418 4246 520 4303 genere
544 4230 595 4287 hoc
619 4231 681 4287 loco
703 4233 815 4295 assent,
840 4233 962 4301 iudicem
989 4253 1044 4287 am-
1071 4229 1281 4300 Chrysostomus
1309 4231 1401 4285 homil.
1432 4236 1470 4286 13.
1496 4231 1526 4285 in
1550 4230 1650 4288 Genea.
1675 4235 1785 4290 scribit:
1814 4237 1904 4292 Sam

212 4322 288 4373 aium
314 4319 566 4373 coutrovcreiarum
591 4336 647 4371 erse
666 4318 823 4385 eccleciam,
848 4319 899 4372 icc
916 4327 956 4372 est
972 4338 1045 4388 pau·
1074 4317 1234 4385 Scriptura,
1269 4336 1330 4370 cum
1360 4335 1412 4371 ace
1441 4317 1498 4372 tate
1534 4319 1671 4388 quiddam
1705 4323 1807 4376 docere
1839 4322 1970 4392 cuitu]

212 4407 311 4474 bflccm
328 4424 388 4459 cum
405 4404 540 4470 concilio,
564 4404 614 4458 sed
636 4421 733 4458 revera
751 4403 802 4458 soli
820 4403 944 4475 pontifici
962 4405 1046 4461 hasce
1071 4420 1100 4455 rc
1113 4403 1204 4471 r’pram
1222 4405 1334 4471 ecpoait
1350 4412 1376 4458 et
1392 4405 1552 4458 auctiorem
1570 4422 1667 4459 errare
1678 4422 1737 4459 aaa
1746 4408 1836 4464 riam
1852 4407 1906 4465 οη

209 4491 354 4562 judicandi
378 4497 470 4561 partes
495 4491 605 4558 tribuit,
630 4496 662 4543 ut
683 4489 712 4543 in
730 4495 810 4543 tract
829 4489 865 4544 dc
883 4490 1045 4561 interprete-
1072 4488 1202 4544 irenaeus
1225 4489 1324 4544 urent
1345 4490 1394 4545 lib.
1414 4496 1437 4546 2.
1463 4492 1525 4545 udv.
1548 4489 1654 4551 heeres.
1677 4509 1702 4546 c.
1721 4499 1762 4549 46.
1783 4512 1818 4549 ca
1836 4510 1906 4566 ques

211 4578 285 4633 tione
311 4577 471 4648 Scripturae
501 4593 534 4631 cx
564 4575 649 4645 ipsius
681 4575 880 4645 hypothesibus
907 4585 1046 4633 ostensum
1071 4576 1204 4629 rcieatiae
1220 4584 1335 4629 aortrae
1351 4577 1477 4631 creddidit
1496 4579 1589 4641 Deus,
1613 4588 1710 4648 aperte
1728 4587 1755 4633 et
1771 4583 1835 4636 riae
1849 4599 1905 4637 aas·

211 4662 279 4735 fnit,
309 4681 342 4718 ac
369 4664 492 4719 ‹Iesuitae
523 4662 553 4716 in
578 4661 774 4717 Ratisbonauri
802 4663 861 4718 sine
887 4663 1046 4719 circuitione
1072 4662 1153 4730 bipuo
1182 4663 1252 4732 speie
1284 4663 1451 4716 dictioaidur
1477 4679 1537 4717 esre
1559 4666 1658 4732 potita
1683 4665 1715 4721 ia
1737 4665 1907 4738 Scriptura?

212 4750 325 4807 fuerunt
338 4749 466 4806 confessi.
488 4756 513 4806 t.
526 4748 596 4803 Cum
608 4748 746 4819 pontificis
760 4749 926 4818 judiciume
938 4751 1046 4820 judicio
1072 4756 1096 4802 5.
1125 4747 1167 4801 Ex
1194 4748 1312 4819 epistole
1336 4748 1433 4802 amici·
1449 4749 1597 4820 perspicue
1630 4750 1734 4822 scriptu
1760 4768 1905 4823 porrum

212 4837 390 4892 conciliorum
416 4835 581 4906 quandoque
604 4835 756 4905 discrepet,
781 4851 836 4889 non
853 4841 945 4905 potest
957 4836 1045 4905 judex
1072 4834 1196 4905 ejusdem
1222 4834 1386 4889 sententium
1408 4834 1530 4898 discere,
1560 4851 1642 4890 eccur
1666 4836 1752 4908 igitur
1778 4856 1812 4895 ex
1836 4840 1905 4898 Seri·

212 4923 296 4978 statui
318 4920 444 4993 pontifex
462 4937 526 4975 cum
543 4921 675 4986 concilio,
702 4921 751 4975 sed
769 4922 815 4976 vel
831 4920 906 4976 solus
921 4922 1045 4992 pontifex
1070 4929 1167 4991 ptura,
1192 4937 1264 4992 qnae
1290 4927 1334 4974 est
1350 4919 1403 4974 Dei
1429 4920 1624 4991 omnipotentis
1649 4923 1770 4993 epistola
1794 4926 1831 4980 ad
1857 4942 1906 4985 nas

212 5008 256 5063 rel
272 5010 331 5064 sola
352 5007 477 5063 concilia
1071 5006 1189 5077 scriptu,
1211 5025 1268 5062 non
1292 5023 1434 5078 possemus
1452 5023 1548 5062 rerum
1568 5024 1677 5063 sensum
1696 5009 1818 5080 ducme,
1844 5028 1905 5069 cun

247 5101 305 5150 465.
330 5093 434 5149 Statuit
457 5092 544 5164 igitur
568 5091 767 5162 Bellerminus,
794 5091 965 5163 Scripturam
991 5112 1045 5150 non
1071 5099 1165 5147 tamen
1192 5111 1240 5146 cor
1265 5094 1325 5146 Dei
1351 5109 1384 5146 ex
1410 5110 1443 5147 ea
1470 5093 1542 5146 disci
1567 5111 1649 5166 posse
1675 5097 1854 5168 Augustinur
1877 5097 1906 5153 ln

212 5194 292 5249 posse
309 5196 369 5234 esse
386 5179 634 5234 controversiarum
648 5179 780 5250 judicem,
798 5179 848 5235 sed
866 5179 920 5234 hoc
936 5179 965 5233 in
983 5180 1046 5234 eoli-
1071 5195 1159 5235 enarr.
1181 5178 1229 5233 Ps.
1254 5186 1295 5235 et.
1324 5179 1447 5233 statuet?
1491 5185 1515 5235 6.
1539 5179 1591 5235 Vis
1615 5182 1738 5236 raritatis
1762 5183 1905 5241 eostam

213 5264 278 5319 dum
301 5272 454 5335 competere
478 5263 604 5319 Romano
628 5264 766 5336 pontifici,
793 5265 833 5321 ric
859 5266 933 5321 enirn
951 5265 1047 5322 scribit
1071 5265 1179 5336 adegit,
1206 5267 1290 5320 utin
1313 5266 1455 5323 Euchirid.
1481 5284 1505 5321 c.
1534 5276 1554 5323 l.
1580 5269 1725 5340 scriberet,
1746 5275 1906 5344 praecipua

213 5349 240 5407 d.
257 5349 305 5404 lib.
323 5368 346 5405 c.
365 5356 394 5407 9:
411 5354 476 5407 Noa
494 5351 642 5420 ipuarabat
654 5355 741 5422 Deua,
760 5354 863 5408 maim
881 5354 911 5407 ia
928 5352 1045 5407 ecclesia
1065 5352 1139 5420 fidei
1162 5354 1272 5422 capita,
1299 5370 1370 5423 puae
1392 5355 1518 5408 renuitur
1538 5355 1707 5410 Girr’rtsaair
1724 5359 1798 5412 ccitu
1816 5375 1906 5414 m·

213 5436 371 5493 amarae
396 5439 582 5507 difficultates
611 5438 688 5492 circa
707 5440 810 5509 fidem,
836 5439 932 5495 debuit
958 5437 1046 5507 ipitur
1069 5439 1163 5509 roda,
1188 5441 1259 5495 satir
1280 5442 1429 5510 perepicuo
1454 5443 1485 5495 ia
1502 5441 1585 5495 iibrie
1603 5443 1768 5512 apostolicis
1785 5460 1907 5517 erupe-

206 5523 336 5599 judim
359 5522 482 5595 atim
507 5525 680 5584 meum.
725 5526 767 5583 At
793 5526 959 5597 utsjudca
987 5540 1046 5579 aar
1069 5524 1155 5581 terra
1179 5543 1245 5581 erre.
1278 5525 1906 5606 &producturuunrusdagutt
