3984 6022
190 242 249 305 aas
497 332 500 338 ἱ
895 243 1175 307 incusamusa

189 402 324 459 00110110.
365 401 452 475 Epist
477 407 519 460 80.
541 399 578 459 sd
596 403 723 462 Eustath.
742 404 892 462 medicum:
919 400 935 471 ἡ
960 404 1024 461 eri·
1050 401 1185 461 ratisnsm
1208 402 1415 477 appellationis,
1442 408 1556 476 propter
1579 418 1665 477 qaam
1681 400 1826 475 Scriptnrs
1841 403 1883 459 di-

191 508 326 551 nnsuosoc
350 489 417 565 ἡμῖν
442 488 605 559 draconariam
633 491 729 565 γραφὴ
758 498 803 548 sal
831 497 897 568 παρ’
922 490 964 558 οἷς
988 495 1025 553 riu
1051 500 1131 550 astur
1149 512 1247 559 canon,
1265 491 1450 564 pulcherrima
1465 490 1613 563 expressit,
1640 496 1684 547 ast
1699 488 1775 547 enim
1791 489 1884 547 000010

190 575 289 651 εὑρεθῇ
312 577 345 631 τὰ
369 576 496 652 δόγματα
520 579 634 650 συνῳδὰ
658 589 715 645 τοῖς
735 590 821 644 istan
843 583 950 655 01γο00,
978 585 1024 639 ini
1050 597 1116 653 pars
1133 580 1183 635 illa
1198 579 1228 635 iu
1246 579 1370 649 trutinis,
1395 595 1466 653 quaa
1482 579 1514 635 in
1531 577 1622 635 msam
1642 576 1743 635 librilis
1762 576 1884 651 lingulae

190 662 294 723 0010000
313 664 369 731 ἥξει
390 661 498 726 adurere
521 671 567 734 τῆς
584 665 714 736 ἀληθείας
733 671 836 742 ψῆφος.
874 671 1023 727 Faustinus
1050 666 1137 723 insitu
1153 666 1278 723 muriam
1297 674 1325 722 et
1342 665 1465 722 ostendit
1481 664 1526 723 val
1544 662 1753 737 anullinum,
1777 662 1825 719 val
1840 681 1883 721 ex·

189 749 237 805 lib.
256 751 467 807 astacenus
486 751 581 808 Asiam
603 755 768 825 Scripturas
787 758 901 812 dioirsae
919 760 954 812 ab
971 759 1024 813 boc
1049 770 1171 822 cassum,
1198 752 1243 809 vel
1260 751 1420 823 deiectum.)
1450 751 1512 808 Lib.
1531 756 1556 807 2.
1582 754 1680 807 conus
1706 748 1882 807 (1100000100

189 838 283 893 editae
312 846 390 902 sunt,
423 846 454 893 ut
480 843 632 896 sssmdum
659 843 776 899 illarum
805 862 913 899 sensum
933 846 1024 915 fidem
1050 856 1073 894 0.
1093 844 1140 897 ³1:
1160 840 1256 909 Neque
1275 839 1347 893 enim
1365 839 1426 893 sins
1442 855 1530 892 causa
1546 836 1882 907 tamsalubrs'vipslaatia

188 933 312 980 00010000
330 926 496 996 diripamas.
531 928 705 1000 Epiphanius
721 930 829 987 haeres.
848 938 890 989 66.
911 950 939 1003 p.
957 938 1021 989 275:
1050 944 1139 983 canon
1163 926 1365 981 ecclmians'cus
1381 926 1543 980 somenam
1559 931 1611 991 ests
1640 925 1683 979 “d
1705 941 1792 995 tm
1817 924 1883 979 Μ’

192 1011 386 1075 Quaestionum
422 1013 618 1083 inventionem,
656 1017 709 1071 boo
734 1026 784 1087 est,
816 1027 855 1088 ut,
883 1019 955 1088 quid
983 1021 1025 1073 nd
1047 1014 1247 1084 prophetarum
1278 1022 1303 1069 ct
1329 1012 1521 1085 apostolorum
1546 1011 1616 1067 libri
1638 1010 1789 1081 pertinent,
1816 1028 1881 1083 quos

188 1099 314 1169 00000010
349 1102 537 1170 pacationem
569 1106 796 1173 respondendum
824 1106 875 1175 sit,
906 1105 1022 1169 sciatur,
1049 1102 1160 1156 omnino
1180 1101 1317 1170 judicare
1339 1118 1397 1155 000
1421 1101 1576 1154 audeamus
1599 1105 1626 1153 st
1648 1098 1801 1153 0000001010
1816 1115 1882 1171 quas

188 1204 244 1240 non
272 1202 304 1241 ea
324 1188 454 1257 propriis
477 1189 751 1261 ratiocinationibus,
775 1195 827 1247 sed
844 1211 877 1247 ea
896 1193 1021 1262 Scriptu-
1050 1187 1085 1240 de
1103 1188 1200 1241 0010010
1217 1187 1299 1241 libris
1317 1186 1361 1240 001
1374 1187 1513 1257 fidelium,
1532 1184 1576 1239 sel
1593 1184 1758 1255 infidelium.
1776 1183 1826 1241 lib.
1844 1190 1881 1243 11.

187 1290 286 1327 rarum
307 1275 502 1344 cornepucntia
516 1278 667 1346 petendum
685 1294 757 1341 esse,
782 1279 889 1334 asserit.
907 1279 1021 1333 Hieron.
1048 1278 1145 1327 muna
1170 1272 1265 1327 Faust.
1296 1290 1319 1327 0.
1349 1280 1379 1329 5:
1416 1272 1560 1329 Distincta
1584 1280 1624 1327 est
1647 1289 1668 1325 a
1692 1272 1881 1342 posteriorum

186 1357 248 1412 ads.
267 1357 379 1415 Helvid.
401 1362 513 1414 unicum
533 1363 660 1418 scritats's
670 1365 783 1432 sontem
806 1383 905 1419 sacras
924 1365 1021 1419 literas
1048 1357 1311 1428 (ecclesiasticorum
1340 1359 1517 1430 scriptorum)
1544 1357 1626 1413 libris
1652 1357 1818 1413 00001100ιί00
1838 1376 1880 1413 ca·

185 1451 274 1500 vocat
309 1444 428 1501 Rufinus
450 1446 480 1501 in
502 1448 617 1519 exposit.
640 1450 729 1520 symb.
755 1450 921 1509 enumeratis
939 1467 1021 1506 cano-
1049 1446 1166 1501 0001000
1191 1446 1370 1501 auctoritati
1392 1446 1423 1500 V·
1443 1463 1477 1500 ac
1495 1446 1532 1500 N·
1553 1446 1580 1498 Τ
1578 1485 1584 1499 ·
1602 1461 1674 1515 quat
1690 1445 1881 1514 apostolom

185 1530 254 1587 uicis
280 1531 440 1602 Scriptum
463 1551 485 1587 0.
510 1533 589 1589 libris
614 1535 708 1590 addit:
741 1537 819 1590 Haec
845 1545 921 1602 0001,
950 1555 1022 1606 quae
1048 1533 1214 1602 confirmata
1235 1533 1404 1602 temporibus
1417 1549 1470 1602 per
1486 1530 1672 1585 000000010οι0
1690 1532 1881 1602 episopus-assi

184 1625 280 1689 patres
304 1619 381 1673 intra
404 1637 535 1675 canonem
558 1622 764 1691 concluserunt,
789 1641 821 1678 ea
838 1625 937 1693 quibus
948 1625 1023 1694 fidei
1049 1626 1074 1671 tt
1089 1619 1312 1688 propapationcs
1336 1618 1516 1672 scelestarum
1533 1624 1666 1688 tanquam
1682 1618 1714 1671 in
1730 1619 1799 1673 sede
1815 1637 1881 1689 qua·

185 1711 298 1759 namrae
324 1707 491 1760 assertiones
514 1715 642 1761 constare
664 1709 815 1766 uoluerunt.
853 1709 891 1764 Et
912 1716 1021 1779 postas:
1048 1707 1116 1759 darn
1144 1706 1300 1760 sublimiter
1325 1706 1472 1759 0000101010
1500 1712 1553 1766 est,
1589 1705 1636 1757 cui
1662 1706 1767 1761 seruiat
1795 1706 1881 1761 000010

186 1793 232 1845 Εο
259 1791 303 1845 bis
325 1792 457 1860 sontibus
486 1793 563 1847 serbi
584 1793 677 1847 diuini
700 1794 857 1849 haurienda
884 1804 947 1849 sunt
967 1813 1020 1864 po·
1042 1792 1141 1858 Jideis's
1166 1801 1191 1845 et
1211 1793 1280 1861 pins
1306 1792 1459 1847 intellectam
1484 1799 1548 1856 eta,
1573 1791 1603 1845 in
1625 1791 1768 1860 opusculis
1792 1800 1880 1848 amn

186 1878 259 1932 0010.
294 1876 463 1933 ”Ambros
481 1877 530 1935 lib.
552 1884 573 1936 1.
593 1880 628 1935 dc
644 1879 691 1935 fid.
710 1880 747 1935 sd
765 1880 930 1937 Gratianum
948 1899 971 1936 0.
991 1887 1019 1937 1;
1045 1879 1243 1947 posteriorum.
1268 1897 1340 1948 quae
1361 1879 1443 1933 tibris
1470 1876 1719 1932 innumerabilibus
1742 1877 1879 1933 000101000-

186 1963 262 2018 Νο10
290 1971 452 2031 arpnmcnto
479 1966 579 2019 credas
604 1965 633 2020 S.
652 1968 725 2037 Imp.
750 1977 776 2022 et
799 1977 913 2023 nostrae
937 1969 1020 2021 inter·
1048 1973 1105 2035 tur,
1127 1967 1178 2019 sed
1197 1966 1275 2020 nullo
1299 1967 1381 2020 modo
1404 1950 1621 2019 101100οο01000
1637 1982 1786 2019 sacras-um
1805 1964 1880 2033 ,Scri-

182 2050 345 2120 pratalioni.
387 2049 552 2120 Scripturas
576 2052 789 2124 intempestus,
822 2057 1022 2124 interrogemus
1046 2058 1194 2118 pturarum
1212 2052 1390 2107 eccellentiae
1408 2059 1603 2122 coaequantis,
1620 2052 1706 2106 etiam
1723 2051 1754 2105 in
1771 2051 1880 2122 paim

187 2135 343 2206 apostolos,
384 2137 584 2206 interropemas
612 2140 781 2209 prophetas,
823 2142 1021 2209 interropemns
1048 2155 1153 2208 cunque
1170 2139 1310 2193 invenitur
1329 2140 1426 2193 eadem
1443 2139 1560 2205 verimi,
1578 2138 1660 2206 lonpa
1676 2146 1770 2192 tamen
1788 2138 1880 2209 impar

85 2213 112 2252 ¹¹·
126 2210 174 2254 ³⁵³·
190 2222 368 2279 Obrimum*
405 2221 617 2295 chrysostomus
642 2226 734 2285 homil.
762 2232 802 2282 11.
830 2226 932 2282 Gener.
964 2228 1021 2282 Oro
1048 2234 1088 2279 cst
1117 2226 1289 2293 auctoritas,
1312 2226 1486 2296 judicamus.
1522 2225 1557 2281 da
1586 2223 1654 2279 uuit.
1679 2223 1779 2279 000100
1805 2240 1828 2281 c.
1851 2228 1878 2280 3.

187 2309 275 2378 ipitur
297 2317 323 2363 et
348 2311 479 2372 obtestor,
504 2318 534 2364 ut
557 2313 599 2364 ad
620 2313 751 2367 amussim
770 2331 904 2367 canonem
921 2330 1021 2367 sacrae
1049 2311 1119 2367 Sunt
1143 2322 1215 2367 certe
1234 2313 1303 2366 libri
1320 2313 1479 2381 Dominici,
1498 2328 1614 2382 quorum
1631 2310 1795 2365 auctoritati
1810 2308 1878 2365 sctri-

187 2395 354 2465 Scripturas
376 2414 534 2466 sequamur.
562 2397 665 2453 Hamil
691 2404 730 2455 13.
755 2398 783 2452 in
807 2404 831 2453 2.
854 2398 916 2455 Cor.
960 2400 1020 2453 Ha·
1047 2417 1098 2468 que
1115 2400 1307 2468 cernentium,
1323 2400 1431 2469 utrique
1449 2397 1595 2466 credimus,
1612 2397 1723 2467 utrique
1739 2396 1880 2462 sentam,

185 2482 277 2535 bemus
295 2482 500 2538 exactissimam
516 2485 650 2539 1000110000
668 2493 693 2539 01
708 2503 871 2553 pnomonem
889 2504 923 2540 ac
941 2505 1019 2557 repu-
1046 2487 1087 2540 ibi
1113 2504 1281 2557 qsmcmmus
1307 2486 1463 2553 ecclesiam,
1493 2483 1536 2538 ibi
1564 2482 1748 2539 010001100ου
1774 2500 1878 2538 crucan

185 2570 243 2623 lam
267 2567 400 2623 ἁπάντων
418 2569 517 2643 ἀκριβῆ
537 2569 620 2642 ζυγὸν
636 2576 683 2626 ant
700 2569 835 2643 γνώμονα
852 2576 899 2627 asi
914 2573 1019 2629 sarira
1046 2581 1170 2627 nostram
1189 2591 1212 2628 c.
1230 2578 1253 2627 6
1287 2573 1382 2640 Lepite
1399 2572 1479 2627 nobis
1497 2571 1549 2625 tos
1567 2571 1603 2625 de
1621 2568 1690 2638 lepe,
1710 2570 1745 2625 de
1758 2569 1877 2642 prople-

184 2656 346 2709 dioinarum
371 2656 483 2725 inquam
507 2657 599 2725 ispum
620 2660 817 2728 assertionem,
842 2661 906 2714 ideo
924 2678 975 2714 oro
994 2669 1019 2713 ct
1046 2661 1089 2726 tis,
1108 2658 1401 2730 depsalmis,dsipso
1415 2655 1877 2726 ecanpelioetapostolicisliteris,

184 2742 296 2796 obsecro
322 2759 385 2809 000,
410 2750 440 2795 ut
462 2743 644 2812 relinquatis,
667 2745 738 2814 quid
759 2745 823 2800 buic
848 2755 897 2799 aut
916 2746 963 2800 iili
980 2747 1019 2800 ni·
1046 2747 1127 2814 lepite
1150 2753 1176 2799 et
1198 2747 1349 2799 madernas.
1375 2749 1454 2799 tract.
1477 2749 1500 2798 2.
1526 2742 1556 2797 in
1582 2741 1663 2812 epist.
1681 2741 1747 2797 Jols
1775 2742 1878 2799 000100

183 2830 286 2883 dcatsn
320 2829 409 2897 depae
442 2828 486 2881 bris
513 2847 532 2883 a
554 2828 711 2900 Scripturas
739 2832 833 2887 omnia
858 2834 1017 2903 inquiratis.
1045 2833 1197 2887 insidiosos
1220 2847 1331 2885 errores
1347 2832 1428 2884 Deus
1451 2828 1538 2883 valuit
1549 2829 1760 2895 firmamentum
1772 2844 1878 2899 ponere

183 2910 381 2970 Constantinus
412 2912 532 2986 Magnus
568 2915 606 2971 ad
641 2923 734 2989 patras
768 2920 869 2989 synodi
897 2919 1018 2976 Nicense
1044 2920 1074 2973 in
1093 2919 1265 2988 scripturis,
1290 2924 1389 2972 contra
1411 2932 1481 2985 quas
1500 2931 1578 2969 nemo
1596 2914 1675 2985 loqui
1691 2916 1814 2984 audeat,
1832 2915 1879 2987 psi

185 2998 262 3069 dixit,
284 3005 317 3055 ut
334 3006 377 3057 sst
394 3001 470 3071 apud
489 2999 652 3060 Theodorst.
672 3004 718 3059 lib.
739 3010 762 3061 1.
779 3005 841 3061 hist.
860 3022 882 3060 0.
901 3013 925 3064 t.
964 3007 1017 3063 Ge·
1042 3024 1072 3060 se
1097 3024 1205 3076 pnoqrso
1231 3006 1313 3058 modo
1339 3003 1397 3058 nult
1422 3001 1516 3057 sideri
1542 3000 1743 3057 Christianum.
1785 2999 1878 3073 cyrill

183 3085 284 3143 lasiurn
301 3085 432 3158 Cycizan.
458 3086 488 3143 in
504 3093 558 3144 act
578 3107 639 3160 syn
658 3089 755 3147 Nicen
776 3108 801 3147 0.
826 3098 850 3147 5.
875 3090 1017 3164 Tripartit.
1042 3093 1090 3149 lin
1109 3099 1132 3148 t.
1158 3091 1223 3148 dial
1244 3089 1415 3161 Scripturam
1437 3093 1519 3143 vocat
1537 3104 1670 3141 00000000
1682 3089 1759 3157 fidei
1775 3097 1877 3164 rectum

181 3173 229 3228 lib.
243 3179 278 3231 ’2.
306 3190 329 3231 0.
355 3179 382 3229 5:
410 3175 534 3229 Beatam
557 3174 627 3229 libri
647 3177 802 3243 euanpelici
819 3184 845 3231 et
858 3178 1018 3248 prucorum
1043 3187 1068 3233 et
1087 3181 1253 3249 perfectum
1288 3177 1355 3233 Leo.
1377 3193 1419 3246 ap.
1446 3180 1485 3231 10.
1508 3173 1545 3228 ad
1563 3173 1640 3229 Flsv.
1669 3175 1708 3228 In
1732 3174 1877 3231 0010001-

182 3259 301 3313 oracula
323 3260 539 3329 prophetarum,
570 3279 642 3331 qnae
669 3263 809 3317 evidenter
834 3282 885 3319 noe
911 3267 1016 3332 docent,
1042 3266 1131 3318 scuris
1158 3267 1199 3318 ad
1220 3265 1360 3319 acritatem
1384 3263 1603 3330 copnoscendam
1631 3261 1673 3314 asi
1697 3261 1878 3331 pssptsstoas

182 3345 252 3415 quid
279 3347 314 3397 de
341 3362 372 3398 re
399 3347 497 3400 0110100
520 3349 694 3402 sumundum
716 3349 765 3417 sit,
793 3350 887 3420 itaqsm
911 3353 1015 3406 omissa
1042 3368 1133 3419 voces,
1159 3353 1200 3404 ad
1217 3358 1305 3419 apost.
1323 3349 1429 3416 literas,
1449 3348 1491 3403 ad
1506 3347 1681 3416 enanpelicas
1699 3348 1878 3405 auctorem

182 3430 342 3499 discordia,
368 3447 438 3499 puae
455 3431 497 3484 011
515 3431 574 3485 0101
589 3435 789 3500 contentionum
802 3438 900 3505 parit,
925 3455 1015 3492 suma·
1042 3438 1248 3492 recurrendum.
1284 3435 1368 3508 Grsg.
1391 3434 1439 3489 lib.
1464 3440 1504 3491 18.
1526 3433 1620 3489 moral.
1645 3450 1669 3488 0.
1692 3439 1737 3489 lt:
1770 3433 1825 3499 Qui
1839 3434 1879 3489 ad

182 3532 242 3568 mus
265 3531 298 3568 aa
321 3515 410 3569 literis
429 3516 565 3571 diuinitus
584 3517 733 3588 inspiratis
750 3522 914 3577 solutionem
933 3541 1015 3594 puae·
1042 3542 1124 3579 verae
1138 3523 1365 3594 praedicationis
1376 3524 1461 3577 acrba
1478 3538 1508 3575 se
1520 3529 1687 3591 praeparat,
1706 3536 1816 3575 neeesse
1831 3528 1877 3588 est,

182 3602 311 3655 stionam.
346 3600 388 3655 Ex
406 3602 558 3674 Augustini
582 3605 661 3675 epist.
688 3612 737 3663 163
771 3607 800 3661 10
826 3608 873 3663 fin.
892 3617 1015 3682 apparet,
1041 3618 1071 3663 nt
1094 3627 1244 3663 causarum
1267 3608 1390 3677 oripines
1414 3626 1432 3661 a
1455 3607 1548 3660 sacris
1573 3607 1692 3677 popinis
1713 3614 1823 3675 marat,
1848 3614 1877 3661 ss

180 3686 210 3741 in
227 3686 462 3758 disputationibus
481 3687 516 3744 dc
533 3689 674 3762 religionis
693 3692 815 3748 articulis
833 3697 1015 3752 controversis
1042 3714 1129 3765 omne,
1148 3697 1224 3767 prod
1239 3696 1371 3766 loquitur,
1391 3696 1432 3748 ad
1449 3694 1562 3748 diuinae
1577 3692 1756 3747 auctoritatis
1767 3693 1876 3761 sanda·

181 3789 274 3826 sacrm
312 3772 405 3828 literas
445 3773 531 3830 irusss
564 3776 783 3847 disputationum
818 3783 1015 3836 moderatrices
1041 3791 1158 3837 mentum
1183 3789 1291 3837 reuocet
1315 3790 1397 3851 atque
1423 3782 1453 3834 in
1482 3797 1514 3833 00
1541 3779 1702 3848 asds'ficium
1728 3778 1877 3835 nasim

181 3862 209 3913 et
240 3874 272 3912 ex
303 3858 336 3913 iis
367 3860 567 3917 controversias
595 3880 688 3919 omncs
722 3865 808 3921 fuisse
837 3866 1012 3938 dijudicatas.
1040 3886 1108 3922 suae
1120 3869 1223 3939 firmet.
1259 3866 1375 3923 Carolus
1394 3866 1516 3938 Magnus
1538 3866 1566 3921 in
1583 3864 1693 3937 legibus
1712 3864 1876 3923 salutast-

180 3943 385 4015 ”Faciamrm
412 3945 503 4018 inquit
531 3948 567 4002 sd
594 3949 770 4021 Donatistae,
796 3955 905 4009 codices
930 3973 1013 4009 0000-
1040 3955 1080 4010 010
1098 3954 1187 4009 Paris.
1205 3971 1278 4009 anno
1299 3960 1374 4009 1560.
1393 3952 1501 4008 excusis
1521 3951 1631 4021 statuit,
1658 3951 1700 4006 uti
1718 3952 1778 4006 soli
1795 3970 1875 4009 caso·

180 4030 258 4084 nicos
279 4040 397 4101 praesto
423 4049 491 4096 esse,
515 4041 541 4087 et
560 4035 660 4107 siqua
677 4039 964 4109 proferripotuerint
981 4060 1013 4097 00
1039 4041 1098 4094 0101
1115 4040 1262 4095 bibliorum
1280 4040 1350 4095 libri
1366 4040 1395 4092 in
1413 4039 1536 4093 ecclesiis
1554 4039 1717 4108 leperentssr,
1735 4056 1803 4095 nese
1821 4039 1875 4111 epi-

179 4125 297 4193 utrapue
310 4128 396 4187 parte
415 4121 593 4191 documenta,
611 4131 640 4175 ut
659 4126 822 4193 postpositis
840 4128 938 4181 ceteris
954 4145 1012 4183 rem
1040 4126 1120 4197 scopi
1142 4128 1272 4195 ftpmenta
1295 4126 1435 4180 bominum
1453 4125 1496 4179 vel
1515 4126 1669 4195 quidquam
1687 4140 1701 4177 e
1719 4142 1771 4179 suo
1788 4142 1875 4195 00000,

179 4212 286 4258 tantam
305 4213 331 4258 et
348 4206 418 4259 bono
435 4207 529 4260 animo
549 4217 674 4279 sospitam
693 4214 735 4265 ad
753 4213 942 4282 inquisitionis
960 4224 1012 4269 ter·
1040 4216 1091 4268 scd
1105 4231 1209 4283 purum
1227 4212 1286 4266 Dei
1301 4213 1411 4266 uerbum
1426 4212 1601 4280 praedicent.
1619 4208 1769 4282 Nicephor.
1789 4209 1875 4269 11102.

178 4291 282 4345 minum
310 4294 547 4361 perducamus.”
587 4296 631 4352 Da
653 4297 780 4355 viduitat.
803 4316 827 4353 0.
849 4306 876 4356 l:
908 4301 1013 4357 Sancta
1039 4301 1106 4357 eccl.
1133 4299 1227 4355 histor.
1259 4317 1283 4354 0.
1311 4304 1352 4355 tt.
1390 4298 1502 4368 Scripta
1533 4295 1666 4353 canoniea
1693 4304 1778 4353 vocat
1796 4297 1875 4368 pris-

180 4376 328 4448 Ssriptura
356 4380 502 4433 doctrinae
526 4390 638 4437 nostrae
662 4386 788 4452 rapulam
804 4387 885 4456 fipit,
910 4406 944 4442 ne
963 4409 1012 4443 au·
1040 4387 1117 4458 cipin
1144 4394 1228 4455 atque
1254 4386 1386 4439 elementa
1413 4384 1529 4454 pietatis
1557 4391 1669 4437 00010αο
1696 4384 1873 4454 sempiterna

178 4466 292 4519 dcamm
315 4484 415 4536 sapere
436 4468 505 4538 plus
530 4488 614 4541 qaam
638 4479 747 4541 oportet
764 4490 877 4543 sapere,
900 4478 952 4529 scd
968 4496 1012 4530 sa·
1040 4472 1169 4543 Lyranus
1195 4470 1312 4542 praefat.
1339 4471 1368 4525 in
1392 4469 1522 4526 Tobism:
1554 4468 1633 4525 Sicut
1660 4468 1690 4521 in
1717 4469 1874 4540 &clim

175 4551 302 4621 piamus,
329 4561 358 4606 ut
379 4556 523 4623 apostolus
550 4557 604 4627 ait,
631 4560 673 4611 acl
687 4561 913 4629 temperantiam,
942 4563 1012 4617 01001
1037 4558 1240 4628 philosophicis
1253 4559 1357 4611 ueritas
1374 4557 1548 4626 capnoscitur
1562 4573 1614 4625 per
1632 4555 1822 4611 reductionem
1836 4554 1941 4611 adlffl

176 4639 322 4709 unicuique
343 4640 422 4693 Deus
441 4643 568 4711 partitus
592 4652 631 4697 est
655 4663 811 4700 mensuram
829 4649 910 4716 fidei.
946 4650 1011 4703 Non
1037 4645 1132 4715 prima
1155 4644 1302 4714 principia
1323 4661 1378 4713 per
1399 4661 1428 4696 sc
1453 4651 1536 4697 nota:
1563 4641 1604 4695 sic
1629 4642 1658 4693 in
1677 4640 1835 4711 Scripturs's
1856 4659 1875 4696 a

177 4724 213 4776 sit
232 4742 298 4793 erpo
314 4725 1011 4799 0111010010ι100000,010100010111κ10010-
1039 4730 1185 4785 catbolicis
1222 4731 1381 4784 doctoribus
1416 4729 1530 4782 traditis
1558 4727 1663 4780 ueritas
1699 4728 1876 4796 copuoscitur

177 4810 217 4863 ris
240 4828 376 4881 asperima
404 4820 429 4864 01
456 4814 492 4866 de
511 4815 548 4868 iis
568 4818 645 4884 qnod
666 4818 806 4871 Dominus
826 4820 936 4873 dederit
955 4821 1011 4873 dis-
1039 4825 1171 4887 priuatam
1195 4818 1237 4871 ad
1261 4833 1309 4884 ca,
1334 4832 1405 4885 puae
1424 4822 1487 4869 suist
1503 4813 1573 4878 paci
1588 4814 1709 4867 tenenda
1721 4830 1778 4885 per
1793 4812 1874 4868 redu·

173 4905 284 4965 putare.
306 4897 354 4952 lib.
374 4904 397 4953 2.
415 4905 512 4953 contra
526 4898 687 4957 Donatistae
705 4920 729 4957 0.
747 4910 781 4975 6ε,
797 4905 955 4974 ‹tffcramus
972 4909 1012 4960 ad
1039 4904 1156 4957 ctionem
1173 4904 1214 4956 ad
1234 4901 1398 4972 Scripturas
1417 4900 1575 4963 canonicas,
1594 4916 1666 4967 qnae
1684 4908 1750 4955 sunt
1765 4900 1876 4955 menas

176 4999 289 5037 0000000
320 5003 376 5037 non
408 4993 527 5041 stateras
559 4988 690 5058 dolosas,
728 4991 774 5042 nbi
809 4992 1009 5059 appendamus.
1039 5008 1071 5042 cs
1090 4990 1187 5043 (110100
1205 4989 1381 5049 revelatione,
1402 4987 1449 5041 cui
1464 4985 1543 5039 nullo
1560 4986 1644 5039 niodo
1656 4993 1752 5054 potest
1768 4987 1877 5043 satum

177 5071 253 5137 quod
280 5069 406 5123 nolumus
435 5081 459 5125 01
491 5077 630 5144 quomodo
661 5077 788 5130 001000ιο
810 5095 868 5145 pro
894 5078 1010 5131 arbitrio
1033 5077 1154 5142 fsslsam.

176 5160 284 5224 nostro,
305 5156 442 5211 dicentes:
469 5159 1010 5233 100000001001000001,00010110·
1073 5168 1132 5217 111.
1157 5161 1306 5215 Possumus
1333 5158 1362 5214 in
1386 5158 1459 5213 hano
1482 5156 1648 5212 sententiam
1674 5173 1709 5212 ax
1734 5156 1803 5230 ipsis
1829 5157 1876 5214 sd·

175 5255 270 5292 ramus
294 5242 420 5296 divinam
444 5247 1010 5317 01010000(108000100100000110100-
1037 5246 1165 5303 vasariis
1194 5247 1332 5318 quaedam
1362 5244 1494 5317 proferre.
1539 5242 1691 5298 Gratianus
1722 5260 1747 5301 0.
1779 5261 1875 5302 canon

176 5343 260 5397 mmm
284 5330 319 5381 de
337 5330 497 5384 Dominicis
519 5333 590 5387 Test.
616 5343 641 5388 01
667 5337 696 5389 in
719 5335 773 5389 illa
800 5335 870 5406 quid
893 5336 930 5389 sit
945 5354 1009 5402 pra·
1039 5332 1102 5389 dist.
1125 5339 1149 5389 0.
1173 5350 1205 5388 ex
1230 5332 1337 5387 Isidoro
1363 5331 1425 5388 libr.
1444 5336 1467 5387 6.
1488 5328 1636 5402 etymolog.
1656 5346 1680 5383 c.
1703 5335 1748 5387 ts:
1779 5332 1876 5387 Canon

176 5410 236 5467 nius
255 5416 456 5484 appendamus,
474 5416 530 5470 imo
548 5435 602 5470 nors
620 5423 821 5488 appendamus,
842 5424 894 5475 scd
913 5440 932 5474 a
951 5423 1009 5474 Do·
1043 5419 1165 5482 Graece,
1194 5420 1295 5473 Latine
1318 5417 1417 5486 reputa
1439 5424 1600 5487 nuncrrpnta
1627 5416 1694 5470 inde
1721 5417 1763 5471 sic
1789 5418 1877 5489 dicta,

175 5496 251 5551 mino
288 5514 415 5567 appensa
449 5518 687 5571 recopnoscamus.
729 5503 801 5575 (Ubi
834 5505 1010 5579 Augustinus
1040 5507 1117 5577 quod
1133 5513 1206 5563 recte
1224 5507 1320 5572 ducat,
1338 5520 1425 5577 neque
1445 5503 1600 5575 0110000010
1619 5501 1757 5561 durrus·
1772 5504 1876 5562 traiat
