3984 6022
735 253 787 309 DE
807 251 1022 311 SCRIP'I'URA
1039 250 1169 310 8201112
1742 264 1797 321 181

97 411 138 464 rit
155 411 307 466 emendum
328 410 503 480 8221222222
538 408 616 466 Haec
634 424 700 466 vero
716 408 810 464 omnia
826 407 855 461 in
872 404 937 460 scri·
964 421 1026 460 cum
1057 422 1101 476 re,
1139 423 1226 461 cauea
1261 423 1323 461 22222
1354 423 1454 475 cauea,
1491 408 1566 462 ratio
1600 426 1661 462 curn
1690 409 1800 464 22212222

96 495 153 566 ptis
195 496 427 568 evangelistarum
467 496 533 552 satis
564 496 720 596 'perspicue
755 498 936 567 exponuntur.
963 498 1106 546 2222222222.

44 577 122 672 2ἑ2.
158 581 279 649 Quidam
311 581 457 653 proferunt
493 583 607 637 nomina
642 584 761 637 duanam
792 598 937 648 magonem
997 591 1056 640 413.
1082 584 1113 640 C.
1141 590 1164 642 8.
1190 585 1296 657 profert
1321 584 1506 640 Bellarminus
1533 595 1654 655 quatuor
1675 588 1799 642 rationes
1813 587 1930 632 mose..

57 641 348 737 Φ2.’1122.3,2..8
367 684 438 739 quse
456 684 490 724 ex
504 667 653 724 traditione
670 667 811 739 apostolus
829 666 936 721 habuit.
961 685 1012 740 pro
1037 670 1232 727 traditionibus
1257 671 1440 728 stabiliendis.
1484 670 1580 726 Prima
1605 672 1734 727 desumts
1758 635 1942 733 2221211ιῖ1212

44 744 67 774 ¹¹
44 754 138 814 st
161 753 213 809 hoc
237 770 292 809 non
314 752 368 809 init
387 753 573 809 necessarium
598 754 712 825 aliquod
737 754 839 824 dogma
860 751 935 819 fidei,
962 770 995 808 es
1022 773 1155 810 consensu
1177 758 1410 810 lacrmicorum'
1397 775 1428 810 en
1446 759 1650 811 contemnendis
1669 758 1836 832 naeniam
1813 743 1885 834 ’ὟὟ
1872 752 1935 833 οὟὟ
1965 811 1966 815 ,

96 839 147 894 sed
167 839 280 895 22211212
297 838 436 896 butenae.
470 837 1217 910 (12222222222221122211.8.122.21222.11222122
1241 860 1272 896 ea
1294 861 1429 897 commum
1425 844 1559 911 'panum
1575 843 1740 897 beatiores
1757 860 1800 897 re-
1812 793 1890 885 ieme·
1882 805 1943 889 ier.

96 923 169 979 Tim
196 924 298 982 3121
329 931 402 982 1673.
432 925 498 983 edit.
526 924 766 983 (12.21222222122
797 924 933 996 loquitur:
962 896 1917 997 2121222122222222222211121222,2222222ι·2212ι’22212ι2,·111111.ιιο

94 1012 220 1080 Jannes,
251 1011 354 1110 inqiut,
392 1020 417 1065 et
446 1012 593 1078 Jamlree,
629 1012 744 1081 quinam
772 1010 823 1064 isti
853 1012 935 1064 sunt!
960 1011 1001 1065 sic
1032 1028 1064 1065 es
1089 1015 1228 1067 communi
1249 1032 1382 1068 corueneu
1406 1014 1607 1066 inermicorum
1630 1014 1799 1067 traditiones

93 1097 194 1166 Maps',
217 1097 268 1165 qui
290 1097 414 1150 omenes
437 1098 606 1167 temporibus
629 1098 746 1164 Moysis.
790 1096 933 1159 eomodo
959 1097 1146 1165 reir'cientium
1163 1099 1314 1167 2211191222,
1331 1117 1379 1153 eae
1396 1118 1452 1154 non
1472 1115 1533 1153 esee
1548 1100 1729 1167 rejiciendas,
1747 1098 1797 1154 ubi

94 1191 189 1237 autem
212 1199 348 1251 nmquam
371 1182 442 1236 alibi
459 1183 583 1251 ipsorum
602 1183 717 1237 nomina
736 1182 934 1236 inueniuntur!
959 1180 1066 1250 profert
1098 1184 1216 1254 exempli
1251 1184 1313 1239 loco
1344 1185 1568 1252 Valentinianos,
1600 1185 1798 1250 Marcionitas,

94 1287 132 1323 ea
154 1269 199 1323 rel
224 1285 257 1322 ee
280 1268 446 1337 traditione,
470 1269 513 1322 cel
535 1286 568 1323 ea
590 1269 700 1338 Spiritu
716 1268 840 1323 Paulum
857 1268 933 1321 didi·
961 1268 1142 1338 cyprianum,
1163 1271 1345 1339 Donatistae,
1366 1271 1508 1338 Arianos,
1527 1269 1681 1337 Atrianus,
1702 1272 1799 1324 112222-

94 1353 168 1408 cisse
193 1354 344 1407 22212122ιί12
370 1361 417 1407 est.
453 1353 539 1424 Apud
570 1354 738 1411 Numenium
767 1355 932 1425 Apameum,
959 1353 1077 1422 mianoe,
1096 1356 1264 1409 Nestorium.
1285 1356 1470 1424 Eutycbetem,
1492 1356 1670 1418 Dioscorum,
1698 1356 1798 1412 Wiele-

93 1437 288 1510 philosophum
307 1437 524 1510 Pythagoricum
542 1456 558 1494 2
577 1438 660 1511 Syria
671 1439 828 1508 oriundum,
844 1439 893 1495 lib.
906 1444 930 1494 3.
952 1441 1028 1506 sum.
1054 1439 1137 1510 Resp.
1159 1447 1181 1495 1.
1200 1440 1379 1496 Ostendimus
1397 1441 1426 1495 in
1444 1446 1526 1497 tract.
1545 1441 1690 1512 descript
1709 1438 1736 1515 ξ.
1756 1446 1798 1498 (14.

92 1529 161 1601 napi
187 1529 234 1580 sci
259 1525 372 1594 ὰγιι3οῦ
391 1531 481 1580 222222
497 1526 591 1595 locus,
608 1528 689 1597 cujus
704 1526 791 1581 verba
809 1529 934 1580 recenset
960 1525 1107 1581 haereticis
1125 1525 1169 1581 vel
1187 1526 1306 1582 mamma
1324 1527 1353 1581 in
1369 1543 1445 1583 more
1462 1527 1584 1597 positum
1602 1544 1670 1594 esse,
1689 1527 1725 1581 sd
1744 1533 1797 1582 tra·

91 1610 231 1667 Eusebius
248 1609 296 1665 lib.
315 1615 339 1666 8.
359 1612 395 1666 12
415 1617 570 1682 praeparat.
590 1612 793 1683 evangelus.
812 1610 932 1667 121241.
959 1608 1079 1666 11212222
1103 1611 1268 1682 confugere,
1294 1613 1369 1683 quod
1387 1613 1424 1669 de
1445 1613 1572 1668 omnibus
1589 1614 1619 1667 in
1639 1612 1799 1668 2212222222

92 1697 216 1764 Moysen
244 1714 307 1751 mem
332 1695 428 1751 Janne
456 1705 482 1751 et
505 1699 648 1766 Mambre,
676 1697 827 1769 (quomodo
850 1697 934 1753 etiam
959 1695 1105 1752 haereticis
1129 1702 1247 1752 22222222
1264 1697 1397 1754 Irenaeus
1422 1699 1471 1755 lib.
1493 1705 1517 1756 3.
1539 1715 1563 1756 2.
1584 1706 1608 1756 2.
1645 1702 1668 1753 2.
1689 1698 1743 1764 Qui
1761 1699 1797 1754 ad

91 1782 165 1854 legit
194 1787 329 1838 2222222222
358 1782 559 1838 Τ2212ι211222
587 1782 624 1838 12
653 1783 841 1839 oblationibus
871 1800 933 1854 cap.
960 1781 1071 1836 unicam
1100 1781 1272 1852 scripturam
1301 1784 1412 1854 rsJectis
1443 1784 1638 1840 traditionibus
1667 1801 1797 1855 provoca·

93 1869 197 1922 Omnes
214 1868 383 1937 2212212222,
402 1874 430 1923 et
448 1867 584 1940 Origenes
601 1867 694 1924 homil
714 1869 802 1925 3212
821 1867 932 1938 112222.)
958 1874 1036 1929 2222,
1062 1866 1196 1922 hactenus
1220 1876 1248 1922 et
1271 1867 1324 1924 hoc
1344 1875 1472 1940 respectu
1489 1887 1544 1926 non
1562 1869 1798 1937 12222222222121,

92 1955 186 2022 magis
226 1953 317 2022 speum
346 1954 457 2008 imitari
489 1955 597 2009 conatis
626 1954 774 2009 miraculis
803 1963 933 2009 cmtnsse.
959 1950 1010 2007 sed
1033 1959 1170 2024 quatenus
1194 1952 1352 2026 Scriptum
1374 1960 1557 2026 corruperunt
1582 1963 1611 2011 et
1636 1957 1673 2011 ad
1692 1972 1797 2011 errores

92 2039 136 2097 Ut
153 2055 220 2112 ergo
238 2055 272 2095 ss
288 2038 391 2109 Arato,
415 2038 583 2109 Menandro,
608 2039 772 2110 Epimenide
795 2039 933 2111 quaedam
961 2052 1026 2091 suos
1051 2036 1231 2094 stabiliendos
1256 2038 1438 2094 1222222222.
1474 2045 1497 2095 3.
1521 2040 1619 2095 Ariani
1644 2041 1684 2095 ita
1700 2056 1797 2112 proso·

92 2123 284 2195 hemistichia,
309 2125 350 2179 ita
375 2140 408 2180 ex
432 2124 570 2181 Numestio
590 2124 703 2181 nomine
726 2125 824 2181 horum
839 2141 932 2197 mago-
960 2129 1060 2178 222222
1077 2123 1115 2178 21
1130 2123 1296 2194 Scripturas,
1315 2133 1346 2180 ut
1363 2125 1503 2180 noluerint
1518 2125 1640 2195 recipere
1654 2125 1797 2194 vocabula,

44 2284 80 2315 ω
93 2228 157 2269 rum
175 2211 318 2282 apostolus
335 2209 505 2267 adduxisset.
629 2234 632 2239 ¹
958 2224 1030 2279 quae
1049 2226 1105 2264 non
1125 2214 1238 2265 exstant
1254 2210 1283 2265 in
1301 2209 1466 2280 Scripturis,
1486 2208 1551 2265 licet
1569 2226 1613 2264 res
1630 2209 1693 2280 ipsa
1711 2210 1740 2265 12
1757 2211 1796 2266 212

44 2336 80 2366 ,,,.
131 2300 190 2352 403.
215 2294 247 2353 (1.
272 2300 296 2352 6.
322 2301 396 2351 227.
420 2294 550 2367 producit
566 2294 751 2351 Bellarminus
776 2295 932 2350 testimonia
957 2294 1144 2358 contincatur,
1169 2294 1222 2349 boc
1245 2311 1309 2350 vero
1333 2310 1393 2349 2222
1411 2301 1620 2366 praeposterum
1637 2299 1688 2349 roi
1706 2295 1796 2369 γράμ·

44 2430 80 2469 κ,
44 2382 271 2452 ΙιῙιοιιὴίοιιιιι,
295 2382 476 2436 2222112222
498 2390 524 2435 22
542 2389 672 2451 panum,
695 2381 734 2437 ad
752 2398 824 2453 quae
838 2381 931 2453 inge
955 2398 1041 2453 ματος
1069 2378 1210 2448 studium,
1238 2378 1321 2435 facilc
1346 2379 1532 2434 concedimus.
1568 2385 1593 2435 4.
1611 2379 1796 2449 1221112222,

44 2482 56 2520 s
93 2467 378 2540 uererespondemus:
401 2466 578 2534 1.Quaedam
591 2484 651 2524 esse
662 2466 847 2539 supposititia,
857 2466 932 2522 ride·
957 2481 1027 2536 quas
1049 2464 1182 2520 12222222
1206 2471 1234 2522 et
1251 2464 1440 2520 Tertullianus
1470 2469 1566 2519 222222
1584 2463 1796 2520 Valentinianos
1833 2480 1840 2488 ·

44 2541 82 2631 3'
56 2552 162 2609 licet
188 2571 261 2624 quae
283 2570 317 2610 ss
340 2553 465 2625 epistolis
490 2553 674 2609 decretalibus
697 2551 872 2625 pontificum,
898 2569 932 2608 ex
957 2555 986 2605 22
1015 2549 1206 2619 Marcionites,
1243 2550 1419 2624 Augustinus
1450 2555 1547 2605 222222
1576 2549 1738 2605 Donatistae
1767 2556 1796 2606 et

44 2638 232 2709 *Dionysio
249 2639 435 2711 areopagiti,
461 2638 602 2695 Clemente
620 2639 745 2694 Romano
768 2645 822 2696 etc.
845 2638 931 2693 addu-
957 2636 1101 2692 orthodoxi
1131 2643 1228 2692 contre
1257 2635 1378 2691 Anauos
1408 2635 1560 2706 urgebant,
1594 2651 1650 2689 222
1682 2635 1796 2691 suerum

94 2730 210 2793 cuntur,
230 2729 262 2779 22
278 2725 308 2780 in
323 2725 480 2797 patrologia
499 2725 742 2781 demonstrabitur.
777 2723 858 2781 ”Sic
878 2724 931 2779 Ba·
958 2723 1094 2795 quaedam
1113 2723 1245 2794 dogmata
1261 2728 1339 2778 extra
1356 2721 1535 2793 Scripturam,
1554 2721 1604 2777 sed
1621 2720 1796 2791 reipublice

93 2811 173 2866 silius
190 2809 265 2867 libi
285 2811 320 2865 (12
333 2811 438 2882 Spiritu
455 2817 551 2866 sancto
568 2827 593 2868 2.
611 2816 651 2867 27.
670 2810 832 2866 traditiones
850 2827 932 2866 evan-
957 2808 1090 2864 ecclcsiae
1114 2808 1150 2863 de
1169 2807 1246 2864 libris
1265 2808 1406 2864 canonicis
1424 2807 1597 2876 testificatio,
1624 2806 1669 2863 sel
1688 2809 1793 2862 traduc

93 2897 170 2970 gelio
193 2912 314 2968 aequam
335 2896 458 2966 videtur,
485 2897 535 2952 sed
552 2896 658 2952 Erasm.
684 2897 713 2952 in
737 2895 823 2968 praei.
850 2914 933 2967 super
957 2896 1117 2962 doctrinae,
1137 2900 1169 2950 ut
1188 2894 1376 2950 Tertullianus
1395 2893 1526 2965 loquitur,
1544 2893 1610 2949 inde
1626 2891 1664 2948 ab
1683 2897 1792 2962 sposto-

91 2984 123 3041 h.
147 2982 165 3037 1
183 2982 281 3038 Basilii
305 2983 428 3052 dubitat,
453 3001 491 3036 an
513 2983 582 3036 iaec
605 2983 660 3036 sint
683 2999 750 3035 cera
769 2989 794 3035 et
810 2984 930 3050 genuina
957 2980 991 3035 lis
1009 2980 1039 3036 in
1057 2979 1176 3036 ecclesie
1193 2987 1378 3049 conservatus,
1398 2979 1542 3052 utriusque
1554 2994 1619 3035 sero
1631 2977 1794 3034 fundamen·

92 3069 206 3125 Baeslii
229 3069 326 3137 22212,
353 3084 384 3121 eo
412 3069 489 3136 quod
514 3067 771 3121 dissimilitudinem
789 3069 932 3136 quandam
957 3071 1017 3122 tum
1039 3066 1068 3121 12
1086 3066 1236 3137 Scripturis
1251 3071 1353 3135 exstat,
1379 3072 1526 3137 utrumque
1543 3082 1593 3136 per
1609 3062 1702 3118 omnia
1721 3062 1793 3119 Scri·

90 3154 156 3210 stili
181 3154 333 3221 inuenerit,-
361 3153 390 3207 in
415 3151 463 3210 lib.
489 3152 524 3208 de
551 3151 674 3208 confess.
699 3151 765 3208 fidei
788 3151 881 3208 omnia
903 3150 932 3207 in
957 3151 1048 3222 pturis
1066 3158 1109 3207 est
1125 3151 1275 3208 conforme.
1300 3158 1325 3207 5.
1342 3150 1426 3206 Dicta
1443 3150 1498 3218 ills,
1519 3148 1620 3221 quibus
1639 3147 1795 3219 Cyprianus

90 3238 179 3295 rebus
205 3237 272 3294 11121
302 3238 454 3309 Scriptrnis
485 3238 597 3308 tribuit,
634 3237 736 3309 quibus
770 3237 840 3292 nihil
871 3238 932 3292 rult
958 3237 1197 3294 sconsuetudine
1220 3237 1274 3293 sibi
1298 3236 1428 3307 opposita
1453 3236 1490 3290 ad
1516 3234 1671 3304 Scripturas
1697 3249 1794 3303 proro-

91 3323 200 3381 scdir·
237 3329 261 3380 2.
288 3324 432 3390 Quaedam
448 3323 525 3394 loqui
543 3324 579 3378 ds
598 3323 794 3379 traditionibus
812 3322 841 3377 in
859 3321 931 3379 Scri·
957 3330 1018 3393 cat,
1046 3323 1075 3377 12
1092 3323 1185 3394 ipsum
1198 3323 1246 3392 jus
1262 3323 1429 3379 'canonicum
1447 3327 1512 3376 sunt
1528 3321 1628 3389 221222,
1653 3323 1685 3373 22
1701 3318 1795 3374 videre

90 3415 177 3482 parra
193 3408 351 3480 propositis,
369 3425 439 3480 quas
451 3408 764 3480 minimsrepudiamus.
799 3415 824 3465 3
841 3407 930 3474 Quae-
958 3412 1001 3464 est
1025 3408 1087 3463 dist
1112 3412 1136 3465 8.
1170 3408 1246 3479 Ergo
1269 3425 1324 3464 222
1346 3413 1439 3478 potest
1460 3405 1513 3461 hoc
1536 3405 1566 3460 12
1582 3403 1722 3476 cypriano
1744 3404 1794 3459 im·

91 3494 160 3551 dam
175 3511 260 3567 agere
277 3495 313 3551 de
329 3493 763 3551 liberisritibussccersmoniis.
798 3500 824 3550 4.
841 3494 931 3562 Quae·
957 3493 1078 3566 probari.

92 3580 161 3636 dam
183 3579 318 3636 ecclesiae
341 3579 553 3636 22121222ιί222
545 3599 574 3634 1n
597 3580 724 3635 custodia
746 3586 775 3636 st
792 3597 930 3652 propaga·
991 3586 1048 3636 411.
1074 3578 1203 3636 Secunda
1227 3579 1297 3634 ratio
1320 3578 1447 3634 desumta
1465 3582 1509 3633 est
1527 3595 1559 3633 ea
1577 3594 1655 3632 more
1671 3578 1868 3632 omniunt-st
1853 3595 1938 3627 22222

90 3665 170 3723 21222
198 3664 340 3722 2122221222
364 3681 398 3720 sc
422 3664 555 3721 librorum
576 3665 771 3721 canonicorum
794 3682 930 3722 commen
955 3666 1086 3735 pennum.
1139 3665 1250 3719 Judaei
1284 3665 1440 3720 1222222222
1475 3665 1588 3735 aliquas
1626 3664 1794 3720 auditiones
1806 3637 1915 3737 {iiiiffi

91 3753 176 3821 dare,
215 3767 392 3824 nequaquam
426 3768 491 3806 sero
528 3751 709 3807 seditionum
736 3751 929 3807 aucmritctem
956 3761 1036 3807 cntra
1067 3752 1258 3821 Scripseram,
1289 3753 1403 3806 21222222
1433 3751 1552 3820 02122222
1580 3749 1675 3804 homil.
1706 3756 1732 3810 t.
1763 3751 1793 3805 in
1806 3772 1835 3813 11,
1847 3769 1894 3815 2η,

91 3837 254 3909 Scripturas
270 3853 366 3908 parem
383 3836 568 3892 stabiliret
552 3836 739 3903 iQuaedam.
757 3836 834 3908 loqui
850 3836 928 3891 inde·
955 3841 1039 3893 Num.
1063 3846 1089 3892 et
1111 3837 1141 3890 in
1165 3846 1305 3892 comment.
1333 3855 1356 3893 2.
1376 3835 1497 3892 311222.
1523 3835 1793 3892 Η1122.12Ρ221.2.

90 3922 171 3982 surita
204 3921 240 3980 de
263 3920 472 3989 auditionibus,
502 3922 577 3993 quod
604 3921 730 3977 (11212222
756 3928 785 3978 et
810 3922 929 3992 apostoli
955 3925 1067 3980 Deinde
1092 3939 1186 3977 omnes
1204 3923 1351 3994 profanae
1376 3923 1497 3993 respubl.
1523 3939 1627 3991 maana
1652 3939 1685 3976 ec
1706 3930 1793 3992 parte

90 4010 177 4084 plura
192 4007 352 4077 docuerint,
370 4024 454 4079 quam
470 4008 574 4079 scripta
591 4008 654 4079 sint,
671 4025 848 4080 amnisquam
863 4026 929 4066 vero
955 4010 1060 4079 leniciis
1079 4025 1136 4063 non
1153 4009 1267 4078 serrptsb
1283 4015 1426 4077 reprmtur,
1444 4009 1519 4063 unde
1532 4008 1659 4062 Pericles
1668 4009 1795 4077 partitio·

92 4095 132 4152 de
153 4092 349 4150 traditionibus
366 4091 526 4148 pontificiis.
562 4098 586 4149 3.
610 4093 753 4161 Quaedam
774 4094 884 4152 22212221
901 4102 929 4151 et
948 4096 1181 4167 janthinarum
1199 4094 1382 4164 inscriptum
1401 4102 1427 4146 et
1444 4093 1657 4162 nonecrs'ptum
1683 4094 1793 4147 Aristo·

92 4180 159 4239 aliit
187 4186 299 4252 patrum
331 4179 493 4236 testimoniis
526 4186 555 4236 et
583 4179 637 4251 ipsi
667 4180 835 4237 Bellarmino
870 4198 930 4238 esse
955 4182 1022 4236 tales
1049 4181 1097 4234 lib.
1125 4184 1152 4236 3.
1175 4181 1258 4250 polit.
1287 4197 1309 4232 c.
1338 4184 1378 4233 11.
1404 4179 1513 4249 partim
1540 4178 1652 4247 optimis
1678 4179 1792 4247 12211222,

90 4265 220 4324 eduma.
263 4264 310 4322 sic
333 4263 518 4320 Bellarminus
541 4265 594 4322 hoc
615 4266 678 4322 loco
700 4282 734 4321 cx
755 4266 930 4324 Theodoreto
950 4267 1061 4338 partim
1080 4266 1200 4321 arbitrio
1220 4264 1321 4334 optimi
1336 4265 1393 4318 ciri
1411 4265 1551 4318 2121222222
1566 4265 1718 4332 regendam
1735 4280 1793 4318 esse

90 4350 144 4410 lib.
165 4357 187 4408 1.
209 4349 313 4406 Hister.
335 4350 432 4406 222122.
450 4366 473 4406 a
492 4355 515 4406 8.
533 4349 651 4421 probare
667 4357 797 4408 conatur:
825 4352 931 4408 022211.
955 4353 1059 4407 stanit
1101 4351 1138 4405 In
1158 4351 1228 4419 jure
1251 4349 1331 4403 212111
1353 4351 1452 4403 mrtem
1480 4348 1637 4402 contortas
1663 4348 1794 4401 tribuitur

90 4438 232 4495 mmm
243 4437 370 4507 prinum
386 4453 419 4491 ec
436 4437 566 4492 doctrina
583 4453 641 4492 non
657 4439 764 4508 miptn
781 4441 932 4494 2122222222
956 4439 1014 4507 lsai
1029 4437 1151 4507 scriptae
1170 4443 1197 4490 et
1215 4434 1411 4489 coneuauclini
1429 4451 1485 4488 non
1502 4434 1633 4503 emptae.
1669 4432 1752 4502 Resp.
1774 4437 1794 4486 1.

91 4522 226 4580 1222222212
248 4522 324 4578 Arii.
365 4520 539 4578 (1222222122
568 4523 629 4595 ipse
653 4523 754 4579 statuit
776 4523 824 4581 lib.
848 4531 870 4581 2.
897 4525 932 4583 12
955 4524 1080 4581 ludaeos
1104 4538 1123 4576 a
1147 4518 1344 4575 traditionibus
1362 4518 1474 4576 12222212
1491 4519 1527 4574 ad
1546 4525 1636 4575 222222
1653 4525 1683 4574 et
1699 4517 1793 4573 immo-

90 4607 201 4669 emen
226 4624 251 4665 c.
279 4613 318 4665 12.
341 4605 370 4683 ἕ.
403 4606 448 4664 Sic
466 4608 564 4664 edam:
593 4610 662 4664 cum
679 4611 816 4665 Nicenum
842 4613 932 4666 conei-
955 4617 1000 4665 tas
1022 4607 1178 4679 Scripturas
1204 4622 1222 4660 a
1246 4604 1389 4676 prophetie
1415 4610 1444 4660 et
1467 4604 1600 4676 apostolis
1626 4620 1659 4658 sc
1684 4602 1794 4659 Christo

92 4695 165 4752 tam
183 4694 317 4764 12122212,
328 4693 480 4748 0221222222
497 4711 555 4749 esse
571 4696 660 4749 Patri
673 4695 850 4765 homousion,
869 4714 932 4750 con·
956 4697 1017 4767 ipso
1035 4698 1179 4749 revocetos
1198 4690 1300 4759 fuisse,
1320 4690 1447 4762 superius
1466 4690 1644 4746 ostendimus.
1681 4689 1793 4746 Somnia

92 4780 247 4838 2122122222
271 4780 387 4834 &duait
410 4797 443 4832 es
461 4780 631 4850 temptans,
657 4782 689 4836 in
712 4782 933 4852 2211ωά12222
956 4781 1126 4838 iudaeorum
1149 4776 1321 4832 thalmudica
1346 4782 1376 4833 22
1400 4775 1577 4844 cabalistica,
1604 4792 1721 4847 quorum
1739 4774 1791 4829 ori·

92 4867 261 4935 2222122222,
279 4884 361 4921 essum
380 4868 555 4936 2222112222,
575 4875 601 4921 et
617 4868 734 4921 Patrem
755 4884 812 4921 esee
832 4869 933 4936 Deum,
957 4869 1050 4939 ginem
1067 4865 1102 4920 ad
1121 4863 1238 4934 Moysen
1256 4868 1399 4927 revocant,
1419 4878 1455 4917 sn
1472 4861 1657 4918 Bellarminus
1674 4860 1794 4932 probare

92 4961 122 5009 et
138 4952 246 5008 Filium
263 4967 322 5006 esee
340 4953 443 5018 Derim,
461 4951 610 5020 crambes
628 4952 784 5006 necareris
801 4953 932 5022 semcitur,
957 4952 1032 5021 velit,
1052 4957 1161 5005 mature
1179 4947 1316 5020 dispiciat.
1352 4946 1479 5002 Christus
1501 4952 1530 5002 22
1549 4946 1668 5018 apostoli
1685 4962 1794 5016 semper

91 5039 211 5095 Patrem
234 5042 261 5092 et
279 5035 386 5090 Filium
405 5052 463 5091 esee
483 5037 607 5106 ejusdem
625 5037 795 5092 menemus
817 5045 843 5092 et
861 5037 933 5092 ‹iivi-
957 5042 1058 5110 urgent
1092 5034 1264 5106 Scripturas,
1303 5034 1430 5104 nuspiam
1468 5049 1533 5088 vero
1571 5033 1694 5088 22221222
1731 5031 1793 5087 illes

90 5122 200 5179 22212212.
243 5120 419 5193 Augustinus
454 5127 551 5176 222222
584 5120 766 5177 Maximinum
797 5122 933 5179 21ιί22222
957 5122 1118 5180 traditiones
1157 5120 1202 5176 vel
1239 5119 1355 5176 ludaeis
1392 5118 1437 5172 vel
1473 5118 1553 5174 nobis
1591 5118 1793 5174 commendant

91 5209 287 5280 disputaturus
304 5204 350 5262 lib.
369 5213 392 5262 3.
419 5223 442 5262 2.
462 5213 501 5263 ta.
521 5222 650 5277 expresse
668 5207 779 5263 scribit:
803 5211 864 5264 Nec
882 5226 932 5278 epo
959 5216 982 5266 2.
1001 5206 1089 5264 Aliud
1113 5212 1155 5262 est
1174 5207 1226 5275 jus
1250 5205 1319 5274 soii,
1345 5204 1422 5258 aliud
1440 5205 1492 5273 jus
1510 5205 1583 5273 poli.
1618 5203 1744 5260 Ecclesia
1761 5207 1795 5258 ut

91 5295 247 5356 Nicaeum,
272 5309 323 5347 nec
344 5301 374 5346 tu
394 5293 476 5346 deles
495 5292 674 5347 Ariminense
686 5296 823 5362 proferre
840 5296 932 5350 22221-
957 5312 1013 5352 222
1035 5292 1141 5364 regitur
1163 5290 1291 5346 humanis
1317 5289 1455 5359 consiliis,
1479 5289 1519 5345 its
1541 5305 1593 5345 nec
1615 5289 1726 5362 legibus
1743 5288 1793 5345 hu·

90 5380 163 5437 tum
186 5385 238 5434 ue.
269 5377 481 5448 Smspamamm
499 5378 712 5433 auctoritatibus
728 5396 784 5434 non
802 5398 930 5450 priorum
957 5379 1045 5436 manis
1068 5384 1098 5433 et
1119 5377 1201 5432 modo
1224 5376 1317 5447 aliquo
1341 5375 1425 5446 hujus
1449 5375 1544 5431 seculi.
1579 5374 1793 5432 1122222221-

90 5481 200 5538 marre
217 5463 346 5534 22222112
364 5464 549 5534 senserisque
560 5464 749 5521 communibus
763 5465 931 5523 metueres
955 5465 1047 5522 limus
1078 5462 1108 5519 in
1137 5462 1184 5519 lib.
1213 5461 1249 5519 de
1278 5460 1387 5519 veland.
1415 5460 1516 5543 virgin.
1545 5477 1570 5517 2.
1599 5468 1622 5519 1.
1649 5461 1680 5519 12
1703 5461 1792 5532 princ.
