3984 6022
553 276 605 331 na
623 274 870 334 snucmsemo
888 275 1105 334 maturrume
1123 241 1325 335 uternam.
1693 336 1695 340 ,
1727 287 1784 343 401

103 428 225 483 Sabellii
241 430 445 487 declinandum.
468 430 497 486 O.
519 436 543 487 6.
564 432 623 485 Our
639 448 704 500 erpo
721 449 778 485 uon
795 431 932 485 tamma
960 432 1100 488 essentiae.
1132 430 1243 488 Catocln
1261 432 1362 488 Racov.
1383 448 1410 501 p.
1426 437 1472 487 tt:
1497 414 1623 485 Obriatm
1640 430 1789 484 etsiverum
1855 487 1856 490 ,

100 510 185 567 timul
201 533 285 568 unam
300 533 449 584 perronam
465 517 584 571 dicimur
598 518 668 571 ricut
683 534 767 570 uuum
785 516 933 571 carentiam
959 521 1038 571 Deua
1055 521 1113 588 ait„
1132 538 1188 574 uoo
1206 528 1298 574 tomen
1316 527 1355 572 eat
1372 518 1422 572 ille
1440 536 1472 571 eu
1488 535 1518 570 ae
1536 536 1606 571 unua
1624 509 1718 586 Deua,
1741 518 1790 586 qui

101 608 127 652 ct
146 619 230 655 rmum
243 603 342 665 Deum,
359 604 412 656 aed
428 611 483 657 trec
502 605 620 658 dicimur
633 621 779 674 perronae,
797 621 858 656 cum
877 610 932 656 tres
954 622 1008 673 per
1031 622 1060 658 ee
1083 615 1109 660 et
1130 607 1338 676 perfectiaaimo
1365 606 1474 658 ratione
1492 607 1572 658 Deua
1594 611 1649 672 eet,
1676 622 1738 658 cum
1763 606 1789 656 ia

65 725 71 737 .
102 688 182 740 Deoa
200 697 248 741 aut
266 697 323 742 trea
340 691 473 744 ceramina
491 709 547 745 mou
564 692 704 759 dicamur,
728 690 786 743 αιά·
801 691 869 758 qum
886 707 932 742 uo·
959 691 1038 745 Deua
1055 700 1160 746 tautam
1176 693 1213 746 cit
1230 694 1327 746 Pater.
1365 690 1490 747 Ostorod
1515 689 1544 744 in
1567 688 1651 744 instit
1678 707 1705 759 p.
1727 695 1788 744 132:

100 773 193 826 lttuttta
220 774 264 826 oet
289 793 374 828 uuam
400 776 520 846 aliquod
543 778 705 832 vocobulum
734 776 839 830 remire
867 776 932 829 huic
958 778 1092 831 Futemur
1109 781 1253 832 eseeutiam
1275 779 1381 833 Gtrbu'
1396 785 1489 847 utpote
1507 778 1568 830 ucri
1592 777 1711 830 hominia
1734 795 1789 831 nou

98 861 311 926 aipeificotiom',
338 879 393 931 qua
419 863 586 931 iuteltipitur
607 864 732 932 trinitat,
761 880 795 917 ue
821 863 931 917 omniuo
957 863 1046 917 attam
1063 865 1120 918 uiri
1139 865 1288 918 humanam
1307 881 1374 918 esee.
1410 863 1502 919 Socin.
1525 863 1554 917 in
1578 861 1681 917 defens.
1701 862 1788 916 anim·

99 953 251 999 meeremm
269 948 444 1019 interrogati,
465 951 536 1019 quid
551 957 615 1017 trec,
633 967 693 1003 oum
711 958 767 1003 tres
786 950 931 1016 eaeefute·
957 947 1019 1002 adr.
1044 967 1071 1020 p.
1100 955 1164 1005 hot:
1200 949 1326 1004 Ultriatrra
1350 951 1414 1004 licet
1441 967 1521 1004 verm
1550 949 1587 1004 rit
1613 951 1705 1016 Deua,
1734 965 1789 1001 uon

98 1035 183 1085 mur!
210 1032 252 1086 Ex
282 1034 381 1105 quibus
408 1035 559 1106 Augustini
587 1035 680 1091 verbis
710 1035 804 1107 colligi
832 1039 931 1106 potest,
957 1051 1043 1104 oeque
1069 1045 1160 1090 tomen
1184 1045 1223 1090 est
1247 1054 1329 1090 verua
1348 1040 1426 1090 Deua
1443 1045 1473 1090 ut
1499 1037 1561 1105 ejua
1584 1037 1698 1089 Pater.¹
1718 1035 1788 1090 Con-

99 1133 185 1187 quare
203 1135 285 1174 unam
304 1121 457 1189 essentiam,
480 1129 535 1177 tres
553 1138 618 1177 vero
634 1138 767 1193 personas
784 1121 813 1176 in
830 1121 930 1176 divinis
957 1120 1070 1175 manum
1096 1123 1265 1177 ostendimus
1289 1122 1318 1176 in
1335 1123 1387 1176 loc.
1410 1119 1438 1196 ξ.
1460 1129 1498 1177 ιι.
1517 1128 1545 1177 et
1564 1139 1620 1193 seq.
1644 1127 1667 1176 3.
1687 1121 1789 1175 Filium

98 1208 263 1268 statuamus,
290 1205 421 1263 videlicet
442 1224 498 1263 non
518 1214 551 1262 ιιι
574 1225 675 1263 novum
698 1207 810 1280 aliquod
829 1207 931 1278 dogma
957 1207 1106 1275 exstitime,
1136 1216 1283 1279 antequam
1307 1225 1340 1263 ex
1361 1209 1450 1263 Maria
1474 1215 1641 1265 nasceretur.
1678 1208 1788 1263 Oatoro-

97 1307 148 1362 per
172 1290 221 1345 illa
244 1291 331 1346 rerba
352 1292 382 1346 in
406 1293 551 1350 ecclesiam
574 1294 799 1364 introducamus,
827 1295 876 1350 sed
899 1301 931 1349 nt
957 1294 1010 1348 dus
1026 1301 1097 1349 cont.
1117 1293 1279 1349 'Ihadehum
1302 1301 1371 1365 part
1390 1301 1412 1349 2.
1434 1313 1457 1349 e.
1479 1300 1502 1349 6.
1520 1313 1547 1365 p.
1570 1300 1635 1349 117:
1663 1295 1789 1347 Chr-istm

97 1393 191 1430 veram
216 1377 252 1431 de
268 1377 330 1432 Deo
355 1379 521 1434 sententiam
544 1380 574 1435 in
594 1380 742 1451 Scripturis
761 1380 930 1452 propositam
957 1398 1011 1435 nou
1037 1382 1094 1444 fuit
1121 1383 1156 1435 ab
1182 1391 1296 1435 aeterno
1323 1398 1373 1435 uec
1400 1382 1503 1434 exstitit
1530 1383 1612 1451 priua
1647 1368 1730 1451 quom
1757 1398 1788 1434 eu

97 1463 230 1518 adversus
253 1464 454 1520 baereticorum
477 1467 685 1537 depravationes
711 1467 877 1538 explicemus
896 1484 929 1522 ac
957 1468 1058 1522 Maria
1080 1477 1163 1522 nutus
1186 1469 1251 1534 fuit.
1289 1467 1435 1525 Sohmalta.
1456 1475 1552 1523 contra
1568 1469 1680 1525 lhantn.
1698 1487 1724 1539 p.
1743 1474 1789 1522 ιιι

96 1548 260 1605 muniamus.
296 1550 375 1614 Quod
394 1569 458 1607 vero
476 1553 650 1625 Augustinus
667 1553 743 1624 dicit
763 1563 819 1608 tres
831 1571 929 1624 perro·
956 1555 1057 1623 illrum,
1084 1556 1134 1625 φα·
1157 1572 1189 1609 eu
1210 1556 1313 1609 Morio
1330 1563 1412 1609 ααιια
1429 1563 1481 1624 ert,
1502 1556 1595 1622 fuiaae
1616 1563 1678 1608 oute
1696 1554 1786 1607 Abre-
1899 1610 1902 1619 .

95 1654 150 1689 uua
172 1637 202 1690 iu
220 1638 285 1691 Deo
307 1639 406 1691 uocari
429 1657 463 1694 ue
487 1641 597 1695 omniuo
616 1650 770 1709 taceamus,
798 1657 831 1695 eo
848 1657 929 1695 seusu
956 1639 1067 1693 humum
1091 1659 1233 1710 numquam
1256 1649 1296 1694 eet
1313 1642 1465 1712 probatum
1489 1657 1538 1696 uec
1552 1641 1675 1711 probari
1688 1647 1787 1709 puteat
1950 1630 1953 1640 ’

95 1722 302 1793 accipiendum,
336 1726 410 1795 quod
439 1726 546 1781 nullum
571 1743 670 1782 nomen
697 1727 764 1782 satis
793 1725 877 1797 digne
902 1733 930 1781 et
963 1728 1077 1781 Verbum
1091 1744 1149 1783 erre
1166 1745 1278 1782 commu
1293 1729 1415 1797 sactum,
1432 1746 1569 1797 amquam
1587 1728 1722 1796 scriptum
1741 1733 1787 1779 eat.

96 1807 267 1865 sufficienter
286 1809 421 1880 explicare
441 1813 541 1883 possit,
570 1813 637 1884 quid
655 1813 711 1868 sint
727 1813 776 1868 illa
792 1814 853 1881 tria,
875 1811 929 1866 dici
956 1812 1070 1870 Socinus
1088 1812 1117 1866 in
1135 1813 1273 1868 animadv.
1291 1821 1386 1870 assurt.
1409 1821 1431 1870 1.
1450 1813 1533 1893 Posti.
1553 1832 1579 1884 p.
1599 1820 1640 1870 31.
1658 1813 1698 1867 sic
1716 1812 1787 1867 blas·

93 1901 188 1951 tamen
213 1913 357 1967 personas,
387 1903 419 1951 ut
443 1899 536 1971 aliquo
563 1900 646 1955 modo
667 1904 788 1954 nostram
815 1899 850 1953 de
874 1898 928 1952 illis
955 1898 1091 1970 phematz‘
1119 1900 1186 1963 Quia
1205 1900 1385 1968 dmuaverit,
1405 1901 1473 1970 quin
1493 1900 1618 1954 Clarium
1637 1907 1702 1952 oute
1720 1899 1786 1951 Ma·
1850 1936 1853 1961 ι

94 1981 261 2037 sententiam
278 1999 311 2037 ex
329 1983 423 2038 divina
440 1985 608 2041 revelatione
625 1985 653 2039 in
670 1983 755 2040 verbo
767 1984 872 2040 tradita
882 1986 928 2041 de·
955 1985 1027 2037 rimu
1050 1986 1185 2053 uirpiuem
1209 1986 1321 2040 minium
1346 1988 1492 2055 curtiterit,
1516 2004 1578 2039 cum
1598 2002 1631 2039 ea
1650 1987 1714 2055 ipro
1731 1986 1787 2038 uir-

95 2074 214 2122 sumtam
232 2068 410 2124 declaremus.
955 2072 1020 2139 pirre
1042 2071 1069 2124 ia
1085 2072 1123 2125 ait
1139 2079 1237 2139 nutus,
1261 2090 1374 2140 oramque
1391 2074 1470 2141 uirpo
1491 2074 1552 2140 ejua
1570 2081 1659 2126 meter
1677 2072 1788 2135 fuerit!

133 2160 175 2210 ιι.
203 2154 317 2210 Minoris
340 2155 534 2226 propositionis
561 2157 733 2212 confirmatio
760 2157 929 2212 desumenda
955 2175 1011 2210 uou
1037 2158 1113 2210 istud
1129 2157 1321 2211 smlturimum
1338 2158 1419 2211 illum
1437 2159 1616 2211 Homericum
1634 2158 1787 2225 Morpitem

94 2245 138 2295 est
155 2257 189 2295 ex
207 2240 262 2295 illis
279 2241 441 2312 Scripturae
464 2242 552 2311 diutia¹
577 2259 648 2315 quae
665 2248 814 2298 testantur:
850 2248 875 2296 1.
893 2245 928 2296 de
955 2243 1065 2296 imitari
1090 2251 1171 2314 meet,
1197 2245 1249 2313 qui
1274 2244 1439 2312 umbipebot.
1471 2251 1532 2297 uter
1557 2252 1626 2297 notu
1650 2245 1788 2312 proodior

94 2326 196 2395 Patre,
223 2328 297 2398 quod
321 2327 358 2382 sit
375 2344 456 2382 verus
473 2333 601 2383 aeternus
619 2327 696 2384 Deus
716 2345 748 2383 ac
766 2328 929 2384 distinctae
955 2338 1039 2392 earm,
1065 2330 1125 2400 ipre
1148 2347 1185 2383 αα
1207 2337 1296 2383 mater
1318 2330 1428 2399 ipriuat
1457 2328 1631 2384 Contrarium
1651 2337 1786 2384 mertum
1840 2368 1844 2376 -

93 2411 167 2466 Filio
193 2416 221 2466 et
239 2411 344 2483 Spiritu
368 2432 388 2466 a.
413 2430 544 2483 persona3
573 2418 600 2468 2.
623 2416 657 2467 de
674 2415 766 2478 Filio,
793 2415 868 2487 quod
893 2415 929 2469 sit
954 2414 1008 2469 fuit
1030 2415 1059 2469 in
1081 2415 1130 2471 loc.
1153 2413 1179 2490 ξ.
1198 2421 1238 2470 40.
1264 2421 1292 2471 et
1314 2432 1389 2487 seqq.
1415 2423 1438 2471 4.
1457 2414 1590 2485 Spiritum
1608 2433 1630 2469 s.
1650 2433 1682 2471 eo
1703 2415 1785 2470 modo

94 2513 178 2552 verus
203 2503 231 2552 et
253 2504 380 2554 aeternus
395 2498 486 2568 Deus,
511 2499 614 2571 quippe
634 2517 697 2555 cum
715 2502 827 2570 nomen',
851 2501 928 2556 attri-
954 2517 1015 2556 esse
1032 2500 1131 2571 Deum
1151 2509 1183 2556 ιιι
1201 2501 1237 2556 sit
1260 2503 1343 2558 etiam
1365 2514 1484 2574 persona
1504 2501 1639 2557 divinae
1656 2500 1739 2556 Patre
1757 2507 1786 2556 et
1796 2517 1836 2559 111.
1849 2515 1894 2559 atu

95 2583 180 2650 buta,
200 2599 296 2654 opera,
319 2584 409 2641 cultus
428 2589 457 2640 et
472 2585 563 2657 gloria
578 2603 642 2641 vere
659 2585 754 2641 divina
771 2586 825 2657 ipsi
842 2587 928 2643 tribu-
954 2587 1026 2642 Filio
1043 2587 1181 2643 distincta.
1199 2586 1301 2644 ’Socim
1320 2586 1350 2642 in
1373 2594 1451 2645 tract.
1476 2587 1511 2642 de
1530 2587 1605 2656 Deo,
1623 2586 1733 2643 Christo
1757 2593 1786 2641 et

94 2676 186 2738 anun,
206 2684 238 2724 ac
257 2669 294 2724 sit
310 2670 441 2726 distincta
460 2688 478 2726 a
494 2671 578 2727 Patre
596 2677 625 2727 et
641 2671 745 2743 Spiritu
763 2692 783 2727 s.
798 2689 927 2742 persona3
956 2672 1058 2745 Spiritu
1078 2691 1098 2727 s.
1124 2691 1152 2743 p.
1172 2680 1200 2728 11:
1226 2673 1352 2742 Spiritus
1377 2692 1398 2727 a.
1426 2691 1561 2743 tuaquom
1579 2674 1682 2727 diaerte
1701 2681 1727 2726 et
1745 2674 1786 2725 od
1831 2738 1833 2746 Ι

94 2758 123 2810 3,
149 2757 184 2809 de
210 2755 319 2824 Spiritu
345 2765 454 2824 ααααια,
486 2757 559 2828 quod
585 2756 621 2811 sit
645 2774 726 2813 verus
753 2764 780 2814 et
801 2763 928 2814 aeternus
955 2760 1065 2814 literam
1091 2760 1122 2812 iu
1149 2759 1299 2828 Scriptura
1328 2762 1406 2814 Deua
1432 2759 1608 2829 appellatum,
1635 2760 1703 2829 quia
1730 2777 1786 2813 ooo

94 2839 184 2911 Deus,
203 2841 306 2912 quippe
322 2842 368 2897 cui
380 2842 539 2897 nonninus
551 2859 658 2910 nomon,
677 2843 820 2913 attributa,
836 2861 929 2915 opera,
956 2855 995 2900 eat
1010 2863 1133 2916 peremto
1150 2845 1249 2915 otique
1266 2847 1372 2901 diuino.
1408 2844 1553 2901 Schmalta.
1574 2845 1603 2900 in
1621 2862 1707 2901 exam.
1729 2850 1785 2901 lot.

95 2927 188 2982 cultis
199 2934 227 2983 et
238 2927 327 2998 gloria
342 2945 407 2983 vere
424 2928 518 2984 divina
527 2929 688 2985 tribuuntur
704 2947 737 2984 ac
749 2930 786 2984 sit
798 2930 929 2987 distincta
954 2949 1076 2988 errorum
1094 2948 1120 3002 p.
1141 2937 1187 2987 36:
1213 2932 1350 2986 Fotemur
1368 2933 1505 3001 Spiritum
1522 2951 1544 2985 a.
1570 2949 1602 2986 eo
1622 2932 1705 2984 modo
1727 2931 1788 2983 dici

97 3028 116 3066 a
132 3012 218 3068 Patre
234 3019 262 3069 et
277 3013 351 3070 Filio
367 3031 498 3085 persona3
520 3022 543 3070 4.
562 3015 597 3070 de
613 3017 719 3069 unitate
737 3016 797 3070 Dei
812 3017 869 3070 ciue
886 3017 928 3071 di·
953 3034 1034 3086 posae
1053 3023 1155 3085 Deum,
1173 3035 1226 3086 quo
1244 3018 1306 3071 olio
1325 3019 1457 3070 attributo
1473 3019 1554 3071 Deras
1572 3028 1630 3070 eece
1647 3017 1786 3082 dautur,

93 3099 177 3153 uiroc
195 3100 344 3164 mentite,
371 3099 529 3172 quodlicet
547 3106 602 3156 tres
624 3101 693 3169 sint,
713 3101 814 3173 quibus
833 3109 862 3157 et
880 3119 928 3157 no·
955 3104 1008 3158 aed
1027 3120 1161 3171 uepamua
1181 3103 1321 3172 Spiritum
1346 3120 1368 3156 a.
1393 3110 1524 3156 accurate
1550 3110 1576 3154 et
1601 3102 1717 3171 proprie
1745 3101 1785 3154 lo-

94 3202 160 3240 meu
176 3183 229 3241 Dei
248 3191 277 3240 et
293 3192 394 3241 natura
411 3186 504 3241 divina
520 3204 584 3242 rere
601 3188 744 3258 competit,
764 3193 856 3242 tamen
873 3205 929 3243 non
955 3190 1063 3258 quaudo
1079 3191 1247 3257 ceramum,
1264 3189 1340 3257 quio,
1360 3188 1494 3257 quioquid
1503 3190 1583 3240 Deua
1596 3195 1644 3253 eat,
1662 3203 1785 3256 perrona

94 3270 133 3325 sit
158 3271 211 3325 nisi
233 3289 305 3326 unus
328 3289 408 3327 verus
426 3272 511 3327 Deus.
546 3271 625 3328 Haec
648 3279 767 3345 quatuor
785 3274 810 3329 si
833 3274 928 3329 ordine
955 3275 1038 3328 etiam
1056 3275 1153 3328 ἀίαιαα
1178 3282 1208 3327 ιιι
1232 3274 1270 3327 eit
1296 3289 1403 3326 uccmse
1420 3280 1467 3326 eet.
1502 3271 1677 3326 Contrarium
1696 3278 1785 3326 osten·

94 3363 125 3412 ct
141 3356 270 3412 distincte
287 3357 449 3419 confirmata
466 3348 545 3428 sunt,
570 3357 760 3415 confirmatum
776 3359 859 3415 etiam
875 3360 928 3416 erit
955 3360 1045 3414 dimus
1070 3360 1099 3414 in
1123 3361 1184 3415 loco
1210 3360 1245 3414 de
1263 3359 1367 3429 Spiritu
1393 3376 1429 3426 a,
1455 3374 1549 3412 reram
1572 3357 1677 3413 scilicet
1699 3358 1785 3428 ipsius

94 3442 198 3514 dogma
214 3443 354 3512 minitatis,
374 3443 478 3515 quippe
497 3445 570 3515 quod
589 3443 657 3498 nihil
676 3444 752 3499 aliud
770 3462 826 3499 uno
842 3446 926 3500 verbo
955 3447 1085 3503 deitatem
1112 3443 1139 3520 ξ.
1166 3451 1207 3501 23.
1224 3451 1253 3501 et
1270 3444 1464 3516 sequentibus,
1489 3445 1614 3515 ejusdem
1636 3445 1785 3515 personali-

94 3528 173 3598 dicit,
191 3544 274 3600 quam
293 3530 366 3600 quod
386 3526 484 3584 horum
501 3528 592 3598 trium,
604 3530 704 3599 Patris,
722 3531 788 3586 Filii
802 3538 831 3586 et
843 3531 926 3602 Spiri-
952 3540 1037 3589 tatem
1065 3530 1093 3607 ξ.
1120 3539 1161 3589 99.
1203 3530 1346 3587 Stantibus
1373 3532 1459 3603 igitur
1483 3547 1516 3585 ac
1542 3532 1629 3603 probe
1655 3530 1784 3587 stabilitis

91 3622 139 3670 tus
157 3615 246 3670 sancti
263 3615 299 3670 sit
319 3632 375 3670 una
392 3615 510 3670 indivisa
527 3616 647 3672 essentia
666 3616 774 3685 divina,
802 3618 926 3689 quamvis
952 3619 1007 3673 illie
1030 3618 1231 3690 hypothesibus
1248 3617 1334 3673 stabit
1350 3635 1384 3672 ac
1402 3617 1593 3672 confirmatum
1613 3618 1666 3672 erit
1683 3624 1784 3688 myste-

92 3701 150 3756 sint
163 3702 310 3758 distinctae
325 3718 466 3773 personae,
485 3719 602 3774 quarum
616 3703 925 3774 quaelibetcharactere
952 3705 1022 3760 rium
1045 3705 1190 3771 trinitatis,
1217 3705 1292 3759 undo
1314 3704 1398 3760 etiam
1418 3704 1532 3767 Socinus
1549 3704 1578 3758 in
1601 3705 1627 3758 d.
1649 3711 1729 3759 aaut
1750 3705 1786 3758 de

91 3806 143 3843 suo
160 3788 335 3869 hypostatice
353 3790 389 3845 ab
405 3790 493 3844 altera
507 3790 701 3862 disdnguatur.
951 3791 1025 3861 Deo,
1045 3791 1160 3848 ‘Christo
1188 3797 1216 3846 et
1243 3790 1348 3862 Spiritu
1371 3810 1392 3846 s.
1420 3789 1613 3862 argumentum
1638 3790 1707 3845 illud
1734 3807 1785 3860 pro

129 3880 170 3930 rt.
192 3875 353 3931 Photiniani
382 3877 551 3933 concedunt:
581 3884 603 3933 ι.
626 3893 723 3932 rerum
748 3894 808 3935 esse
824 3895 923 3950 unum3
950 3885 1045 3934 nostra
1060 3878 1197 3935 sententia
1219 3877 1358 3933 firmatum
1382 3878 1503 3933 refutare
1531 3893 1640 3947 paraus,
1668 3895 1700 3932 ex
1728 3878 1783 3931 illis

92 3969 118 4018 2.
137 3962 250 4016 Patrem
278 3973 337 4018 esse
359 3980 455 4018 rerum
474 3963 565 4018 Deum
589 3970 618 4018 et
641 3963 798 4019 diductam
817 3981 835 4020 a
853 3965 925 4020 Filio
950 3961 1151 4035 hypothesibus
1176 3969 1297 4020 nostram
1322 3965 1356 4018 de
1377 3963 1502 4020 trinitate
1521 3963 1717 4019 confessionem
1737 3962 1782 4017 fir-

89 4065 246 4119 personam
291 4055 314 4105 3.
344 4049 447 4104 Filium
481 4065 542 4105 esse
580 4050 737 4105 distinctam
771 4068 924 4123 personam.
951 4049 1032 4105 miter
1066 4050 1247 4106 demonstrari
1276 4066 1356 4120 porse
1393 4049 1532 4120 agnoscit,
1562 4050 1585 4104 si
1618 4048 1785 4119 hypotheses

90 4143 117 4192 4.
143 4134 245 4190 Filium
269 4153 329 4192 esse
354 4155 449 4190 uerum
473 4138 574 4192 Deum.
616 4142 642 4191 t.
670 4139 743 4191 Erae
766 4138 924 4192 nmurolem
947 4133 1015 4192 illae
1036 4135 1117 4190 firmo
1141 4142 1225 4207 atque
1246 4135 1358 4191 immoto
1379 4135 1505 4191 nituntur
1527 4136 1650 4190 veritatis
1672 4134 1783 4188 divinae

92 4222 155 4275 Dei
171 4222 283 4276 hiltun.
320 4228 343 4277 6.
364 4222 498 4292 Spiritum
517 4229 643 4278 sanctum
662 4222 718 4277 dici
735 4240 817 4295 porse
834 4223 925 4277 Deum
950 4221 1137 4277 fundamento.

90 4325 126 4365 eo
153 4308 248 4372 modo,
277 4325 332 4381 quo
358 4309 413 4364 alia
435 4309 571 4365 attributa
594 4309 672 4364 Deua
700 4326 760 4366 esse
786 4309 923 4366 dicuntur.
986 4313 1027 4363 73.
1052 4306 1122 4361 Cum
1147 4324 1213 4362 vero
1236 4304 1346 4361 illarum
1368 4302 1561 4378 hypothesium
1586 4308 1784 4362 demonstratio

91 4396 148 4452 Sed
166 4400 286 4467 negant:
324 4403 345 4451 l.
368 4396 481 4452 Patrem
507 4413 567 4452 ease
592 4397 708 4467 primam
728 4396 839 4451 deitatis
864 4413 924 4467 per·
952 4394 1007 4450 alio
1024 4393 1086 4448 loco
1103 4393 1208 4449 medita
1225 4392 1277 4460 sit,
1303 4392 1366 4448 ideo
1384 4393 1509 4448 uberiore
1526 4393 1609 4465 hujus
1627 4395 1783 4464 argumenti

91 4498 201 4550 sonam,
228 4499 300 4554 quae
323 4482 360 4539 ab
383 4489 497 4539 aeterno
512 4483 615 4538 Filium
637 4483 735 4556 genuit
752 4482 806 4538 sibi
824 4481 925 4549 ὁμοαύ-
952 4479 1157 4537 confirmatione
1175 4478 1220 4533 hic
1240 4480 1461 4548 supersedemus,
1483 4481 1551 4534 illud
1572 4480 1706 4534 duntaxat
1726 4496 1781 4534 mo-

91 4583 155 4624 mor
178 4568 276 4639 aicque
302 4576 406 4640 negant
432 4570 522 4641 ipsum
549 4587 608 4625 esse
634 4575 777 4625 aeternum
803 4569 923 4624 Patrem.
952 4573 1061 4631 nentes.
1089 4566 1191 4621 frustra
1218 4563 1382 4621 Ostorodum
1408 4573 1505 4622 contra
1529 4566 1638 4622 thadal.
1662 4571 1733 4637 part.
1759 4572 1782 4620 t.

91 4653 242 4711 Schmelm
264 4661 361 4711 tenua
377 4655 486 4710 Franta.
512 4655 581 4725 disp.
607 4661 628 4709 1.
648 4674 675 4726 p.
692 4660 721 4710 2:
757 4655 809 4708 Uti
824 4657 925 4710 neemia
952 4654 1062 4726 Disput.
1085 4659 1106 4708 l.
1125 4671 1153 4723 p.
1173 4656 1214 4707 86.
1234 4651 1286 4705 hoc
1305 4668 1422 4723 urgere,
1440 4655 1517 4721 quod
1533 4654 1560 4706 ai
1577 4654 1680 4720 doymo
1702 4654 1784 4706 triui-

91 4742 123 4795 r'u
145 4742 238 4794 ruerit
262 4741 353 4795 liter-ia
377 4742 486 4795 oeterni
502 4742 619 4794 Patria!
643 4750 773 4794 omeruuc
796 4750 850 4809 eat,
878 4743 928 4811 qui
952 4742 1020 4794 tutia
1043 4739 1157 4793 ueritati
1173 4756 1322 4793 romonum
1339 4730 1430 4805 soret,
1460 4740 1647 4792 ueeeerorium
1672 4740 1782 4793 omniuo

91 4829 180 4882 Pater
203 4835 258 4897 eat,
282 4845 317 4881 oc
341 4845 397 4881 nom
413 4829 500 4881 Pater
519 4835 656 4881 autemut.
691 4826 803 4881 catech.
822 4827 925 4882 Racov.
946 4828 1057 4895 fuiaae,
1084 4825 1151 4895 quia
1178 4826 1254 4878 ratio
1278 4825 1356 4879 nullo
1379 4826 1463 4878 modo
1489 4826 1613 4878 concedit
1638 4841 1696 4879 erae
1724 4832 1782 4878 trec

91 4931 119 4985 p.
139 4920 186 4970 ot:
210 4913 292 4967 Seios
308 4914 513 4982 permotionem
529 4929 563 4966 ec
581 4914 641 4967 Dei
657 4913 777 4967 caecutio
795 4929 853 4966 esee
870 4932 925 4967 om·
948 4929 1086 4984 pertonat
1106 4912 1190 4966 uuiua
1213 4911 1351 4965 mdiuiaoe
1370 4911 1519 4978 creamine,
1543 4918 1575 4963 ut
1595 4919 1621 4962 et
1638 4912 1719 4970 tidem
1736 4911 1784 4964 illi

90 5001 173 5053 uidua
191 5000 284 5053 modic
301 4999 504 5068 imputribilem.
533 4996 649 5053 Socinus
665 4997 693 5052 in
712 5003 785 5054 tract
810 4997 924 5066 deDeo,
944 5000 1115 5067 sociandum
1140 4998 1276 5066 capraccia
1301 4997 1391 5051 uerbie
1414 5004 1440 5047 ct
1463 4997 1575 5064 quodem
1595 5013 1651 5049 uon
1675 5015 1730 5049 urm
1751 4998 1782 5050 iu

90 5085 203 5141 Christo
225 5091 254 5140 et
279 5084 383 5157 Spiritu
407 5104 429 5140 s.
456 5103 483 5156 p.
508 5090 552 5140 14:
587 5085 668 5137 Fieri
690 5103 745 5138 nou
765 5093 870 5154 puteat,
895 5094 925 5138 ut
952 5088 1022 5153 loco,
1040 5085 1092 5137 eod
1103 5083 1235 5153 pluribm
1250 5082 1326 5136 illud
1342 5082 1566 5150 eatetruiptum,
1583 5099 1644 5134 oum
1661 5083 1691 5134 iu
1706 5083 1782 5152 aliia,

91 5174 173 5226 Deua
192 5189 224 5226 eu
243 5190 295 5226 auo
314 5173 435 5227 aeremia
452 5188 616 5241 quemquam
634 5179 752 5238 paueret.
777 5169 924 5226 Schmalta.
952 5171 1082 5241 quoted
1098 5170 1267 5223 medendum
1285 5175 1349 5220 mm
1367 5167 1518 5234 difficilia,
1537 5168 1613 5221 illud
1623 5170 1717 5234 sileret
1733 5171 1781 5234 fo-

91 5258 122 5312 in
139 5275 227 5314 exam
247 5266 304 5315 157.
323 5275 446 5315 errorum
462 5276 513 5313 err.
530 5263 572 5312 ιι.
594 5274 621 5327 p.
641 5263 684 5312 ta:
703 5257 864 5311 Abmrdum
879 5267 924 5312 ⁴ert
951 5265 1032 5324 cmm,
1050 5262 1144 5324 utpote
1161 5256 1238 5324 quod
1247 5256 1329 5307 Deua
1346 5255 1483 5331 creauerit
1499 5254 1606 5308 coetum
1623 5262 1650 5307 et
1666 5262 1780 5326 terrum,

90 5353 116 5398 et
136 5353 243 5400 tautum
262 5364 318 5400 uon
338 5345 525 5415 blasphemum
542 5345 636 5397 Deum
654 5359 686 5394 eu
703 5344 859 5397 auhatautio
871 5363 924 5398 ιαα
951 5345 1028 5413 quod
1049 5342 1170 5395 omninum
1193 5357 1286 5394 rerum
1308 5340 1468 5408 cumprimis
1491 5357 1555 5392 uero
1578 5341 1717 5395 homiuum
1735 5361 1780 5397 cu-

89 5423 233 5501 peuerore.
254 5430 428 5487 θοιιιιιιιίιιιιι
444 5428 690 5487 demonstravimus
711 5429 740 5482 in
755 5428 807 5484 loc.
823 5427 851 5505 ξ.
866 5436 922 5486 153.
949 5448 1014 5485 rom
1035 5436 1130 5497 amat,
1157 5428 1234 5496 quod
1256 5426 1283 5480 ai
1306 5433 1477 5479 mmmmm
1497 5428 1663 5481 rearmrectio
1680 5437 1705 5482 et
1722 5431 1781 5483 uite

89 5524 116 5575 ι.
133 5518 237 5573 Filium
255 5534 316 5575 esse
332 5523 473 5574 autunum
491 5517 582 5573 Deam
608 5532 642 5570 ac
660 5514 741 5569 unius
759 5531 824 5570 oum
839 5515 924 5572 Patre
951 5524 1067 5570 netem
1094 5513 1268 5569 credeuubru
1293 5513 1322 5566 iu
1349 5512 1489 5568 ebriatum
1522 5514 1600 5581 eique
1632 5517 1780 5570 obedieuti-

1419 5619 1451 5671 ιθ
