3984 6022
677 240 686 250 ’
751 277 803 340 ns
821 276 983 341 aarum
1000 278 1077 341 nm:
1699 293 1759 359 mr

55 439 125 504 vah,
152 438 305 495 Ostorodus
327 445 424 493 contra
441 437 550 494 'l'radei
573 445 643 510 part
668 444 692 494 2.
716 455 739 493 c.
765 444 788 494 2.
808 458 835 510 p.
856 445 897 496 91.
925 437 983 509 ipss
1002 438 1121 510 Spiritus
1139 447 1261 510 sanctus,
1279 459 1335 497 non
1353 442 1446 514 angeli
1464 443 1680 515 intelligunturi
1716 444 1762 499 In-

55 524 176 596 probare
199 533 316 578 conatur
339 531 359 579 t.
382 542 415 579 ex
434 525 519 578 Exod.
541 531 570 591 3,
593 543 619 577 r.
639 531 662 579 3.
687 530 713 579 ct
732 531 755 588 4,
782 526 829 579 ubi
849 528 896 578 ιε·
924 526 1007 580 stituo
1038 527 1120 580 etiam
1151 528 1234 581 talem
1260 527 1450 582 collationem:
1484 520 1599 600 angelis
1629 530 1683 596 ille,
1713 532 1761 602 qui

56 612 147 666 local
166 611 272 664 dieitur
293 612 461 679 apparuisse
480 611 578 678 Moysi
598 612 628 663 in
648 611 730 676 ricla,
756 628 839 681 quem
859 612 894 665 lo·
925 612 1058 679 promittit
1085 613 1259 668 eductionem
1286 613 1382 685 populi
1401 614 1546 668 Israilitici
1571 632 1603 669 ex
1621 616 1762 687 Aegypto,

55 714 122 752 cum
139 694 250 752 confert
269 712 331 750 cum
351 696 413 752 Act.
434 703 465 764 l,
489 714 515 750 v.
536 702 591 763 36,
612 695 660 751 ubi
678 697 714 763 is,
739 698 787 770 qui
807 695 895 766 Moysi
924 704 964 751 cst
983 699 1098 770 angelus
1117 700 1174 768 ille,
1195 701 1242 771 qui
1260 701 1363 770 reipsa
1379 700 1587 770 promissionem
1599 701 1675 755 illam
1690 719 1762 757 com·

56 783 202 854 apparuit,
228 791 345 847 vocatur
368 783 493 850 angelus.
529 781 612 853 Resp.
634 799 701 837 sanc
721 781 897 854 Augustinus
915 784 1009 852 'piavit
1027 790 1101 838 etex
1119 785 1251 856 Aegypto
1272 804 1322 856 per
1340 787 1479 841 desertum
1497 785 1525 840 in
1544 785 1657 840 Canaan
1674 805 1762 858 popu·

55 875 138 924 tract.
158 873 182 923 3.
201 867 229 922 in
248 867 348 922 Johan.
376 877 500 921 creatum
519 869 641 938 aliquem
659 870 789 938 anysium
808 868 897 938 Moysi
926 869 981 924 lum
1005 868 1189 925 Israiliticum
1211 871 1373 928 introduxitr
1398 873 1492 926 Actor.
1520 879 1546 938 l,
1569 888 1594 925 v.
1614 878 1660 928 35:
1685 871 1762 928 Deus

56 953 221 1026 apparuisse
247 954 358 1023 statuit,
390 953 518 1009 Pererius
544 955 718 1010 Photinianis
744 957 817 1018 idem
835 972 896 1009 con·
926 954 999 1007 misit
1016 955 1131 1026 Moysen
1151 956 1271 1028 ἄρχοντα
1288 962 1330 1010 και
1352 961 1491 1031 λι·τρωτι,ν
1508 958 1538 1011 ln
1549 965 1622 1030 χειρὶ
1642 957 1762 1028 ἀγγέλου

56 1041 133 1096 cedit
157 1041 227 1112 disp.
254 1046 277 1096 6.
301 1041 330 1094 in
352 1057 375 1094 c.
401 1048 424 1098 3.
469 1041 555 1096 Exod.
579 1062 607 1114 p.
634 1049 680 1098 89:
704 1042 898 1095 Persaaalitsr
925 1042 973 1093 rosi
991 1039 1216 1112 squammies
1234 1045 1306 1116 ἐντῇ
1320 1043 1407 1113 βάτῳ,
1425 1062 1451 1096 v.
1472 1048 1503 1099 36
1536 1045 1665 1114 angelum
1684 1044 1762 1099 illum

55 1129 116 1193 fuis
134 1127 263 1194 anpelus,
286 1129 520 1195 repraesentativa
540 1129 625 1182 Dens.
663 1128 783 1194 Quidam
803 1127 897 1181 distin·
925 1126 995 1180 dicit
1013 1145 1076 1180 cum
1095 1127 1192 1199 Moyse
1209 1129 1332 1183 locutum
1352 1129 1380 1183 in
1398 1136 1491 1183 monte
1510 1128 1596 1185 Sinai.
1631 1129 1719 1200 Atqui
1738 1130 1762 1183 is

58 1218 151 1284 gaunt
176 1213 249 1267 inter
270 1228 345 1281 eum,
372 1214 419 1284 qui
445 1213 535 1283 Moysi
560 1215 589 1268 in
607 1214 677 1268 rubo
698 1214 842 1284 apparuit,
872 1218 899 1267 et
925 1211 978 1265 fuit
1002 1213 1118 1284 angelus
1140 1215 1294 1283 increatus,
1321 1216 1380 1287 ipse
1404 1215 1462 1270 scil.
1487 1215 1544 1268 Dei
1567 1213 1670 1285 Filius,
1698 1215 1763 1286 quia

61 1315 133 1363 eum,
155 1300 203 1370 qui
222 1316 284 1353 cum
297 1297 395 1370 Moyse
414 1316 448 1353 er
467 1299 537 1354 rubo
550 1300 657 1354 locutus
674 1307 723 1369 est,
743 1300 821 1353 illurn
835 1315 897 1353 con·
925 1299 1041 1369 angelus
1065 1299 1112 1355 ille
1135 1301 1175 1354 sic
1195 1300 1372 1370 describitur,
1398 1300 1471 1371 quod
1490 1317 1590 1355 nomen
1611 1300 1647 1354 sit
1664 1291 1762 1375 inops,

58 1384 163 1440 cedunt
188 1385 275 1440 fuisse
303 1385 445 1457 angelum,
472 1385 546 1440 hunc
576 1403 640 1440 vero
669 1385 818 1454 deboram,
849 1385 896 1439 sed
928 1387 954 1437 in
975 1387 1066 1438 medio
1086 1388 1144 1439 εἰεε
1162 1388 1294 1439 interiori
1311 1388 1377 1455 ejas,
1397 1403 1430 1440 ac
1447 1395 1661 1456 praemonentur
1674 1386 1763 1440 israe·-

58 1477 150 1526 taxtus
177 1471 212 1525 de
235 1488 290 1526 uno
313 1471 465 1543 eodemque
498 1471 625 1542 subjecto
653 1479 801 1542 utrumque
819 1487 896 1542 prae·
926 1469 1002 1539 litae,
1027 1487 1063 1525 no
1086 1471 1177 1542 ipsum
1201 1471 1377 1539 exacerbent,
1404 1473 1547 1543 quianon
1570 1474 1607 1525 sit
1630 1489 1761 1542 parsurus

59 1555 148 1625 dicat,
178 1563 209 1610 ut
239 1563 348 1611 constat
374 1574 406 1611 ex
433 1556 466 1610 lsc
492 1555 608 1610 leniedla
636 1556 665 1610 in
689 1575 714 1611 v.
744 1565 768 1614 4.
797 1559 896 1633 Πξξη.
927 1557 1154 1625 praevaricationi
1176 1558 1308 1628 ipsorum,
1341 1558 1414 1629 quod
1439 1562 1531 1612 tamen
1554 1558 1590 1612 ab
1615 1558 1681 1628 ipsis
1706 1574 1761 1613 non

59 1641 215 1698 sammua
245 1660 311 1714 ergo
338 1659 401 1697 cum
428 1642 540 1698 lustina
570 1643 641 1713 apol.
668 1649 691 1698 2.
719 1661 770 1713 pro
797 1643 897 1697 Christ.
926 1643 978 1697 fuit
1002 1643 1082 1714 pensi
1104 1643 1243 1712 habitum,
1269 1644 1318 1698 sed
1335 1650 1513 1698 tentaverunt
1531 1644 1603 1697 hunc
1623 1644 1762 1716 angelum,

59 1746 89 1799 p.
115 1735 155 1784 74.
185 1735 214 1783 et
239 1729 267 1782 in
293 1729 358 1785 dial.
386 1746 448 1783 cum
472 1728 577 1799 'lhyph
604 1747 632 1798 p.
652 1734 710 1783 220.
736 1728 827 1798 ipsum
847 1729 897 1782 Dei
927 1730 977 1783 hoc
996 1736 1050 1798 est,
1075 1728 1214 1784 Christum
1233 1730 1322 1800 ipsum
1341 1728 1370 1784 in
1389 1729 1500 1784 deserto
1522 1737 1542 1786 t.
1562 1730 1623 1785 Cor.
1647 1737 1722 1795 ltus.
1737 1736 1761 1787 9.

59 1813 163 1868 Filium
195 1813 224 1868 iu
257 1816 327 1869 rubo
360 1815 535 1885 apparuisse,
568 1814 598 1868 in
626 1829 708 1884 quam
734 1814 897 1868 sententiam
926 1815 1056 1879 tQuidam
1076 1816 1220 1870 conserunt
1235 1816 1298 1871 Act.
1318 1821 1359 1878 23.
1378 1834 1404 1869 r.
1426 1824 1466 1876 tl.
1489 1832 1552 1870 cum
1573 1834 1596 1871 c.
1611 1824 1652 1886 tt,
1671 1819 1762 1887 alt.)

59 1899 146 1954 etiam
175 1899 235 1970 ipse
260 1900 436 1970 Augustinus
459 1899 575 1954 inclinat
601 1918 626 1969 q.
653 1905 676 1954 3.
704 1900 732 1953 in
758 1899 845 1954 Exod.
872 1906 900 1954 et
927 1909 950 1956 4.
964 1904 1009 1954 Ea
1029 1902 1205 1969 majestatica
1224 1902 1411 1972 apparitione.
1440 1904 1569 1974 Apparet
1581 1903 1609 1956 in
1632 1902 1702 1958 rubo
1719 1919 1761 1958 ar-

60 1985 109 2040 lib.
130 1991 154 2042 2.
174 1985 208 2040 de
228 1984 326 2040 'Irinit
345 2002 369 2040 c.
393 1991 431 2040 13.
451 1987 563 2053 Potest,
588 1986 692 2057 inquit,
716 1987 760 2039 tric
783 1987 898 2054 alapatus
927 1988 1021 2055 dente,
1045 2005 1095 2042 nec
1113 1993 1208 2042 mmen
1226 1995 1385 2056 consumto,
1413 1990 1488 2061 quod
1507 1989 1640 2042 concinne
1657 2004 1762 2044 accom-

59 2071 183 2150 inteilipi
204 2073 299 2126 lilius
317 2073 382 2126 Dei.
420 2070 454 2125 Id
478 2088 544 2126 vero
571 2071 789 2126 demonstramus
820 2077 841 2125 1.
867 2089 899 2124 ea
926 2072 1031 2126 modari
1053 2080 1145 2143 potest
1163 2074 1200 2128 ad
1218 2074 1366 2129 humanam
1383 2074 1487 2130 Christi
1504 2084 1641 2144 naturam,
1662 2075 1690 2129 in
1708 2090 1763 2146 qua

59 2159 261 2228 appellatione.
296 2158 419 2214 Vocatur
437 2157 569 2213 lehovah.
605 2157 680 2228 Ergo
704 2176 758 2213 non
780 2157 835 2211 fuit
852 2174 899 2211 an-
927 2163 985 2211 tota
1002 2157 1049 2210 lux
1067 2157 1177 2213 divinae
1193 2161 1347 2230 majestatis
1363 2161 1472 2216 habitat
1490 2163 1548 2218 sine
1564 2161 1622 2216 ulla
1640 2161 1764 2233 ejusdem

60 2244 140 2316 gelus
166 2252 282 2300 creatus.
319 2244 479 2299 Photiniani
504 2260 559 2297 non
586 2250 702 2314 possunt
730 2243 822 2298 dicere
849 2261 899 2297 nos
926 2243 1082 2298 abolitione.
1124 2245 1253 2299 Divinam
1273 2253 1400 2300 natmam
1419 2264 1515 2302 sacrae
1534 2247 1629 2302 literae
1647 2248 1706 2320 igni
1720 2238 1764 2302 as·

59 2330 227 2401 principium
245 2337 351 2402 petere,
375 2332 441 2404 quia
461 2337 584 2386 nostram
601 2330 768 2400 hypothesin
789 2331 899 2385 demon·
927 2329 1056 2393 similant,
1076 2337 1223 2402 propterea
1240 2333 1313 2403 quod
1334 2332 1438 2386 viribus
1455 2333 1562 2404 polleat
1575 2339 1604 2388 et
1617 2333 1764 2389 saeilehuc

60 2418 209 2472 suavimus
226 2417 388 2472 firmissimis
406 2417 583 2489 argumentis,
603 2422 631 2471 et
642 2421 760 2486 apparet
776 2435 809 2472 cx
820 2416 850 2470 rs
862 2424 899 2471 14.
928 2414 1048 2486 illucque
1066 2416 1210 2484 discurrat,
1231 2417 1306 2488 ligno
1318 2424 1410 2471 autem
1429 2424 1457 2474 et
1468 2417 1562 2472 herbis
1574 2418 1713 2474 hominem
1731 2435 1763 2473 ex

60 2521 162 2559 nomen
181 2503 307 2559 Jehovah
331 2505 370 2559 ita
393 2504 479 2558 tribui
497 2504 561 2559 huic
581 2502 687 2574 angelo,
707 2510 738 2557 ut
754 2521 804 2574 per
822 2503 893 2557 illud
927 2507 1000 2555 terra
1016 2502 1164 2557 formatum
1183 2509 1243 2571 etc,
1261 2504 1335 2574 quod
1346 2503 1471 2558 Christus
1489 2521 1600 2559 carnem
1619 2521 1698 2558 suam
1716 2521 1763 2559 na·

58 2606 141 2644 verus
160 2589 238 2644 Deus
259 2588 294 2643 ab
306 2589 440 2644 Israelitis
458 2596 626 2661 agnoscatur
643 2595 672 2644 et
689 2589 724 2644 ab
743 2589 825 2644 idolis
846 2590 900 2642 dis·
927 2587 1053 2642 turaliter
1070 2589 1275 2658 corruptibilem
1293 2591 1469 2661 corruptione
1488 2590 1655 2661 superiorem
1673 2590 1764 2645 reddi·

59 2675 213 2746 tinguatur.
263 2673 317 2729 Sed
343 2694 397 2729 non
424 2674 575 2729 insistimus
600 2675 682 2729 unice
711 2676 776 2729 huic
801 2676 898 2729 funda·
927 2673 1007 2742 derit,
1025 2674 1103 2745 quasi
1122 2674 1241 2745 quodam
1258 2675 1414 2746 aenigmate
1431 2677 1501 2731 rubo
1519 2677 1555 2732 ab
1573 2677 1638 2748 igne
1652 2676 1764 2731 minime

60 2765 170 2827 mento,
198 2760 247 2815 sed
264 2761 393 2815 addimus
423 2767 446 2816 2.
465 2770 658 2832 argumentum
678 2781 710 2815 aa
734 2764 899 2832 apparentis
928 2765 1048 2814 cremato
1072 2760 1230 2816 declaravit.
1267 2767 1292 2815 5.
1317 2763 1364 2815 Ea
1383 2772 1499 2832 patrum
1526 2772 1551 2816 et
1573 2762 1765 2817 Reatinorum

60 2847 255 2917 desm'ple'one.
291 2847 345 2912 Qui
369 2847 442 2901 enim
468 2864 502 2901 ex
521 2848 611 2902 medio
634 2849 697 2903 rubi
722 2866 785 2904 cum
802 2849 900 2921 Moyse
928 2847 1131 2915 lesitficait'oae:
1155 2847 1284 2903 diutinus
1303 2847 1328 2902 d.
1349 2848 1366 2902 l.
1391 2849 1497 2919 prolixe
1522 2848 1591 2903 illud
1616 2848 1719 2920 probat
1737 2855 1766 2903 66

61 2932 192 3005 loquitur,
212 2933 235 2987 is
254 2949 283 2988 sc
302 2939 383 2987 vocat
394 2933 486 2988 Deum
497 2933 637 2999 Abrahae,
655 2935 746 2989 Deum
766 2935 855 2990 isaaci
872 2942 900 2990 et
927 2933 1020 2988 addit:
1046 2933 1156 2987 Judaei
1179 2952 1247 2987 sane
1270 2952 1363 2987 omnes
1382 2952 1578 3004 annomeoque
1597 2937 1694 2988 docent
1719 2952 1765 2988 aa·

60 3019 152 3074 Deum
170 3020 271 3076 Jacobi
288 3036 313 3073 v.
332 3028 356 3088 6,
373 3022 432 3090 jam
451 3039 517 3076 vero
535 3021 587 3075 soli
605 3039 669 3077 vero
687 3021 749 3077 Deo
766 3021 836 3077 haec
853 3023 899 3078 dc·
926 3028 1029 3074 renam
1051 3021 1132 3074 illum
1156 3021 1264 3072 nomine
1282 3022 1374 3074 Deam
1394 3038 1455 3073 cam
1476 3020 1577 3089 Moyse
1599 3021 1764 3074 collocatam

59 3107 212 3163 nominatio
241 3106 383 3176 convenit3
419 3107 489 3161 dicit
516 3124 545 3162 se
578 3109 720 3161 audiuisse
749 3109 899 3162 clamarem
927 3123 992 3161 esse.
1027 3105 1152 3161 Hilarius
1178 3105 1225 3160 lib.
1250 3112 1274 3160 4.
1299 3106 1334 3160 dc
1355 3105 1468 3159 Trinit:
1499 3106 1554 3169 Qaeti
1575 3107 1708 3175 appa-ruit
1734 3106 1765 3159 in

60 3194 261 3247 Israilitaram
278 3211 303 3247 v.
322 3200 347 3261 l,
363 3193 423 3263 jam
441 3210 506 3247 vero
524 3211 620 3264 preces
639 3193 735 3248 audire
747 3193 833 3248 solius
844 3193 899 3247 Dei
926 3196 1009 3264 mbo,
1028 3195 1063 3247 de
1083 3193 1153 3246 raho
1170 3192 1296 3261 loquitur
1313 3199 1338 3244 et
1355 3192 1471 3244 visionis
1490 3191 1567 3244 Ζεεεε
1584 3209 1655 3244 unm
1674 3200 1699 3244 et
1718 3209 1764 3244 uo·
1868 3200 1870 3205 '

58 3280 202 3351 proprium
227 3285 282 3350 εει,
307 3279 448 3334 israelitas
467 3288 548 3335 vocat
568 3298 648 3335 suum
667 3280 814 3352 populum,
839 3282 899 3350 jam
927 3281 967 3333 ais
985 3287 1037 3348 est,
1057 3297 1143 3349 neque
1165 3278 1254 3344 alius,
1274 3295 1358 3347 quam
1376 3285 1416 3331 ast
1434 3277 1522 3342 vasa,
1548 3277 1676 3342 auduus,
1696 3276 1764 3348 quia

60 3383 126 3422 vero
145 3366 197 3420 soli
215 3365 275 3421 Deo
294 3366 423 3421 convenit
438 3365 541 3421 habere
565 3368 698 3437 populum
723 3365 899 3439 περιούσιον,
927 3367 976 3436 qrsi
993 3374 1032 3419 est
1049 3365 1166 3433 anpelus
1181 3365 1248 3433 Dei,
1267 3382 1328 3416 essm
1345 3364 1464 3431 videtur,
1483 3364 1556 3417 idem
1570 3381 1764 3433 marcomerem

61 3452 199 3525 promittit
219 3452 409 3508 educationem
429 3471 461 3508 ex
473 3453 605 3525 Aegypto
625 3461 654 3508 et
670 3453 899 3508 introductionem
926 3453 1050 3520 auditur,
1070 3459 1110 3504 est
1128 3451 1274 3516 Dominus,
1292 3450 1351 3519 epse
1370 3466 1443 3518 uero,
1461 3449 1511 3519 pai
1529 3451 1646 3503 audiar
1664 3443 1764 3505 Domiss

60 3541 90 3596 in
115 3547 218 3596 terram
244 3539 358 3593 Canaan
380 3557 405 3592 v.
429 3546 461 3608 6,
486 3540 544 3609 jam
567 3557 631 3594 vero
657 3538 709 3595 hoc
736 3538 899 3595 beneficium
927 3558 989 3608 aas,
1016 3541 1095 3592 Deae
1119 3546 1167 3591 est.
1202 3536 1330 3592 Ambros.
1355 3536 1401 3593 lib.
1423 3545 1444 3592 ι.
1468 3536 1503 3591 de
1528 3535 1583 3591 fide
1600 3553 1622 3591 c.
1642 3545 1671 3592 5:
1699 3539 1764 3591 Nan

60 3626 157 3698 utique
185 3618 246 3681 Deo
280 3633 412 3696 tanquam
444 3625 551 3680 auctori
582 3625 730 3697 principali
759 3626 899 3697 tribuitur,
923 3635 1008 3694 pater
1026 3627 1055 3679 in
1075 3627 1151 3689 rislo,
1170 3643 1225 3678 nan
1238 3634 1323 3694 pater
1341 3625 1481 3692 inerema
1499 3626 1550 3677 sad
1561 3624 1655 3676 Filius
1668 3625 1767 3693 Mopsi

59 3729 121 3768 csse
143 3719 237 3770 autem
255 3711 307 3766 hoe
325 3711 354 3765 in
372 3713 434 3766 loco
458 3712 647 3782 quaestionem
665 3713 700 3768 de
720 3719 831 3768 auctore
849 3714 899 3769 hu·
928 3714 1034 3766 locutas
1054 3721 1104 3782 est,
1125 3713 1160 3765 rie
1179 3728 1233 3781 qno
1252 3709 1427 3780 Stephanus:
1446 3711 1503 3764 Hic
1521 3719 1573 3774 est,
1596 3710 1717 3780 qnisait
1737 3714 1765 3764 ia

55 3801 104 3871 jus
122 3796 251 3854 beneficii
268 3798 414 3870 principali
439 3804 517 3869 patet
539 3815 572 3852 ex
598 3797 769 3869 oppositione
788 3798 900 3871 loquen·
928 3800 1045 3854 ecclesia
1063 3802 1093 3852 in
1111 3815 1210 3853 ereata.
1247 3797 1411 3852 Theodoret
1431 3814 1457 3868 q.
1477 3803 1501 3852 5.
1518 3795 1548 3850 in
1563 3795 1651 3850 Exod.
1672 3798 1766 3850 Deam

60 3884 96 3939 tis
120 3884 213 3956 augeli
237 3901 253 3939 e
276 3883 347 3937 rubo
366 3891 394 3938 et
411 3883 531 3954 Moysis,
559 3884 594 3937 ad
620 3901 700 3953 quern
725 3885 900 3956 loquebatur,
927 3887 991 3939 ideo
1015 3887 1044 3939 in
1064 3886 1134 3938 rubo
1153 3883 1315 3954 apparuisse
1324 3870 1415 3951 dicit,
1439 3899 1472 3935 ne
1490 3882 1602 3936 Judaei
1616 3883 1707 3952 proni
1725 3883 1766 3935 ad

60 3967 108 4044 qui
123 3970 234 4027 futrum
252 3976 311 4025 erat
329 3977 425 4024 auctor
443 3969 528 4040 hujus
548 3968 675 4025 beneficii
692 3969 782 4024 minus
799 3971 900 4042 princi·
927 3971 1123 4026 idololatriam
1142 3971 1315 4023 occasionem
1332 3969 1399 4022 inde
1422 3967 1579 4038 arriperem
1594 3969 1765 4038 sculpendae

58 4056 131 4129 palis
154 4063 183 4112 et
206 4055 402 4124 secundarius;
429 4055 514 4109 mittit
531 4055 647 4126 Moysen
671 4056 706 4109 ad
727 4055 899 4113 Pharaonem
928 4057 1066 4126 imaginis.
1106 4061 1131 4109 a.
1156 4056 1203 4107 Ea
1229 4054 1457 4108 adversariarum
1481 4055 1663 4109 concamiare.
1705 4052 1764 4107 Ad·

59 4161 84 4198 r.
106 4148 154 4213 ¹⁰3
173 4141 321 4212 pollicetur
338 4141 392 4196 sibi
410 4141 438 4195 in
456 4140 508 4195 hoc
532 4147 624 4196 monte
643 4147 708 4212 post
725 4142 899 4197 eductionem
927 4143 1040 4200 versarii
1061 4141 1166 4197 habent
1189 4141 1327 4211 regulam,
1355 4140 1390 4195 de
1412 4156 1469 4210 qua
1492 4140 1618 4210 superius
1637 4139 1761 4193 diximus.

58 4232 119 4286 esse
137 4227 322 4284 exhibendum
341 4227 464 4282 divinum
483 4227 589 4282 cultum
609 4245 642 4282 ex
653 4227 799 4284 collatione
815 4248 841 4281 v.
860 4236 899 4284 ιι.
926 4230 1043 4296 Quando
1063 4245 1163 4284 nomen
1185 4226 1250 4287 θεός
1266 4226 1378 4297 ponitur
1397 4226 1536 4295 absolute,
1557 4231 1584 4282 et
1600 4225 1763 4295 praesertim

57 4323 86 4372 et
106 4321 148 4373 12.
181 4318 208 4369 3.
228 4331 261 4368 aa
275 4315 485 4385 parallelorum
503 4316 627 4368 locorum
640 4316 798 4371 collatione.
816 4315 900 4371 Deut.
926 4334 988 4371 cum
1012 4314 1129 4369 articulo
1147 4312 1162 4366 ὁ
1182 4311 1259 4375 θεός,
1283 4318 1350 4365 tunc
1373 4318 1415 4365 cst
1437 4310 1522 4365 solius
1538 4312 1595 4367 veri
1613 4317 1641 4366 ct
1657 4310 1762 4366 aeterni

58 4407 100 4467 33,
119 4417 146 4455 v.
168 4405 213 4456 l6:
247 4401 462 4470 Beneplacitum
481 4400 649 4453 habitatoris
674 4403 739 4454 ruli
759 4403 852 4456 ueniat
870 4403 900 4455 in
926 4402 978 4458 Dei
1003 4401 1154 4473 proprium
1189 4397 1255 4454 Jam
1278 4413 1344 4451 vero
1362 4396 1461 4452 Matth.
1486 4402 1533 4466 22,
1557 4413 1582 4450 v.
1608 4402 1649 4452 31.
1672 4402 1700 4452 et
1721 4403 1761 4452 32.

58 4494 145 4558 captet
162 4486 280 4556 Joscpl.
316 4485 344 4540 A
368 4505 423 4558 quo
449 4487 672 4542 benedictionem
695 4487 795 4558 aliquis
819 4487 900 4543 alteri
926 4488 1011 4542 Marc.
1032 4493 1076 4551 12,
1099 4505 1125 4543 v.
1146 4492 1187 4542 26.
1209 4484 1298 4555 isqui
1316 4501 1379 4538 cum
1398 4483 1496 4554 Moyse
1514 4500 1547 4537 ex
1565 4483 1634 4538 rubo
1653 4482 1763 4538 locutus

57 4579 198 4646 precatur,
223 4574 245 4627 is
265 4579 309 4628 est
324 4591 407 4629 verus
420 4573 506 4643 Deus,
526 4573 614 4628 omnis
633 4573 832 4629 benedictionis
852 4591 899 4627 au·
926 4581 982 4644 est,
1011 4580 1125 4629 vocatur
1150 4571 1164 4625 ὁ
1191 4572 1257 4632 θεός
1290 4571 1399 4625 nomine
1425 4569 1516 4638 posito
1542 4567 1668 4624 absolute
1699 4587 1763 4625 cum

57 4666 127 4718 otor.
162 4659 252 4732 Atqui
269 4658 306 4713 ab
326 4676 367 4730 eo,
389 4660 436 4731 qui
455 4659 484 4712 in
502 4659 572 4713 mbo
591 4668 765 4730 apparuerat,
788 4659 898 4730 Moyses
926 4660 1042 4715 articulo
1065 4666 1093 4714 et
1117 4658 1177 4713 loco
1203 4655 1330 4726 subjecti.
1365 4655 1449 4726 Ergo.
1477 4654 1630 4709 Eniedinus
1653 4655 1681 4709 in
1699 4672 1722 4709 c.
1741 4661 1764 4711 3.

57 4755 189 4818 precatur
207 4745 427 4801 benedictionem
447 4744 563 4816 Josephi
582 4745 713 4816 posteris3
732 4762 806 4816 ergo.
836 4749 897 4818 (At,
926 4747 1012 4801 Exod.
1031 4763 1056 4797 v.
1076 4750 1099 4799 6.
1119 4762 1145 4815 p.
1165 4750 1212 4798 ut:
1236 4745 1305 4796 Tam
1324 4759 1355 4795 ea
1369 4740 1487 4810 Moysis,
1509 4749 1565 4794 tuns
1582 4758 1614 4794 aa
1627 4739 1766 4810 Stephani

57 4833 160 4906 inquis,
175 4832 238 4902 filii
255 4849 273 4885 a
289 4833 420 4901 patribus
435 4833 576 4901 petierant
595 4839 620 4883 et
638 4839 802 4900 acceperam
820 4832 897 4885 berte·
926 4832 1090 4887 narratione
1126 4829 1316 4882 vaisimiliter
1353 4828 1458 4897 aliqas's
1495 4827 1626 4894 colligere
1668 4834 1764 4896 passa

57 4920 212 4988 dictiones,
241 4935 308 4986 erpo
336 4937 391 4971 nan
417 4919 511 4971 statim
533 4935 590 4987 pro
611 4920 672 4969 Deo
697 4917 854 4985 habendus,
881 4938 899 4971 a
927 4921 1014 4973 alium
1037 4932 1189 4983 cesenam,
1209 4914 1532 4984 quiMopsiapparuit‚
1553 4921 1579 4965 et
1598 4913 1695 4982 aliurn,
1715 4914 1765 4982 qai

56 5022 113 5078 qna
127 5006 237 5076 petitur
254 4990 414 5059 benedietia.
452 5004 535 5073 Resp.
555 5001 656 5073 triplex
668 5009 710 5057 est
728 5002 898 5059 benedictio:
927 5006 1033 5059 locutus
1058 5012 1097 5055 est
1121 5011 1145 5055 et
1165 5018 1194 5054 ee
1211 5001 1346 5054 Jclrooam
1372 5018 1405 5053 aa
1423 5002 1514 5054 Deam
1533 5001 1647 5052 Patrem
1667 5000 1763 5070 appel·

59 5098 84 5150 1.
110 5090 228 5162 simplex
246 5095 356 5154 votum,
384 5096 416 5145 ut
439 5088 650 5153 Melchisedeci,
680 5088 781 5143 Jacobi
808 5106 899 5145 coram
926 5091 1010 5158 lauit,
1030 5090 1070 5142 ita
1088 5096 1119 5141 ut
1136 5087 1209 5156 ipsis
1228 5087 1276 5139 ille
1294 5087 1324 5138 in
1341 5085 1409 5137 rabo
1429 5086 1533 5138 ardens
1550 5085 1663 5139 dicatur
1681 5104 1764 5155 anpe-

55 5177 220 5247 Pharaone3
234 5182 258 5233 2.
271 5184 365 5231 votum
379 5177 557 5246 conjunctum
571 5190 634 5228 cum
645 5175 900 5245 prophetiaGenes.
927 5177 983 5246 leus,
1011 5174 1116 5244 atille,
1136 5173 1215 5243 qaia
1233 5173 1325 5225 madio
1344 5171 1394 5234 vel,
1413 5179 1442 5222 at
1460 5171 1489 5224 in
1508 5171 1639 5226 Hebraeo
1661 5181 1713 5241 est,
1732 5191 1765 5228 sa

56 5272 100 5322 27.
120 5268 152 5321 et
167 5269 210 5320 49.
236 5270 259 5320 3.
277 5261 434 5318 benedictio
454 5261 556 5329 divina,
573 5260 651 5314 aliud
668 5267 710 5314 est
727 5259 900 5335 benedicere,
926 5264 1010 5318 corde
1038 5261 1111 5328 ipati
1138 5259 1244 5311 lassatas
1268 5264 1318 5319 est,
1344 5263 1456 5309 vocetur
1478 5255 1607 5310 Jetoaat
1636 5266 1662 5311 ει
1684 5261 1764 5312 Deae

54 5351 138 5407 aliud
154 5349 192 5407 ab
209 5351 298 5405 altero
320 5349 540 5406 benedictionem
564 5345 648 5401 alicui
666 5349 782 5417 precari.
817 5347 899 5407 Parc·
925 5359 1037 5421 patrum
1055 5351 1107 5402 eto.
1146 5342 1242 5399 Stante
1264 5341 1316 5396 hac
1332 5340 1462 5396 Euiedini
1488 5341 1635 5414 hypothesi
1652 5344 1764 5415 probari

10 5437 116 5503 sarius
136 5442 220 5510 urget
238 5435 329 5491 locum
351 5432 450 5490 Genea
469 5440 510 5502 48,
527 5451 553 5488 r.
575 5439 614 5489 te.
633 5440 661 5488 et
678 5433 766 5511 Apoc.
790 5441 811 5503 l,
832 5454 856 5491 v.
874 5443 898 5506 4,
925 5434 1022 5507 nequit
1039 5429 1171 5502 angelum
1187 5427 1231 5482 hic
1251 5425 1343 5482 vocari
1359 5426 1502 5482 dehoram.

52 5524 108 5583 sed
134 5522 175 5580 ibi
198 5538 250 5596 per
266 5521 396 5594 angelum
414 5520 554 5588 Christus,
578 5537 629 5591 per
651 5524 757 5592 septem
779 5521 900 5595 spiritus,
962 5529 1003 5581 at.
1027 5526 1050 5576 ι.
1072 5519 1199 5573 Alterum
1213 5517 1418 5585 argumentum,
1440 5533 1495 5586 quo
1513 5516 1632 5587 probare
1649 5516 1768 5589 cupiunt

1401 5625 1431 5675 ll
