3984 6022
776 274 831 343 DE
848 276 1009 338 NATURA
1027 274 1103 335 DEI.
1741 280 1803 347 3211

102 427 232 498 respectu
248 428 391 500 immensa,
408 432 452 486 ita
466 448 570 486 summe
586 433 671 488 rinnai
687 433 821 501 pluriora·
834 434 892 503 ert)
911 434 942 489 in
967 439 1054 498 terno,
1074 434 1178 505 qnippe
1196 434 1245 504 qui
1263 435 1336 489 inter
1354 441 1476 489 stercora
1494 439 1524 489 et
1537 433 1646 489 1111111111
1658 435 1688 489 11
1708 442 1804 491 ventm

103 515 181 569 coelo
200 516 339 581 1111111111
357 508 506 588 eodemque
523 519 709 588 eapaos'ssimo
736 519 881 587 habiero,
910 520 942 572 in
967 519 1103 575 foemineo
1130 520 1275 575 delitescit.
1311 521 1340 576 si
1370 519 1440 574 nulli
1470 519 1588 588 infanti,
1614 522 1747 593 quamdiu
1774 523 1803 576 in

102 609 181 654 terro
202 618 266 655 nero
283 603 385 672 ubique
400 604 500 658 cirson
519 612 545 658 et
562 604 702 674 sepinatis
725 623 777 659 sua
796 606 854 659 rste
879 606 942 674 effi·
967 612 1046 663 utero
1065 612 1188 661 materno
1205 606 1328 675 fovetur,
1347 605 1530 662 essentialiter
1547 607 1641 674 adest,
1669 625 1734 678 ergo
1751 625 1802 662 nee

103 689 167 741 caci
196 690 359 759 operatione
386 697 413 745 et
440 692 620 760 providentia
650 710 702 746 suu
728 693 808 746 nobis
832 693 940 747 adesse.
968 691 1131 748 cantaro
1158 693 1187 746 in
1213 697 1291 748 utero
1318 692 1432 748 Mariae.
1469 692 1498 748 Si
1526 693 1646 748 essentie
1664 693 1719 747 Dei
1744 701 1803 748 tota

103 782 127 829 t.
146 775 241 847 Negat
264 775 412 831 1111111111
435 776 490 832 Dei
512 793 573 833 esse
595 783 683 834 totam
705 777 735 833 in
761 777 887 850 quelibet
910 794 942 833 re
968 794 1023 833 non
1041 779 1129 833 estin
1153 778 1278 849 qualibet
1302 794 1332 833 re
1357 778 1487 847 minima,
1512 780 1610 851 utique
1636 778 1720 833 etiam
1748 797 1803 833 non

102 860 234 928 minima,
261 861 311 916 sed
329 862 481 918 monadum
507 863 629 934 aliquam
654 864 698 919 sui
721 868 828 936 partem
853 863 882 918 in
908 880 942 919 ea
968 864 1019 919 erit
1036 864 1065 918 in
1084 871 1206 920 assumta
1226 864 1398 920 humanitate
1417 871 1491 932 tota,
1519 881 1582 919 cnm
1601 865 1651 920 ille
1672 872 1802 936 respectu

101 962 164 1002 esse
181 946 289 1016 merit,
308 964 341 1003 ac
360 948 475 1020 proinde
497 950 645 1005 essentiam
661 950 716 1007 Dei
732 950 802 1006 iacit
818 949 942 1004 divisibi·
966 950 1051 1006 totius
1078 950 1200 1006 universi
1218 952 1255 1007 sit
1271 969 1315 1007 res
1334 951 1454 1006 minima.
1490 950 1577 1007 Videt
1595 951 1648 1006 hoc
1664 950 1802 1018 Vorstius,

102 1031 165 1088 lem
182 1049 210 1103 p.
224 1038 287 1089 240:
305 1034 415 1088 Mirum
431 1036 543 1089 uidetur
554 1053 612 1090 esse
619 1036 803 1104 paradoaum
817 1033 945 1089 DEUM
967 1033 1030 1090 ideo
1046 1035 1075 1090 in
1093 1037 1165 1107 apol.
1185 1054 1261 1108 oxeg.
1281 1055 1305 1092 c.
1326 1044 1355 1093 11
1375 1054 1403 1107 p.
1422 1042 1462 1092 87.
1482 1054 1514 1092 eo
1534 1036 1606 1104 abit,
1631 1039 1710 1106 quod
1735 1039 1801 1090 ursio

100 1118 245 1172 momnis
257 1121 423 1189 qcsantitatis
437 1130 574 1191 emperiam
592 1136 657 1191 esse,
675 1130 706 1176 ut
723 1130 796 1177 totus
814 1123 941 1176 substan·
967 1122 1088 1175 duorum
1116 1129 1282 1176 naturarum
1308 1123 1338 1175 in
1364 1122 1476 1176 Christo
1494 1122 1664 1190 formaliter
1688 1139 1744 1175 non
1771 1124 1802 1176 in

101 1205 210 1259 daliter
226 1206 265 1260 sit
281 1206 312 1259 in
328 1223 360 1261 re
377 1207 509 1277 qualibet,
527 1209 612 1263 etiam
625 1209 751 1279 minima,
768 1208 941 1265 undeetiam
965 1207 1107 1262 essendali
1134 1209 1256 1262 duarum
1283 1216 1448 1261 naturarum
1477 1207 1661 1277 indr'stantia,
1690 1211 1743 1261 sed
1771 1209 1801 1261 in

102 1290 139 1345 de
166 1290 259 1346 anima
285 1291 415 1347 rationali
444 1310 472 1364 p.
502 1299 560 1349 211.
592 1294 718 1366 disputat
746 1311 807 1351 eam
827 1293 939 1350 *virtute
966 1309 1073 1348 arcano
1091 1296 1212 1363 qswdam
1230 1302 1256 1348 et
1283 1294 1423 1364 ineffabili
1440 1294 1554 1347 deitatis
1573 1297 1622 1348 roi
1644 1293 1743 1364 Λόγου
1770 1296 1801 1347 in

101 1376 215 1448 quidem
234 1383 263 1433 et
279 1379 438 1450 operatione
455 1396 506 1451 per
522 1396 617 1436 omnes
631 1381 755 1453 corporis
772 1387 867 1453 partas
886 1381 939 1436 dif-
966 1378 1166 1434 tnmanitatem
1183 1381 1303 1449 influere,
1329 1380 1354 1432 h.
1373 1397 1396 1432 e.
1417 1380 1560 1448 sinputuri
1576 1382 1702 1450 quadam
1721 1379 1801 1434 illias

99 1462 193 1518 tusam
220 1478 297 1533 esse,
327 1466 377 1521 sed
401 1466 548 1522 essentiam
573 1467 634 1538 ejus
658 1484 714 1525 uno
743 1467 837 1539 aliquo
862 1474 939 1523 certo
965 1467 996 1519 in
1021 1467 1094 1520 bano
1123 1467 1285 1536 operatione
1310 1466 1367 1519 sios
1392 1468 1521 1534 pretiosa
1547 1466 1632 1535 hujus
1656 1468 1696 1519 od
1720 1466 1800 1519 iiiam

100 1549 179 1619 loco,
206 1556 276 1621 puta
299 1550 346 1607 rel
371 1550 400 1606 in
426 1553 509 1609 eorde
535 1552 580 1609 rel
602 1554 632 1608 in
654 1554 768 1609 cerebro
793 1552 937 1610 contineri.
965 1553 1133 1608 aemmtione
1151 1560 1202 1606 aest
1217 1553 1361 1623 penitiori
1378 1552 1610 1623 appropriatione
1629 1554 1727 1622 (cajeta
1744 1568 1801 1604 mo·

103 1636 139 1690 ar·
154 1644 213 1691 tota
230 1637 336 1708 anima,
352 1638 457 1710 inquit,
475 1648 546 1695 esset
565 1640 717 1710 incapite,
736 1647 794 1695 tota
812 1640 843 1694 in
855 1640 938 1710 pedi·
965 1641 1019 1692 dns
1038 1639 1118 1693 nobis
1133 1639 1164 1692 in
1180 1638 1233 1691 boc
1256 1640 1350 1693 secuto
1369 1639 1656 1710 incomprehensibiles
1678 1640 1733 1708 sit)
1758 1655 1800 1691 re-

101 1723 166 1790 bus,
186 1731 256 1779 esset
275 1731 354 1778 esna
371 1742 401 1779 se
416 1727 526 1795 ipsam,
543 1744 605 1780 eum
624 1734 708 1796 eaput
725 1734 752 1780 et
763 1728 853 1798 pedes
871 1745 890 1780 a
908 1743 938 1780 se
964 1742 1030 1779 rara
1048 1725 1204 1780 emittere.
1239 1726 1271 1780 P.
1291 1731 1336 1783 88:
1356 1727 1420 1781 Non
1439 1727 1577 1781 immerito
1595 1727 1700 1795 aliquis
1718 1725 1800 1779 solie-

100 1808 217 1862 invicem
237 1810 345 1866 distem.
382 1811 465 1881 Resp.
495 1829 552 1866 non
570 1811 622 1868 hoc
645 1811 783 1884 sequitur,
809 1812 885 1884 qnod
901 1811 938 1865 sit
962 1813 1035 1879 perit
1056 1812 1139 1866 etiam
1166 1812 1291 1865 divinam
1317 1813 1365 1866 roi
1383 1811 1483 1883 Λόγου
1509 1812 1664 1867 ὑπόστασιν
1681 1829 1737 1881 per
1755 1829 1799 1864 ar-

101 1900 181 1950 exre
198 1911 228 1951 se
245 1895 344 1968 ipsam,
362 1897 429 1969 quia
446 1904 489 1954 est
506 1899 577 1960 ὅλως
597 1898 673 1967 dior,
690 1899 740 1954 sed
758 1896 841 1971 quod<
852 1898 888 1952 sit
909 1898 937 1952 in
964 1913 1063 1950 conum
1082 1898 1204 1967 aliquem
1222 1898 1356 1968 irascereris
1375 1907 1515 1953 aesernino
1538 1899 1706 1952 inmanitati
1729 1915 1800 1951 com—

99 1981 245 2051 partibus,
277 2000 395 2055 quarum
424 2002 481 2040 una
511 1991 555 2042 est
584 1990 664 2042 extra
693 1984 816 2041 alteram.
864 1983 937 2040 Vide
964 1984 1104 2037 misnioari
1126 1984 1251 2053 potuisse
1276 1993 1306 2038 et¹
1321 1985 1393 2038 tane
1415 1994 1621 2055 perpetuoper
1639 1985 1915 2038 illinirentur.

101 2065 256 2122 Brolremm
277 2069 306 2123 in
317 2070 432 2127 autidot.
449 2088 473 2126 c.
487 2078 511 2130 8.
530 2090 559 2144 p.
573 2078 614 2130 24.
636 2078 662 2127 5.
675 2073 822 2141 indipnum
839 2071 936 2125 dioirra
963 2088 1037 2123 mam
1054 2070 1180 2124 virtutem
1192 2071 1287 2124 adbuc
1304 2072 1463 2136 sustentari,
1483 2072 1593 2125 etiamsi
1602 2073 1685 2140 sorte
1700 2070 1800 2125 iaculis

99 2154 247 2222 majestate
265 2155 325 2223 ipsi
341 2157 451 2211 ridetur
468 2174 536 2226 esse,
555 2159 633 2228 quod
650 2158 681 2211 in
700 2165 782 2210 anno
792 2158 938 2223 femininae
963 2155 1062 2224 aliqua
1087 2156 1162 2209 inter
1184 2164 1330 2226 tetramque
1354 2158 1538 2210 substantiam
1561 2157 1720 2228 conjunctio
1743 2174 1799 2210 non

101 2246 152 2292 aut
171 2239 242 2293 loeis
259 2242 387 2296 sordidis
406 2250 464 2296 tota
485 2261 539 2296 sua
564 2243 683 2297 essmtia
704 2245 804 2297 adesse
825 2244 938 2297 dicutur
963 2241 1123 2312 intercedat.
1159 2241 1191 2295 P.
1219 2247 1253 2299 89
1279 2243 1420 2298 concludit
1450 2244 1481 2296 in
1510 2244 1594 2297 dubio
1621 2244 1800 2313 aliquatenus

100 2341 128 2394 p.
147 2330 206 2381 237.
241 2326 331 2398 Atqui
346 2327 370 2382 si
389 2328 449 2384 Deo
467 2347 523 2385 non
546 2329 599 2385 tuit
625 2329 769 2400 indignum
791 2345 836 2385 res
860 2327 938 2383 mini·
962 2327 1197 2396 relinquimus,
1219 2346 1257 2381 aa
1282 2330 1360 2382 Deus
1383 2345 1434 2381 sua
1458 2329 1613 2381 minantia
1634 2329 1665 2381 in
1690 2327 1801 2381 Christo

101 2426 161 2464 mas
180 2418 211 2466 et
232 2411 435 2483 abJestiesimas
458 2430 569 2483 creare,
598 2414 694 2486 utique
716 2431 767 2470 nec
792 2410 937 2486 indignum
963 2413 1080 2482 bomine,
1099 2415 1166 2467 darn
1185 2414 1215 2466 in
1233 2413 1318 2467 terris
1331 2421 1500 2482 curaretur,
1518 2413 1691 2470 leelritauerit.
1710 2412 1798 2478 Quem

101 2495 163 2566 ipso
187 2496 240 2552 erit
263 2497 362 2553 iisdem
386 2499 483 2555 adesse
506 2507 536 2555 et
558 2517 606 2554 eas
633 2515 805 2555 conservare.
842 2499 871 2555 Si
895 2499 937 2554 sol
964 2499 1158 2554 Nestoriannm
1178 2517 1310 2567 errorem,
1335 2498 1466 2555 unionem
1489 2498 1660 2569 personalem
1678 2498 1708 2552 in
1724 2498 1800 2553 nuda

98 2581 219 2637 risibilis
242 2589 271 2639 et
294 2600 441 2655 corporeus
466 2585 558 2640 radios
587 2602 650 2641 suos
680 2583 708 2640 in
738 2586 800 2641 loca
826 2584 938 2640 sordida
964 2585 1119 2655 gestatione
1129 2590 1297 2642 statuentem
1316 2591 1344 2642 ct
1362 2603 1395 2641 er
1408 2591 1475 2640 actu
1491 2585 1582 2656 primo
1598 2584 1628 2638 in
1646 2589 1740 2639 actum
1757 2600 1798 2639 se·

99 2666 210 2807 spprgit
226 2684 283 2811 1:31
297 2669 333 2725 ab
350 2669 405 2811 11111
412 2670 584 2811 l'rlpquinatar,
603 2672 741 2742 quomodo
758 2672 937 2813 metnendplm
963 2671 1086 2813 {pulinga
1098 2672 1370 2813 Itmtqsiormanterp,
1387 2670 1555 2742 jampridem
1560 2687 1687 2810 Iperrose
1704 2670 1800 2809 coni:-

98 2767 158 2820 es,
184 2771 221 2810 ne
300 2755 381 2810 invisi
401 2755 459 2824 i',
485 2757 662 2828 incorporeus
683 2764 712 2813 et
732 2756 871 2813 increatus
916 2758 938 2812 i·
994 2758 1035 2810 vit
1073 2800 1078 2810 .
1123 2776 1142 2812 n
1175 2764 1264 2812 .tom.
1287 2764 1310 2812 ’.1.
1370 2758 1399 2810 it.
1421 2774 1448 2827 p.
1467 2762 1524 2812 228.
1586 2755 1607 2810 11
1631 2762 1737 2811 veteres
1780 2755 1800 2795 '-

100 2838 171 2910 quid
189 2840 260 2894 labis
279 2857 313 2897 ex
330 2843 471 2899 essentiali
495 2843 525 2897 in
546 2844 613 2898 locis
640 2844 759 2899 sordidis
781 2843 939 2915 praesentia
964 2850 1031 2900 cunt
1043 2844 1172 2899 unionem
1186 2843 1289 2898 11111111
1308 2860 1368 2900 esse
1385 2841 1554 2904 discordias
1571 2847 1616 2896 rut
1635 2842 1801 2916 ἀχωρίσιως,

99 2924 256 2980 contrahat.
290 2927 364 2984 vioe
381 2928 571 3000 Augustinum
591 2929 626 2984 de
651 2936 753 2985 natura
769 2930 832 2985 bon
850 2948 874 2985 1.
896 2936 938 2987 29.
963 2946 1021 3001 qua
1039 2931 1074 2985 de
1091 2947 1122 2985 rc
1140 2948 1190 2986 suo
1208 2931 1268 2985 loco
1289 2930 1397 3000 plenius
1418 2928 1614 3000 disputabitur.

100 3011 249 3084 llngonem
263 3014 299 3070 de
318 3014 344 3070 S.
363 3014 436 3070 viat.
458 3015 507 3071 lib.
529 3022 550 3070 l.
577 3016 611 3071 da
635 3021 798 3072 sacrament.
822 3023 893 3088 part
912 3023 936 3073 3.
1002 3022 1058 3071 171.
1095 3017 1123 3073 Si
1147 3032 1280 3088 quaeras,
1305 3016 1407 3087 quibus
1430 3015 1600 3087 argumentis
1623 3015 1701 3068 novis
1724 3013 1799 3067 hisce

100 3114 126 3152 c.
148 3104 192 3166 11,
215 3099 264 3154 ubi
281 3098 334 3156 hoc
359 3101 483 3157 declarat
505 3103 630 3173 exemplo
654 3102 764 3157 animae
787 3102 938 3171 rationalis,
964 3102 1112 3172 paradoxis
1131 3102 1214 3157 fidem
1239 3102 1333 3156 facere
1355 3108 1445 3156 tentet
1463 3101 1606 3169 vorstius,
1628 3099 1697 3153 nihil
1719 3098 1799 3153 audis

101 3200 175 3252 qssae
191 3185 272 3325 ania
289 3187 531 3327 σοφονὶἰφνζσο
552 3195 577 3240 et
596 3189 724 3328 rorarbido
742 3205 797 3242 non
814 3189 938 3258 inficitur
963 3188 1040 3243 aliud
1058 3187 1296 3328 (111111111111ἑ111
1320 3187 1434 3326 retiariis
1457 3185 1571 3326 11111ηὲ,
1592 3184 1700 3256 quibus,
1730 3182 1799 3321 diicis

101 3286 135 3324 ae
153 3287 194 3327 eo.
257 3278 325 3343 tque
341 3289 375 3328 ex
413 3273 485 3328 isat
504 3274 596 3343 eismi,
645 3282 765 3346 enegata
783 3275 936 3346 omniprae·
964 3274 1065 3345 gratia,
1083 3289 1156 3345 quae
1176 3290 1221 3327 am
1256 3273 1394 3343 sripturae
1432 3273 1487 3327 ieta
1504 3290 1531 3325 m
1561 3286 1730 3326 eaccommo
1751 3285 1799 3323 an·

99 3354 935 3432 111199111111111111111111111111111[1111111111.
962 3368 1015 3415 tur.
1055 3366 1077 3415 1.
1099 3361 1179 3412 Deus
1197 3359 1302 3412 dieitur
1324 3358 1452 3412 habitare
1471 3359 1501 3410 in
1520 3357 1605 3413 coelia
1623 3355 1725 3410 Psalm.
1742 3359 1799 3423 122,

99 3441 135 3497 ln
159 3458 291 3499 consessu
315 3444 442 3499 ordinum
462 3444 631 3501 Hollaudise
654 3445 683 3500 in
706 3453 774 3502 orat.
798 3448 936 3519 apologet.
963 3464 987 3498 v.
1010 3452 1031 3501 1.
1051 3445 1154 3499 Psalm.
1179 3449 1342 3511 11111191
1363 3444 1422 3507 Quo
1443 3442 1669 3497 etiambomines
1689 3442 1801 3494 oraturi

98 3548 126 3600 p.
149 3534 188 3585 18.
208 3529 355 3586 solenniter
371 3530 477 3600 juravit
501 3548 531 3584 se
555 3532 727 3586 esseruialcm
746 3535 828 3587 DEI
850 3533 936 3587 omni·
962 3533 1093 3595 animum,
1122 3531 1216 3584 amalos
1241 3537 1266 3583 ct
1293 3547 1392 3583 manus
1416 3530 1531 3583 eleuant.
1569 3531 1649 3597 Erpa
1669 3544 1733 3580 *non
1760 3535 1800 3580 est

94 3616 636 3686 pranmmnnonpnmmpanqsed
649 3617 786 3675 ineodcm
798 3625 936 3673 momento
963 3617 1149 3672 mseruiaiiter
1173 3618 1275 3686 ubiprte
1296 3632 1440 3685 praesens.
1483 3614 1602 3681 Quidam
1634 3613 1674 3668 sic
1702 3613 1799 3669 distin·

98 3699 171 3756 dixit
188 3702 318 3757 DEUM
332 3720 384 3756 essa
400 3704 520 3758 essentia
536 3721 593 3756 non
612 3720 671 3758 esee
696 3705 727 3758 in
750 3705 935 3774 sterquilinio,
963 3708 1060 3776 gaunt,
1079 3703 1153 3775 quod
1166 3703 1273 3758 coelum
1291 3703 1444 3774 accipiatur
1464 3707 1485 3757 1.
1502 3720 1558 3772 pro
1577 3702 1675 3754 throno
1695 3709 1800 3767 meato,

98 3788 206 3842 1111111
223 3796 274 3842 arn
296 3788 367 3843 meis
388 3789 515 3843 sordidis
530 3796 713 3858 praesentem.
750 3788 791 3845 'At
813 3791 860 3861 qui
886 3807 936 3845 sua
963 3796 987 3845 2.
1003 3807 1058 3859 pro
1077 3789 1175 3842 threno
1196 3789 1327 3843 increato.
1362 3788 1439 3844 Deos
1454 3805 1509 3843 non
1529 3786 1681 3842 habitatin
1700 3786 1800 3841 throno

97 3872 274 3929 1111111111
298 3874 492 3945 sterquiliniis,
522 3874 624 3930 cloacis
649 3880 699 3930 aut
722 3874 790 3930 locis
818 3875 935 3931 sordidis
962 3882 1055 3931 creato
1074 3876 1240 3944 simpliciter
1259 3883 1284 3928 ct
1305 3876 1442 3938 (absoluta,
1468 3875 1547 3946 quasi
1565 3874 1656 3929 eidem
1675 3873 1800 3927 includa-

98 3974 231 4029 praesens
249 3976 304 4015 non
323 3965 379 4028 est,
402 3960 449 4016 ille
468 3977 520 4015 sua
537 3960 657 4016 essentia
675 3960 777 4016 alieubi
803 3977 935 4032 praesens
962 3969 1021 4029 tur,
1049 3961 1099 4015 sed
1116 3962 1306 4029 cornpnratire
1330 3968 1351 4016 1.
1369 3961 1477 4017 ratione
1494 3960 1732 4028 manifestationis
1750 3975 1800 4013 sea

96 4059 155 4099 uon
171 4050 221 4099 est
256 4044 311 4110 Qut
329 4045 450 4101 essentia
468 4063 519 4101 soa
537 4046 640 4102 alicubi
659 4062 792 4118 praesens
810 4065 864 4104 non
885 4045 1162 4118 est·qasepoiosuo‚
1191 4046 1257 4117 quia
1274 4047 1447 4116 majestatem
1466 4062 1545 4101 suam
1568 4044 1746 4102 excellentius
1771 4044 1800 4097 in

97 4128 147 4186 ille
166 4144 220 4185 sua
236 4131 357 4188 meantia
373 4149 428 4188 non
446 4139 489 4188 est
511 4132 615 4205 ubique
639 4150 780 4205 praesens.
817 4134 886 4191 Item
911 4135 935 4189 si
963 4150 996 4188 eo
1020 4133 1135 4201 exserit3
1174 4137 1197 4187 2.
1224 4132 1331 4187 ratione
1350 4132 1595 4202 ouysarnoiasuc,
1617 4138 1731 4186 nostrae
1757 4130 1800 4182 in-

99 4214 178 4272 Deus
195 4233 251 4272 non
269 4221 312 4273 est
333 4218 454 4275 meantia
476 4235 528 4273 sua
550 4235 683 4290 praesens
707 4218 734 4274 in
758 4219 826 4276 locis
851 4219 936 4275 sordi-
956 4219 1161 4286 scrutationis,
1181 4217 1247 4288 quia
1263 4218 1370 4273 coelum
1386 4219 1516 4275 omnibus
1534 4217 1667 4273 creaturis
1684 4215 1800 4271 terrenis

98 4301 145 4357 dis
171 4302 241 4357 nulli
258 4303 411 4359 humanoc
464 4305 505 4359 ori
524 4305 707 4361 essentialiter
726 4306 778 4361 erit
810 4304 1116 4361 raesens·'snblimius.
1161 4302 1218 4359 Sim
1239 4304 1369 4360 licissime
1393 4322 1437 4360 res
1494 4304 1589 4367 detur.
1637 4304 1680 4357 lus
1704 4301 1799 4355 inferri

99 4341 171 4461 qnid
187 4390 261 4444 enim
280 4390 357 4445 aliud
374 4320 533 4462 estoildrpus
551 4391 718 4460 humanum,
744 4325 827 4464 qnapm
850 4348 936 4447 sordi-²
947 4316 950 4411 1
963 4391 990 4445 in
1007 4396 1194 4463 consequente
1205 4322 1323 4461 ,pquam
1343 4320 1508 4447 mmeritis
1527 4320 1669 4461 permiitit.
1707 4387 1798 4441 Deum

97 4475 809 4547 dnmsterqnilinium‘iVideSibrandusLubbertus
818 4479 846 4533 in
857 4495 935 4550 prae-
963 4477 993 4529 in
1010 4477 1097 4530 coelis
1117 4495 1176 4530 esse
1193 4483 1218 4530 et
1236 4477 1363 4529 habitere
1384 4476 1527 4546 Scriptura
1545 4473 1650 4539 asserit,
1670 4473 1719 4529 sed
1738 4480 1798 4525 tan·
1855 4499 1875 4509 ..

96 4560 313 4618 1111111111.
339 4562 374 4616 ac
400 4568 442 4618 or.
469 4579 521 4619 err.
539 4563 630 4620 vora.
657 4570 680 4620 o.
704 4564 769 4619 nne
793 4564 885 4620 locum
908 4530 1065 4621 eticonis
1090 4563 1175 4618 111111
1199 4560 1477 4631 sasimensium
1505 4559 1599 4627 addit,
1628 4559 1677 4614 111
1706 4558 1799 4630 poan·

97 4646 217 4703 looalmn
233 4648 418 4718 prementium
437 4649 499 4704 Deo
523 4649 629 4707 tribuit.
654 4655 690 4704 tr.
715 4651 750 4707 de
768 4651 838 4708 Deo.
876 4656 935 4706 235.
947 4622 950 4687 1
962 4648 1132 4704 contrarium
1151 4653 1283 4712 ustum,
1308 4646 1425 4718 proinde
1443 4651 1556 4716 propter
1579 4645 1727 4701 essentiam
1744 4644 1799 4698 Dei

98 4738 165 4791 2391
194 4732 270 4788 Sane
298 4736 335 4788 sie
362 4736 424 4788 ioco
451 4743 476 4788 et
504 4736 593 4791 iocaii
604 4737 766 4805 proaemio
784 4738 852 4806 quin
872 4692 990 4791 1111111
1009 4735 1093 4791 coelis
1111 4752 1166 4790 non
1185 4734 1316 4807 neganda
1333 4739 1375 4788 est
1391 4731 1478 4803 ipsius
1490 4729 1648 4803 praeseutia
1663 4730 1693 4785 in
1709 4729 1801 4787 terris:

95 4835 164 4875 nere
180 4827 207 4874 et
224 4829 297 4875 recte
314 4822 431 4875 attribui
445 4823 543 4890 possit,
564 4823 676 4879 minime
694 4823 878 4877 dubitandum
896 4824 935 4876 oi·
961 4822 1009 4878 sed
1028 4820 1216 4893 distinguendi
1243 4827 1309 4875 sunt
1326 4818 1499 4892 praesentiae
1525 4817 1629 4890 gradm
1655 4832 1688 4871 aa
1714 4813 1798 4869 modi.

96 4908 189 4961 sistam
216 4905 293 4962 ina
329 4907 358 4962 lo
380 4949 385 4962 .
411 4923 490 4962 ere.
520 4927 543 4961 c.
574 4915 613 4965 19.
663 4951 669 4962 .
695 4916 736 4965 99.
767 4914 822 4964 103.
903 4926 936 4964 ae
960 4908 1038 4963 Deus
1057 4912 1099 4962 est
1124 4908 1154 4960 in
1182 4907 1258 4961 coelo
1303 4923 1333 4961 er
1358 4909 1530 4962 maestatem
1553 4909 1582 4960 et
1625 4902 1720 4958 loriam
1766 4902 1797 4954 in

95 4991 191 5047 omnia
208 5007 243 5047 eo
260 4923 402 5064 spdpdtarit,
428 4925 767 5064 ntgmysteriumpunionis
783 4910 948 5065 persoiiilisi
961 4995 1073 5058 inferno
1090 5009 1141 5063 per
1156 4925 1301 5064 justitiari
1313 4998 1341 5049 et
1358 4907 1494 5046 vinjclicem
1512 4920 1656 5058 iram,gin
1681 4941 1796 5041 ecciesia

94 5077 218 5133 dmum
245 5077 275 5133 111
306 5077 418 5134 Christo
445 5088 607 5141 naturarum
636 5085 761 5150 negetur.
803 5079 832 5136 81
861 5056 1010 5158 enimiper
1027 5077 1213 5150 praesentiam
1230 5078 1354 5150 gratiae,
1372 5079 1402 5130 in
1418 5079 1521 5131 mundo
1543 5093 1593 5148 per
1610 5069 1800 5147 praesentiam

93 5164 176 5220 Dens
202 5165 355 5221 mundum
385 5180 464 5221 suam
491 5165 677 5220 subtantiam
704 5179 761 5220 non
792 5172 835 5221 est
865 5164 1110 5253 alibinotentiae,
1127 5166 1157 5217 in
1173 5165 1286 5220 Christo
1304 5181 1354 5236 per
1371 5161 1576 5234 hypostaticam
1595 5161 1725 5217 1111111111
1743 5166 1795 5216 etc.

92 5265 181 5322 qaam
196 5248 229 5307 in
244 5250 340 5320 coelo,
365 5266 432 5322 ergo
449 5249 592 5320 0111111111,
615 5250 728 5322 quando
754 5251 784 5306 in
801 5252 882 5307 terris
904 5253 933 5306 in
944 5268 947 5335 q
959 5251 1037 5307 Deus
1056 5256 1098 5306 est
1115 5249 1220 5322 ubique
1238 5249 1345 5305 radone
1362 5249 1513 5318 emmtiae3
1532 5249 1562 5303 in
1578 5248 1656 5304 coelo
1670 5246 1797 5303 habitare

91 5341 221 5392 unmts
237 5352 320 5392 earne
336 5344 462 5393 emeatus
479 5343 530 5406 111,
552 5352 609 5393 non
625 5335 681 5391 11111
698 5352 779 5392 verus
796 5343 825 5393 et
841 5354 934 5394 essen-
945 5346 947 5353 '
960 5336 1062 5391 dicitm
1080 5335 1186 5391 ratione
1204 5335 1347 5408 amplioris
1371 5333 1526 5407 maiestatis
1552 5341 1580 5390 et
1600 5334 1714 5407 gloriae.
1750 5333 1797 5390 Sic

88 5420 173 5478 flata
187 5421 274 5478 Dens.
292 5421 333 5478 -si
351 5423 428 5478 Deus
445 5423 597 5479 seeundum
616 5439 696 5479 suam
713 5422 860 5479 essentiam
876 5362 947 5480 111111
960 5422 1053 5478 anima
1070 5426 1114 5476 est
1131 5422 1159 5475 in
1178 5427 1238 5478 toto
1255 5438 1369 5494 corpore
1386 5429 1460 5493 tota,
1489 5421 1518 5477 in
1536 5420 1619 5476 corde
1640 5428 1733 5477 tamen
1750 5439 1797 5473 rn-

87 5513 139 5565 sss
152 5507 184 5564 tn
201 5507 271 5564 loeis
286 5508 415 5579 sordidis,
432 5526 488 5566 noa
507 5508 597 5566 aderit
614 5508 715 5564 intanti
734 5507 761 5563 in
779 5515 860 5565 utere
875 5524 932 5566 ms·
944 5464 948 5580 1
961 5509 1102 5576 (beelim
1120 5508 1150 5565 in
1163 5509 1256 5582 eapite
1273 5510 1403 5584 effective,
1421 5509 1488 5581 quia
1506 5507 1714 5565 excellentiores
1733 5507 1798 5562 etie-

1385 5614 1438 5670 tt·
