<?xml version="1.0" encoding="UTF-8"?>
<!DOCTYPE html PUBLIC "-//W3C//DTD XHTML 1.0 Transitional//EN"
    "http://www.w3.org/TR/xhtml1/DTD/xhtml1-transitional.dtd">
<html xmlns="http://www.w3.org/1999/xhtml" xml:lang="en" lang="en">
 <head>
  <title>
</title>
<meta http-equiv="Content-Type" content="text/html;charset=utf-8" />
  <meta name='ocr-system' content='tesseract 3.04.00' />
  <meta name='ocr-capabilities' content='ocr_page ocr_carea ocr_par ocr_line ocrx_word'/>
</head>
<body>
  <div class='ocr_page' id='page_1' title='image "./locitheologicic00gerhgoog/locitheologicic00gerhgoog_0424.png"; bbox 0 0 3984 6022; ppageno 0'>
   <div class='ocr_carea' id='block_1_1' title="bbox 616 228 1858 347">
    <p class='ocr_par' dir='ltr' id='par_1_1' title="bbox 616 228 1858 347">
     <span class='ocr_line' id='line_1_1' title="bbox 616 228 1858 347; baseline 0.007 -15"><span class='ocrx_word' id='word_1_1' title='bbox 616 275 670 332; x_wconf 80' lang='lat' dir='ltr'>nu</span> <span class='ocrx_word' id='word_1_2' title='bbox 688 274 940 346; x_wconf 69' lang='lat' dir='ltr'>emerissus</span> <span class='ocrx_word' id='word_1_3' title='bbox 958 275 1181 343; x_wconf 66' lang='lat' dir='ltr'>mutuus</span> <span class='ocrx_word' id='word_1_4' title='bbox 1198 275 1401 335; x_wconf 76' lang='lat' dir='ltr'>uusuumo.</span> <span class='ocrx_word' id='word_1_5' title='bbox 1471 228 1474 233; x_wconf 30' lang='lat'><strong>⁴</strong></span> <span class='ocrx_word' id='word_1_6' title='bbox 1798 287 1858 347; x_wconf 79' lang='lat' dir='ltr'>css</span> 
     </span>
    </p>
   </div>
   <div class='ocr_carea' id='block_1_2' title="bbox 116 426 1989 5603">
    <p class='ocr_par' dir='ltr' id='par_1_2' title="bbox 116 426 1989 5603">
     <span class='ocr_line' id='line_1_2' title="bbox 156 426 1859 505; baseline -0.001 -17"><span class='ocrx_word' id='word_1_7' title='bbox 156 436 211 488; x_wconf 89' lang='lat' dir='ltr'>tur.</span> <span class='ocrx_word' id='word_1_8' title='bbox 242 429 277 493; x_wconf 87' lang='lat' dir='ltr'>Id</span> <span class='ocrx_word' id='word_1_9' title='bbox 296 427 410 501; x_wconf 86' lang='lat' dir='ltr'>quidam</span> <span class='ocrx_word' id='word_1_10' title='bbox 427 428 467 484; x_wconf 91' lang='lat' dir='ltr'>sic</span> <span class='ocrx_word' id='word_1_11' title='bbox 487 426 614 502; x_wconf 85' lang='lat' dir='ltr'>efferunt,</span> <span class='ocrx_word' id='word_1_12' title='bbox 635 448 736 489; x_wconf 88' lang='lat' dir='ltr'>nomen</span> <span class='ocrx_word' id='word_1_13' title='bbox 754 431 932 494; x_wconf 81' lang='grc' dir='ltr'><strong><em>ὑποστάσεως</em></strong></span> <span class='ocrx_word' id='word_1_14' title='bbox 951 447 995 489; x_wconf 85' lang='lat' dir='ltr'>ae·</span> <span class='ocrx_word' id='word_1_15' title='bbox 1018 442 1174 505; x_wconf 83' lang='lat' dir='ltr'>postaseors</span> <span class='ocrx_word' id='word_1_16' title='bbox 1195 435 1278 489; x_wconf 79' lang='lat' dir='ltr'>detor</span> <span class='ocrx_word' id='word_1_17' title='bbox 1299 431 1459 489; x_wconf 74' lang='lat' dir='ltr'>awtoritea</span> <span class='ocrx_word' id='word_1_18' title='bbox 1494 431 1532 487; x_wconf 86' lang='lat' dir='ltr'>Et</span> <span class='ocrx_word' id='word_1_19' title='bbox 1551 448 1585 489; x_wconf 84' lang='lat' dir='ltr'>cx</span> <span class='ocrx_word' id='word_1_20' title='bbox 1607 433 1695 504; x_wconf 83' lang='lat' dir='ltr'>ejusd</span> <span class='ocrx_word' id='word_1_21' title='bbox 1714 433 1781 489; x_wconf 89' lang='lat' dir='ltr'>dial.</span> <span class='ocrx_word' id='word_1_22' title='bbox 1795 434 1859 497; x_wconf 69' lang='lat' dir='ltr'>ada‘</span> 
     </span>
     <span class='ocr_line' id='line_1_3' title="bbox 156 515 1860 593; baseline 0.004 -20"><span class='ocrx_word' id='word_1_23' title='bbox 156 516 215 589; x_wconf 85' lang='lat' dir='ltr'>cipi</span> <span class='ocrx_word' id='word_1_24' title='bbox 231 515 276 581; x_wconf 77' lang='lat' dir='ltr'>vel</span> <span class='ocrx_word' id='word_1_25' title='bbox 295 515 481 579; x_wconf 59' lang='lat' dir='ltr'>metator</span> <span class='ocrx_word' id='word_1_26' title='bbox 496 523 522 572; x_wconf 78' lang='lat' dir='ltr'>a</span> <span class='ocrx_word' id='word_1_27' title='bbox 540 526 672 590; x_wconf 71' lang='lat' dir='ltr'>cannete,</span> <span class='ocrx_word' id='word_1_28' title='bbox 694 519 739 577; x_wconf 91' lang='lat' dir='ltr'>vel</span> <span class='ocrx_word' id='word_1_29' title='bbox 748 520 933 588; x_wconf 78' lang='lat' dir='ltr'>soraraliter,</span> <span class='ocrx_word' id='word_1_30' title='bbox 950 519 997 575; x_wconf 82' lang='lat' dir='ltr'>od·</span> <span class='ocrx_word' id='word_1_31' title='bbox 1022 520 1213 583; x_wconf 76' lang='lat' dir='ltr'>Lucitenanoa</span> <span class='ocrx_word' id='word_1_32' title='bbox 1244 537 1273 591; x_wconf 86' lang='lat' dir='ltr'>p.</span> <span class='ocrx_word' id='word_1_33' title='bbox 1308 525 1366 578; x_wconf 84' lang='lat'>153.</span> <span class='ocrx_word' id='word_1_34' title='bbox 1394 525 1525 593; x_wconf 78' lang='lat' dir='ltr'>apparet,</span> <span class='ocrx_word' id='word_1_35' title='bbox 1556 536 1616 581; x_wconf 87' lang='lat' dir='ltr'>eam</span> <span class='ocrx_word' id='word_1_36' title='bbox 1645 519 1681 575; x_wconf 94' lang='lat' dir='ltr'>ob</span> <span class='ocrx_word' id='word_1_37' title='bbox 1709 519 1860 579; x_wconf 66' lang='lat' dir='ltr'>nonnum</span> 
     </span>
     <span class='ocr_line' id='line_1_4' title="bbox 155 603 1859 676; baseline 0.001 -17"><span class='ocrx_word' id='word_1_38' title='bbox 155 611 261 663; x_wconf 71' lang='lat' dir='ltr'>arants</span> <span class='ocrx_word' id='word_1_39' title='bbox 285 610 312 667; x_wconf 79' lang='lat' dir='ltr'>ct</span> <span class='ocrx_word' id='word_1_40' title='bbox 333 603 483 673; x_wconf 67' lang='lat' dir='ltr'>prusiae,</span> <span class='ocrx_word' id='word_1_41' title='bbox 504 609 538 663; x_wconf 84' lang='lat' dir='ltr'>ut</span> <span class='ocrx_word' id='word_1_42' title='bbox 559 604 686 674; x_wconf 80' lang='lat' dir='ltr'>superius</span> <span class='ocrx_word' id='word_1_43' title='bbox 713 604 797 662; x_wconf 78' lang='lat' dir='ltr'>seam</span> <span class='ocrx_word' id='word_1_44' title='bbox 816 605 994 669; x_wconf 62' lang='lat' dir='ltr'>ameno.</span> <span class='ocrx_word' id='word_1_45' title='bbox 1022 606 1109 665; x_wconf 71' lang='lat' dir='ltr'>fiisse</span> <span class='ocrx_word' id='word_1_46' title='bbox 1126 605 1221 663; x_wconf 76' lang='lat' dir='ltr'>mnus</span> <span class='ocrx_word' id='word_1_47' title='bbox 1237 605 1267 667; x_wconf 86' lang='lat' dir='ltr'>in</span> <span class='ocrx_word' id='word_1_48' title='bbox 1285 603 1404 663; x_wconf 88' lang='lat' dir='ltr'>ecclesia</span> <span class='ocrx_word' id='word_1_49' title='bbox 1421 608 1585 676; x_wconf 67' lang='lat' dir='ltr'>suspectum</span> <span class='ocrx_word' id='word_1_50' title='bbox 1609 605 1758 671; x_wconf 77' lang='lat' dir='ltr'>Lemburd·</span> <span class='ocrx_word' id='word_1_51' title='bbox 1776 604 1824 665; x_wconf 89' lang='lat' dir='ltr'>lib.</span> <span class='ocrx_word' id='word_1_52' title='bbox 1837 610 1859 663; x_wconf 92' lang='lat' dir='ltr'>l.</span> 
     </span>
     <span class='ocr_line' id='line_1_5' title="bbox 155 687 1861 763; baseline 0.001 -20"><span class='ocrx_word' id='word_1_53' title='bbox 155 688 243 746; x_wconf 86' lang='lat' dir='ltr'>Basil.</span> <span class='ocrx_word' id='word_1_54' title='bbox 266 687 345 760; x_wconf 87' lang='lat' dir='ltr'>epist</span> <span class='ocrx_word' id='word_1_55' title='bbox 371 693 412 747; x_wconf 81' lang='grc'>43.</span> <span class='ocrx_word' id='word_1_56' title='bbox 429 687 513 760; x_wconf 72' lang='lat' dir='ltr'>Nysa.</span> <span class='ocrx_word' id='word_1_57' title='bbox 538 689 568 747; x_wconf 90' lang='lat' dir='ltr'>in</span> <span class='ocrx_word' id='word_1_58' title='bbox 593 689 642 747; x_wconf 88' lang='lat' dir='ltr'>lib</span> <span class='ocrx_word' id='word_1_59' title='bbox 668 690 704 748; x_wconf 91' lang='lat' dir='ltr'>de</span> <span class='ocrx_word' id='word_1_60' title='bbox 729 690 817 749; x_wconf 85' lang='lat' dir='ltr'>differ.</span> <span class='ocrx_word' id='word_1_61' title='bbox 843 696 943 748; x_wconf 87' lang='lat' dir='ltr'>essent.</span> <span class='ocrx_word' id='word_1_62' title='bbox 968 696 997 749; x_wconf 89' lang='lat' dir='ltr'>et</span> <span class='ocrx_word' id='word_1_63' title='bbox 1022 700 1092 751; x_wconf 84' lang='lat' dir='ltr'>sent</span> <span class='ocrx_word' id='word_1_64' title='bbox 1117 692 1180 751; x_wconf 83' lang='lat' dir='ltr'>dist.</span> <span class='ocrx_word' id='word_1_65' title='bbox 1204 695 1250 749; x_wconf 84' lang='grc'>26.</span> <span class='ocrx_word' id='word_1_66' title='bbox 1276 691 1442 763; x_wconf 84' lang='lat' dir='ltr'>Hieronymi</span> <span class='ocrx_word' id='word_1_67' title='bbox 1469 692 1556 749; x_wconf 81' lang='lat' dir='ltr'>verba</span> <span class='ocrx_word' id='word_1_68' title='bbox 1580 692 1682 762; x_wconf 86' lang='lat' dir='ltr'>accipit</span> <span class='ocrx_word' id='word_1_69' title='bbox 1709 693 1861 746; x_wconf 70' lang='lat' dir='ltr'>canadam</span> 
     </span>
     <span class='ocr_line' id='line_1_6' title="bbox 156 774 1861 851; baseline 0.003 -21"><span class='ocrx_word' id='word_1_70' title='bbox 156 776 267 847; x_wconf 86' lang='lat' dir='ltr'>hypost.</span> <span class='ocrx_word' id='word_1_71' title='bbox 290 774 421 835; x_wconf 76' lang='lat' dir='ltr'>Dsnas.</span> <span class='ocrx_word' id='word_1_72' title='bbox 442 774 491 835; x_wconf 85' lang='lat' dir='ltr'>lib.</span> <span class='ocrx_word' id='word_1_73' title='bbox 515 782 540 833; x_wconf 87' lang='grc'>3.</span> <span class='ocrx_word' id='word_1_74' title='bbox 557 776 629 834; x_wconf 86' lang='lat' dir='ltr'>orth.</span> <span class='ocrx_word' id='word_1_75' title='bbox 649 776 696 835; x_wconf 89' lang='lat' dir='ltr'>fid.</span> <span class='ocrx_word' id='word_1_76' title='bbox 715 794 739 834; x_wconf 91' lang='lat' dir='ltr'>c.</span> <span class='ocrx_word' id='word_1_77' title='bbox 759 783 783 833; x_wconf 92' lang='grc'>3.</span> <span class='ocrx_word' id='word_1_78' title='bbox 802 795 836 833; x_wconf 89' lang='lat' dir='ltr'>ex</span> <span class='ocrx_word' id='word_1_79' title='bbox 855 776 996 834; x_wconf 74' lang='grc' dir='ltr'><strong><em>σοοοτὶοοσ</em></strong></span> <span class='ocrx_word' id='word_1_80' title='bbox 1024 780 1100 849; x_wconf 76' lang='lat' dir='ltr'>qnid,</span> <span class='ocrx_word' id='word_1_81' title='bbox 1119 778 1199 850; x_wconf 84' lang='lat' dir='ltr'>qnasi</span> <span class='ocrx_word' id='word_1_82' title='bbox 1216 785 1329 851; x_wconf 87' lang='lat' dir='ltr'>propter</span> <span class='ocrx_word' id='word_1_83' title='bbox 1348 777 1549 835; x_wconf 89' lang='lat' dir='ltr'>haereticorum</span> <span class='ocrx_word' id='word_1_84' title='bbox 1567 776 1682 840; x_wconf 84' lang='lat' dir='ltr'>insidias</span> <span class='ocrx_word' id='word_1_85' title='bbox 1702 778 1743 833; x_wconf 88' lang='lat' dir='ltr'>ad·</span> <span class='ocrx_word' id='word_1_86' title='bbox 1758 777 1861 838; x_wconf 84' lang='lat' dir='ltr'>Darna-</span> 
     </span>
     <span class='ocr_line' id='line_1_7' title="bbox 158 860 1861 938; baseline 0.001 -22"><span class='ocrx_word' id='word_1_87' title='bbox 158 862 264 927; x_wconf 76' lang='lat' dir='ltr'>dooent</span> <span class='ocrx_word' id='word_1_88' title='bbox 287 860 345 919; x_wconf 80' lang='lat' dir='ltr'>tale</span> <span class='ocrx_word' id='word_1_89' title='bbox 361 877 420 916; x_wconf 83' lang='lat' dir='ltr'>esse</span> <span class='ocrx_word' id='word_1_90' title='bbox 438 861 590 918; x_wconf 78' lang='lat' dir='ltr'>discrimen</span> <span class='ocrx_word' id='word_1_91' title='bbox 609 864 682 918; x_wconf 77' lang='lat' dir='ltr'>inter</span> <span class='ocrx_word' id='word_1_92' title='bbox 701 865 849 921; x_wconf 72' lang='lat' dir='ltr'>arentiam</span> <span class='ocrx_word' id='word_1_93' title='bbox 868 871 894 918; x_wconf 86' lang='lat' dir='ltr'>et</span> <span class='ocrx_word' id='word_1_94' title='bbox 911 864 996 938; x_wconf 75' lang='lat' dir='ltr'>lippo·</span> <span class='ocrx_word' id='word_1_95' title='bbox 1024 883 1085 921; x_wconf 91' lang='lat' dir='ltr'>sum</span> <span class='ocrx_word' id='word_1_96' title='bbox 1111 865 1152 922; x_wconf 86' lang='lat' dir='ltr'>ita</span> <span class='ocrx_word' id='word_1_97' title='bbox 1178 864 1327 937; x_wconf 80' lang='lat' dir='ltr'>scripserit.</span> <span class='ocrx_word' id='word_1_98' title='bbox 1361 864 1395 922; x_wconf 90' lang='lat' dir='ltr'>B.</span> <span class='ocrx_word' id='word_1_99' title='bbox 1415 863 1556 921; x_wconf 85' lang='lat' dir='ltr'>Lutherus</span> <span class='ocrx_word' id='word_1_100' title='bbox 1579 864 1610 919; x_wconf 94' lang='lat' dir='ltr'>in</span> <span class='ocrx_word' id='word_1_101' title='bbox 1631 863 1679 922; x_wconf 91' lang='lat' dir='ltr'>lib.</span> <span class='ocrx_word' id='word_1_102' title='bbox 1702 864 1738 920; x_wconf 91' lang='lat' dir='ltr'>de</span> <span class='ocrx_word' id='word_1_103' title='bbox 1763 862 1861 919; x_wconf 72' lang='lat' dir='ltr'>mucii</span> 
     </span>
     <span class='ocr_line' id='line_1_8' title="bbox 154 947 1861 1023; baseline 0.002 -22"><span class='ocrx_word' id='word_1_104' title='bbox 154 948 252 1015; x_wconf 77' lang='lat' dir='ltr'>staria,</span> <span class='ocrx_word' id='word_1_105' title='bbox 272 947 366 1017; x_wconf 73' lang='grc' dir='ltr'><strong><em>σοοὶάο</em></strong></span> <span class='ocrx_word' id='word_1_106' title='bbox 383 955 424 1003; x_wconf 83' lang='lat' dir='ltr'>est</span> <span class='ocrx_word' id='word_1_107' title='bbox 440 948 513 1005; x_wconf 82' lang='lat' dir='ltr'>inter</span> <span class='ocrx_word' id='word_1_108' title='bbox 531 949 651 1018; x_wconf 64' lang='lat' dir='ltr'>peren</span> <span class='ocrx_word' id='word_1_109' title='bbox 669 957 694 1005; x_wconf 85' lang='lat' dir='ltr'>ct</span> <span class='ocrx_word' id='word_1_110' title='bbox 706 950 737 1017; x_wconf 80' lang='lat' dir='ltr'>r&#39;n</span> <span class='ocrx_word' id='word_1_111' title='bbox 749 950 926 1005; x_wconf 80' lang='lat' dir='ltr'>individuam</span> <span class='ocrx_word' id='word_1_112' title='bbox 939 951 996 1005; x_wconf 84' lang='lat' dir='ltr'>sire</span> <span class='ocrx_word' id='word_1_113' title='bbox 1023 951 1060 1019; x_wconf 90' lang='lat' dir='ltr'>id,</span> <span class='ocrx_word' id='word_1_114' title='bbox 1087 951 1162 1023; x_wconf 87' lang='lat' dir='ltr'>quod</span> <span class='ocrx_word' id='word_1_115' title='bbox 1182 950 1217 1007; x_wconf 92' lang='lat' dir='ltr'>dc</span> <span class='ocrx_word' id='word_1_116' title='bbox 1234 968 1303 1007; x_wconf 86' lang='lat' dir='ltr'>voce</span> <span class='ocrx_word' id='word_1_117' title='bbox 1326 948 1504 1011; x_wconf 77' lang='grc' dir='ltr'>ὑποστάσεως</span> <span class='ocrx_word' id='word_1_118' title='bbox 1538 948 1725 1022; x_wconf 76' lang='lat' dir='ltr'><strong>Hieronymus</strong></span> <span class='ocrx_word' id='word_1_119' title='bbox 1745 948 1861 1019; x_wconf 88' lang='lat' dir='ltr'>scripse·</span> 
     </span>
     <span class='ocr_line' id='line_1_9' title="bbox 156 1033 1861 1111; baseline 0.003 -25"><span class='ocrx_word' id='word_1_120' title='bbox 156 1033 228 1087; x_wconf 80' lang='lat' dir='ltr'>inter</span> <span class='ocrx_word' id='word_1_121' title='bbox 245 1033 397 1089; x_wconf 80' lang='lat' dir='ltr'>humanans</span> <span class='ocrx_word' id='word_1_122' title='bbox 407 1041 541 1089; x_wconf 64' lang='lat' dir='ltr'>sauram</span> <span class='ocrx_word' id='word_1_123' title='bbox 558 1041 585 1089; x_wconf 86' lang='lat' dir='ltr'>et</span> <span class='ocrx_word' id='word_1_124' title='bbox 602 1035 741 1091; x_wconf 81' lang='lat' dir='ltr'>bominem</span> <span class='ocrx_word' id='word_1_125' title='bbox 758 1036 916 1105; x_wconf 81' lang='lat' dir='ltr'>individuo,</span> <span class='ocrx_word' id='word_1_126' title='bbox 931 1054 955 1090; x_wconf 81' lang='lat' dir='ltr'>v.</span> <span class='ocrx_word' id='word_1_127' title='bbox 968 1053 995 1107; x_wconf 77' lang='lat' dir='ltr'>g.</span> <span class='ocrx_word' id='word_1_128' title='bbox 1022 1041 1073 1105; x_wconf 85' lang='lat' dir='ltr'>rat,</span> <span class='ocrx_word' id='word_1_129' title='bbox 1095 1037 1131 1091; x_wconf 91' lang='lat' dir='ltr'>de</span> <span class='ocrx_word' id='word_1_130' title='bbox 1149 1053 1217 1111; x_wconf 80' lang='lat' dir='ltr'>voce</span> <span class='ocrx_word' id='word_1_131' title='bbox 1236 1035 1385 1110; x_wconf 84' lang='grc' dir='ltr'><strong><em>ὑμοοὺσιος</em></strong></span> <span class='ocrx_word' id='word_1_132' title='bbox 1404 1055 1467 1093; x_wconf 90' lang='lat' dir='ltr'>cum</span> <span class='ocrx_word' id='word_1_133' title='bbox 1485 1035 1628 1108; x_wconf 71' lang='lat' dir='ltr'>scripsisse</span> <span class='ocrx_word' id='word_1_134' title='bbox 1645 1041 1785 1100; x_wconf 76' lang='lat' dir='ltr'><strong>autumat,</strong></span> <span class='ocrx_word' id='word_1_135' title='bbox 1806 1051 1861 1107; x_wconf 92' lang='lat' dir='ltr'>quo</span> 
     </span>
     <span class='ocr_line' id='line_1_10' title="bbox 156 1116 1860 1196; baseline 0.002 -23"><span class='ocrx_word' id='word_1_136' title='bbox 156 1116 281 1179; x_wconf 78' lang='lat' dir='ltr'>Paron.</span> <span class='ocrx_word' id='word_1_137' title='bbox 299 1117 436 1174; x_wconf 78' lang='lat' dir='ltr'>&#39;I&#39;heodon</span> <span class='ocrx_word' id='word_1_138' title='bbox 453 1118 528 1177; x_wconf 88' lang='lat' dir='ltr'>Dial.</span> <span class='ocrx_word' id='word_1_139' title='bbox 548 1126 571 1177; x_wconf 91' lang='grc'>1.</span> <span class='ocrx_word' id='word_1_140' title='bbox 588 1127 653 1177; x_wconf 86' lang='lat' dir='ltr'>tom.</span> <span class='ocrx_word' id='word_1_141' title='bbox 669 1125 694 1178; x_wconf 85' lang='grc'>2.</span> <span class='ocrx_word' id='word_1_142' title='bbox 710 1139 740 1192; x_wconf 90' lang='lat' dir='ltr'>p.</span> <span class='ocrx_word' id='word_1_143' title='bbox 756 1126 815 1177; x_wconf 80' lang='lat' dir='ltr'>tet.</span> <span class='ocrx_word' id='word_1_144' title='bbox 834 1121 888 1192; x_wconf 85' lang='lat' dir='ltr'>ait,</span> <span class='ocrx_word' id='word_1_145' title='bbox 907 1139 994 1176; x_wconf 74' lang='lat' dir='ltr'>asan·</span> <span class='ocrx_word' id='word_1_146' title='bbox 1023 1123 1134 1179; x_wconf 87' lang='lat' dir='ltr'>nomine</span> <span class='ocrx_word' id='word_1_147' title='bbox 1151 1123 1265 1196; x_wconf 79' lang='lat' dir='ltr'>grandis</span> <span class='ocrx_word' id='word_1_148' title='bbox 1279 1122 1415 1180; x_wconf 87' lang='lat' dir='ltr'>mendacii</span> <span class='ocrx_word' id='word_1_149' title='bbox 1429 1123 1548 1194; x_wconf 89' lang='lat' dir='ltr'>culpam,</span> <span class='ocrx_word' id='word_1_150' title='bbox 1567 1122 1622 1177; x_wconf 93' lang='lat' dir='ltr'>imo</span> <span class='ocrx_word' id='word_1_151' title='bbox 1632 1121 1754 1177; x_wconf 75' lang='lat' dir='ltr'>Arianae</span> <span class='ocrx_word' id='word_1_152' title='bbox 1764 1121 1860 1177; x_wconf 84' lang='lat' dir='ltr'>haere-</span> 
     </span>
     <span class='ocr_line' id='line_1_11' title="bbox 154 1204 1859 1282; baseline 0.004 -23"><span class='ocrx_word' id='word_1_153' title='bbox 154 1204 224 1259; x_wconf 81' lang='lat' dir='ltr'>ts&#39;ans</span> <span class='ocrx_word' id='word_1_154' title='bbox 242 1212 269 1263; x_wconf 83' lang='lat' dir='ltr'>et</span> <span class='ocrx_word' id='word_1_155' title='bbox 280 1221 438 1279; x_wconf 79' lang='grc' dir='ltr'><strong><em>ρωοοοωπ</em></strong></span> <span class='ocrx_word' id='word_1_156' title='bbox 452 1205 569 1279; x_wconf 67' lang='lat' dir='ltr'>defferre</span> <span class='ocrx_word' id='word_1_157' title='bbox 584 1215 616 1263; x_wconf 85' lang='lat' dir='ltr'>at</span> <span class='ocrx_word' id='word_1_158' title='bbox 635 1225 777 1263; x_wconf 77' lang='lat' dir='ltr'>emanans</span> <span class='ocrx_word' id='word_1_159' title='bbox 794 1216 820 1264; x_wconf 83' lang='lat' dir='ltr'>et</span> <span class='ocrx_word' id='word_1_160' title='bbox 834 1210 994 1279; x_wconf 82' lang='lat' dir='ltr'>propriam,</span> <span class='ocrx_word' id='word_1_161' title='bbox 1022 1226 1083 1266; x_wconf 90' lang='lat' dir='ltr'>seos</span> <span class='ocrx_word' id='word_1_162' title='bbox 1110 1209 1215 1265; x_wconf 82' lang='lat' dir='ltr'>crimen</span> <span class='ocrx_word' id='word_1_163' title='bbox 1231 1209 1356 1266; x_wconf 88' lang='lat' dir='ltr'>Luthero</span> <span class='ocrx_word' id='word_1_164' title='bbox 1382 1209 1541 1282; x_wconf 79' lang='lat' dir='ltr'>impingunt</span> <span class='ocrx_word' id='word_1_165' title='bbox 1563 1209 1693 1265; x_wconf 87' lang='lat' dir='ltr'>Bellarm</span> <span class='ocrx_word' id='word_1_166' title='bbox 1719 1209 1749 1263; x_wconf 89' lang='lat' dir='ltr'>in</span> <span class='ocrx_word' id='word_1_167' title='bbox 1772 1207 1859 1279; x_wconf 87' lang='lat' dir='ltr'>praef.</span> 
     </span>
     <span class='ocr_line' id='line_1_12' title="bbox 154 1290 1859 1367; baseline 0.003 -23"><span class='ocrx_word' id='word_1_168' title='bbox 154 1290 198 1346; x_wconf 78' lang='lat' dir='ltr'>rei</span> <span class='ocrx_word' id='word_1_169' title='bbox 215 1298 245 1347; x_wconf 81' lang='lat' dir='ltr'>at</span> <span class='ocrx_word' id='word_1_170' title='bbox 261 1307 349 1360; x_wconf 79' lang='lat' dir='ltr'>penes</span> <span class='ocrx_word' id='word_1_171' title='bbox 367 1309 401 1347; x_wconf 88' lang='grc' dir='ltr'><strong><em>σο</em></strong></span> <span class='ocrx_word' id='word_1_172' title='bbox 418 1293 539 1363; x_wconf 70' lang='lat' dir='ltr'>speciest</span> <span class='ocrx_word' id='word_1_173' title='bbox 558 1311 592 1348; x_wconf 87' lang='grc' dir='ltr'><strong><em>σο</em></strong></span> <span class='ocrx_word' id='word_1_174' title='bbox 615 1293 800 1361; x_wconf 80' lang='lat' dir='ltr'>individuam,</span> <span class='ocrx_word' id='word_1_175' title='bbox 820 1294 895 1366; x_wconf 87' lang='lat' dir='ltr'>quod</span> <span class='ocrx_word' id='word_1_176' title='bbox 912 1295 995 1351; x_wconf 89' lang='lat' dir='ltr'>latius</span> <span class='ocrx_word' id='word_1_177' title='bbox 1021 1294 1070 1351; x_wconf 90' lang='lat' dir='ltr'>lib.</span> <span class='ocrx_word' id='word_1_178' title='bbox 1092 1295 1126 1351; x_wconf 93' lang='lat' dir='ltr'>de</span> <span class='ocrx_word' id='word_1_179' title='bbox 1139 1295 1248 1352; x_wconf 81' lang='lat' dir='ltr'>Christo</span> <span class='ocrx_word' id='word_1_180' title='bbox 1266 1301 1294 1352; x_wconf 90' lang='lat' dir='ltr'>et</span> <span class='ocrx_word' id='word_1_181' title='bbox 1311 1295 1340 1353; x_wconf 88' lang='lat' dir='ltr'>iu</span> <span class='ocrx_word' id='word_1_182' title='bbox 1353 1296 1415 1367; x_wconf 88' lang='lat' dir='ltr'>jud.</span> <span class='ocrx_word' id='word_1_183' title='bbox 1430 1296 1465 1355; x_wconf 88' lang='lat' dir='ltr'>de</span> <span class='ocrx_word' id='word_1_184' title='bbox 1477 1295 1569 1351; x_wconf 82' lang='lat' dir='ltr'>Form.</span> <span class='ocrx_word' id='word_1_185' title='bbox 1582 1293 1717 1351; x_wconf 82' lang='lat' dir='ltr'>concord.</span> <span class='ocrx_word' id='word_1_186' title='bbox 1731 1295 1822 1350; x_wconf 91' lang='lat' dir='ltr'>mend.</span> <span class='ocrx_word' id='word_1_187' title='bbox 1836 1300 1859 1350; x_wconf 94' lang='grc'>3.</span> 
     </span>
     <span class='ocr_line' id='line_1_13' title="bbox 155 1375 1859 1455; baseline 0.002 -24"><span class='ocrx_word' id='word_1_188' title='bbox 155 1375 278 1452; x_wconf 64' lang='lat' dir='ltr'>explicat</span> <span class='ocrx_word' id='word_1_189' title='bbox 293 1376 423 1442; x_wconf 78' lang='lat' dir='ltr'>Damaac.</span> <span class='ocrx_word' id='word_1_190' title='bbox 448 1378 496 1434; x_wconf 92' lang='lat' dir='ltr'>lib.</span> <span class='ocrx_word' id='word_1_191' title='bbox 523 1379 561 1437; x_wconf 84' lang='lat' dir='ltr'>de</span> <span class='ocrx_word' id='word_1_192' title='bbox 581 1379 664 1436; x_wconf 83' lang='lat' dir='ltr'>duab.</span> <span class='ocrx_word' id='word_1_193' title='bbox 686 1381 876 1437; x_wconf 87' lang='lat' dir='ltr'>voluntatibus</span> <span class='ocrx_word' id='word_1_194' title='bbox 894 1381 1140 1455; x_wconf 83' lang='lat' dir='ltr'>Christi&#39;Gregor.</span> <span class='ocrx_word' id='word_1_195' title='bbox 1169 1383 1205 1437; x_wconf 90' lang='lat' dir='ltr'>de</span> <span class='ocrx_word' id='word_1_196' title='bbox 1222 1382 1334 1439; x_wconf 86' lang='lat' dir='ltr'>Valent.</span> <span class='ocrx_word' id='word_1_197' title='bbox 1357 1380 1404 1438; x_wconf 91' lang='lat' dir='ltr'>lib.</span> <span class='ocrx_word' id='word_1_198' title='bbox 1431 1389 1453 1439; x_wconf 88' lang='lat'>1.</span> <span class='ocrx_word' id='word_1_199' title='bbox 1480 1381 1515 1437; x_wconf 91' lang='lat' dir='ltr'>de</span> <span class='ocrx_word' id='word_1_200' title='bbox 1538 1381 1607 1437; x_wconf 83' lang='lat' dir='ltr'>unit</span> <span class='ocrx_word' id='word_1_201' title='bbox 1631 1388 1660 1438; x_wconf 87' lang='lat' dir='ltr'>et</span> <span class='ocrx_word' id='word_1_202' title='bbox 1682 1381 1768 1437; x_wconf 79' lang='lat' dir='ltr'>trinit.</span> <span class='ocrx_word' id='word_1_203' title='bbox 1792 1399 1817 1439; x_wconf 90' lang='lat' dir='ltr'>c.</span> <span class='ocrx_word' id='word_1_204' title='bbox 1836 1387 1859 1437; x_wconf 96' lang='grc'>7.</span> 
     </span>
     <span class='ocr_line' id='line_1_14' title="bbox 154 1464 1861 1543; baseline 0.003 -23"><span class='ocrx_word' id='word_1_205' title='bbox 154 1483 183 1536; x_wconf 82' lang='grc' dir='ltr'>ρ.</span> <span class='ocrx_word' id='word_1_206' title='bbox 207 1470 273 1534; x_wconf 79' lang='grc' dir='ltr'>47ος</span> <span class='ocrx_word' id='word_1_207' title='bbox 299 1464 328 1518; x_wconf 90' lang='lat' dir='ltr'>id</span> <span class='ocrx_word' id='word_1_208' title='bbox 345 1481 411 1522; x_wconf 81' lang='lat' dir='ltr'>vero</span> <span class='ocrx_word' id='word_1_209' title='bbox 431 1464 528 1521; x_wconf 88' lang='lat' dir='ltr'>itidem</span> <span class='ocrx_word' id='word_1_210' title='bbox 545 1471 621 1523; x_wconf 89' lang='lat' dir='ltr'>recte</span> <span class='ocrx_word' id='word_1_211' title='bbox 636 1467 830 1540; x_wconf 81' lang='lat' dir='ltr'>accipiendum</span> <span class='ocrx_word' id='word_1_212' title='bbox 847 1486 937 1540; x_wconf 90' lang='lat' dir='ltr'>neque</span> <span class='ocrx_word' id='word_1_213' title='bbox 955 1469 997 1525; x_wconf 92' lang='lat' dir='ltr'>ul·</span> <span class='ocrx_word' id='word_1_214' title='bbox 1021 1487 1050 1541; x_wconf 89' lang='lat' dir='ltr'>p.</span> <span class='ocrx_word' id='word_1_215' title='bbox 1077 1474 1140 1538; x_wconf 76' lang='lat'>1463</span> <span class='ocrx_word' id='word_1_216' title='bbox 1167 1469 1217 1523; x_wconf 89' lang='lat' dir='ltr'>sed</span> <span class='ocrx_word' id='word_1_217' title='bbox 1236 1468 1386 1542; x_wconf 83' lang='grc' dir='ltr'><strong><em>ἁμάρτημα</em></strong></span> <span class='ocrx_word' id='word_1_218' title='bbox 1403 1465 1627 1543; x_wconf 81' lang='grc' dir='ltr'><strong><em>μνημονευπκὺν</em></strong></span> <span class='ocrx_word' id='word_1_219' title='bbox 1645 1485 1701 1523; x_wconf 92' lang='lat' dir='ltr'>non</span> <span class='ocrx_word' id='word_1_220' title='bbox 1721 1473 1781 1523; x_wconf 89' lang='lat' dir='ltr'>erat</span> <span class='ocrx_word' id='word_1_221' title='bbox 1804 1474 1861 1525; x_wconf 84' lang='lat' dir='ltr'>tam</span> 
     </span>
     <span class='ocr_line' id='line_1_15' title="bbox 154 1550 1859 1628; baseline 0.002 -21"><span class='ocrx_word' id='word_1_222' title='bbox 154 1556 199 1607; x_wconf 83' lang='lat' dir='ltr'>tra</span> <span class='ocrx_word' id='word_1_223' title='bbox 215 1556 337 1613; x_wconf 65' lang='lat' dir='ltr'>merem</span> <span class='ocrx_word' id='word_1_224' title='bbox 354 1550 477 1625; x_wconf 90' lang='lat' dir='ltr'>ipsorum</span> <span class='ocrx_word' id='word_1_225' title='bbox 495 1552 707 1622; x_wconf 86' lang='lat' dir='ltr'>extendendum,</span> <span class='ocrx_word' id='word_1_226' title='bbox 726 1554 837 1625; x_wconf 80' lang='lat' dir='ltr'>ipsimet</span> <span class='ocrx_word' id='word_1_227' title='bbox 854 1556 927 1611; x_wconf 89' lang='lat' dir='ltr'>enirn</span> <span class='ocrx_word' id='word_1_228' title='bbox 939 1574 995 1613; x_wconf 94' lang='lat' dir='ltr'>mo·</span> <span class='ocrx_word' id='word_1_229' title='bbox 1022 1555 1117 1612; x_wconf 89' lang='lat' dir='ltr'>odiose</span> <span class='ocrx_word' id='word_1_230' title='bbox 1134 1555 1333 1628; x_wconf 80' lang='lat' dir='ltr'>exagitandum</span> <span class='ocrx_word' id='word_1_231' title='bbox 1351 1573 1384 1610; x_wconf 87' lang='lat' dir='ltr'>ac</span> <span class='ocrx_word' id='word_1_232' title='bbox 1401 1555 1519 1628; x_wconf 84' lang='lat' dir='ltr'>insignis</span> <span class='ocrx_word' id='word_1_233' title='bbox 1537 1554 1675 1611; x_wconf 88' lang='lat' dir='ltr'>mendacii</span> <span class='ocrx_word' id='word_1_234' title='bbox 1693 1554 1754 1610; x_wconf 90' lang='lat' dir='ltr'>loco</span> <span class='ocrx_word' id='word_1_235' title='bbox 1766 1555 1859 1611; x_wconf 74' lang='lat' dir='ltr'>madu-</span> 
     </span>
     <span class='ocr_line' id='line_1_16' title="bbox 151 1636 1861 1712; baseline 0.003 -21"><span class='ocrx_word' id='word_1_236' title='bbox 151 1643 221 1695; x_wconf 85' lang='lat' dir='ltr'>nent</span> <span class='ocrx_word' id='word_1_237' title='bbox 243 1643 371 1693; x_wconf 72' lang='lat' dir='ltr'>nanuum</span> <span class='ocrx_word' id='word_1_238' title='bbox 394 1636 452 1693; x_wconf 83' lang='lat' dir='ltr'>sive</span> <span class='ocrx_word' id='word_1_239' title='bbox 470 1638 618 1699; x_wconf 64' lang='grc' dir='ltr'><strong><em>ωοοῒίοοο</em></strong></span> <span class='ocrx_word' id='word_1_240' title='bbox 635 1639 758 1696; x_wconf 86' lang='lat' dir='ltr'>divinam</span> <span class='ocrx_word' id='word_1_241' title='bbox 776 1640 865 1701; x_wconf 84' lang='lat' dir='ltr'>tribus</span> <span class='ocrx_word' id='word_1_242' title='bbox 883 1641 995 1697; x_wconf 79' lang='lat' dir='ltr'>deitatis</span> <span class='ocrx_word' id='word_1_243' title='bbox 1008 1650 1011 1667; x_wconf 89' lang='lat'>&#39;</span> <span class='ocrx_word' id='word_1_244' title='bbox 1022 1643 1149 1699; x_wconf 88' lang='lat' dir='ltr'>cendum</span> <span class='ocrx_word' id='word_1_245' title='bbox 1181 1641 1309 1698; x_wconf 86' lang='lat' dir='ltr'>Tandem</span> <span class='ocrx_word' id='word_1_246' title='bbox 1325 1659 1390 1697; x_wconf 81' lang='lat' dir='ltr'>vero</span> <span class='ocrx_word' id='word_1_247' title='bbox 1407 1642 1468 1712; x_wconf 90' lang='lat' dir='ltr'>ipse</span> <span class='ocrx_word' id='word_1_248' title='bbox 1486 1641 1570 1697; x_wconf 89' lang='lat' dir='ltr'>ctiam</span> <span class='ocrx_word' id='word_1_249' title='bbox 1587 1640 1775 1712; x_wconf 83' lang='lat' dir='ltr'>Hieronymus</span> <span class='ocrx_word' id='word_1_250' title='bbox 1793 1656 1861 1696; x_wconf 85' lang='lat' dir='ltr'>voce</span> 
     </span>
     <span class='ocr_line' id='line_1_17' title="bbox 154 1686 1859 1803; baseline 0.001 -23"><span class='ocrx_word' id='word_1_251' title='bbox 154 1722 279 1794; x_wconf 83' lang='lat' dir='ltr'>personis</span> <span class='ocrx_word' id='word_1_252' title='bbox 291 1739 464 1781; x_wconf 87' lang='lat' dir='ltr'>communem</span> <span class='ocrx_word' id='word_1_253' title='bbox 475 1743 531 1783; x_wconf 91' lang='lat' dir='ltr'>non</span> <span class='ocrx_word' id='word_1_254' title='bbox 545 1742 605 1782; x_wconf 87' lang='lat' dir='ltr'>ease</span> <span class='ocrx_word' id='word_1_255' title='bbox 617 1732 725 1783; x_wconf 66' lang='lat' dir='ltr'>wnbun</span> <span class='ocrx_word' id='word_1_256' title='bbox 737 1730 905 1798; x_wconf 76' lang='grc' dir='ltr'><strong><em>ορσσίσσοσ,</em></strong></span> <span class='ocrx_word' id='word_1_257' title='bbox 924 1686 1011 1803; x_wconf 72' lang='lat' dir='ltr'>sicuti</span> <span class='ocrx_word' id='word_1_258' title='bbox 1023 1706 1200 1788; x_wconf 67' lang='lat' dir='ltr'>inussisse}</span> <span class='ocrx_word' id='word_1_259' title='bbox 1223 1745 1290 1783; x_wconf 88' lang='lat' dir='ltr'>usus</span> <span class='ocrx_word' id='word_1_260' title='bbox 1313 1734 1367 1797; x_wconf 89' lang='lat' dir='ltr'>est,</span> <span class='ocrx_word' id='word_1_261' title='bbox 1397 1728 1437 1784; x_wconf 89' lang='lat' dir='ltr'>sio</span> <span class='ocrx_word' id='word_1_262' title='bbox 1463 1728 1535 1782; x_wconf 89' lang='lat' dir='ltr'>enim</span> <span class='ocrx_word' id='word_1_263' title='bbox 1554 1726 1651 1783; x_wconf 90' lang='lat' dir='ltr'>scribit</span> <span class='ocrx_word' id='word_1_264' title='bbox 1669 1727 1698 1781; x_wconf 92' lang='lat' dir='ltr'>in</span> <span class='ocrx_word' id='word_1_265' title='bbox 1723 1726 1803 1798; x_wconf 89' lang='lat' dir='ltr'>epist.</span> <span class='ocrx_word' id='word_1_266' title='bbox 1823 1726 1859 1782; x_wconf 91' lang='lat' dir='ltr'>ad</span> 
     </span>
     <span class='ocr_line' id='line_1_18' title="bbox 152 1809 1860 1889; baseline 0.001 -24"><span class='ocrx_word' id='word_1_267' title='bbox 152 1809 294 1876; x_wconf 78' lang='lat' dir='ltr'>inPetso,</span> <span class='ocrx_word' id='word_1_268' title='bbox 312 1810 401 1875; x_wconf 78' lang='lat' dir='ltr'>Paulo</span> <span class='ocrx_word' id='word_1_269' title='bbox 419 1810 648 1869; x_wconf 68' lang='lat' dir='ltr'>ettamunster</span> <span class='ocrx_word' id='word_1_270' title='bbox 664 1830 721 1873; x_wconf 75' lang='lat' dir='ltr'>uus</span> <span class='ocrx_word' id='word_1_271' title='bbox 737 1813 928 1889; x_wconf 65' lang='lat' dir='ltr'>dassaretas,</span> <span class='ocrx_word' id='word_1_272' title='bbox 945 1815 995 1874; x_wconf 79' lang='lat' dir='ltr'>sed</span> <span class='ocrx_word' id='word_1_273' title='bbox 1023 1815 1144 1888; x_wconf 77' lang='lat' dir='ltr'>August</span> <span class='ocrx_word' id='word_1_274' title='bbox 1172 1820 1201 1872; x_wconf 90' lang='lat' dir='ltr'>et</span> <span class='ocrx_word' id='word_1_275' title='bbox 1225 1814 1360 1886; x_wconf 86' lang='lat' dir='ltr'>Alipium:</span> <span class='ocrx_word' id='word_1_276' title='bbox 1398 1815 1522 1871; x_wconf 68' lang='lat' dir='ltr'>sabellii</span> <span class='ocrx_word' id='word_1_277' title='bbox 1546 1832 1671 1869; x_wconf 84' lang='lat' dir='ltr'>errorem</span> <span class='ocrx_word' id='word_1_278' title='bbox 1688 1813 1860 1868; x_wconf 78' lang='lat' dir='ltr'>declinantes</span> 
     </span>
     <span class='ocr_line' id='line_1_19' title="bbox 152 1895 1859 1973; baseline -0.003 -15"><span class='ocrx_word' id='word_1_279' title='bbox 152 1913 214 1955; x_wconf 72' lang='lat' dir='ltr'>esee</span> <span class='ocrx_word' id='word_1_280' title='bbox 232 1913 294 1958; x_wconf 72' lang='lat' dir='ltr'>eam</span> <span class='ocrx_word' id='word_1_281' title='bbox 312 1895 397 1955; x_wconf 78' lang='lat' dir='ltr'>etiam</span> <span class='ocrx_word' id='word_1_282' title='bbox 413 1916 529 1957; x_wconf 71' lang='lat' dir='ltr'>numere</span> <span class='ocrx_word' id='word_1_283' title='bbox 545 1917 645 1970; x_wconf 84' lang='lat' dir='ltr'>anam,</span> <span class='ocrx_word' id='word_1_284' title='bbox 675 1916 711 1957; x_wconf 84' lang='lat' dir='ltr'>aa</span> <span class='ocrx_word' id='word_1_285' title='bbox 727 1900 844 1973; x_wconf 85' lang='lat' dir='ltr'>proinde</span> <span class='ocrx_word' id='word_1_286' title='bbox 860 1907 892 1959; x_wconf 86' lang='lat' dir='ltr'>ut</span> <span class='ocrx_word' id='word_1_287' title='bbox 908 1900 994 1962; x_wconf 88' lang='lat' dir='ltr'>Luth.</span> <span class='ocrx_word' id='word_1_288' title='bbox 1023 1909 1079 1956; x_wconf 86' lang='lat' dir='ltr'>tres</span> <span class='ocrx_word' id='word_1_289' title='bbox 1092 1917 1232 1972; x_wconf 75' lang='lat' dir='ltr'>paeones</span> <span class='ocrx_word' id='word_1_290' title='bbox 1245 1918 1391 1972; x_wconf 74' lang='lat' dir='ltr'>expressas</span> <span class='ocrx_word' id='word_1_291' title='bbox 1402 1901 1451 1954; x_wconf 80' lang='grc' dir='ltr'>ουο</span> <span class='ocrx_word' id='word_1_292' title='bbox 1465 1900 1642 1970; x_wconf 77' lang='lat' dir='ltr'>proprietate</span> <span class='ocrx_word' id='word_1_293' title='bbox 1654 1900 1859 1968; x_wconf 69' lang='lat' dir='ltr'>decerpsimus.</span> 
     </span>
     <span class='ocr_line' id='line_1_20' title="bbox 152 1980 1860 2058; baseline 0.001 -19"><span class='ocrx_word' id='word_1_294' title='bbox 152 1983 182 2039; x_wconf 87' lang='lat' dir='ltr'>iu</span> <span class='ocrx_word' id='word_1_295' title='bbox 203 2000 227 2045; x_wconf 79' lang='lat' dir='ltr'>e.</span> <span class='ocrx_word' id='word_1_296' title='bbox 248 1989 271 2041; x_wconf 88' lang='lat'>1.</span> <span class='ocrx_word' id='word_1_297' title='bbox 295 1980 397 2041; x_wconf 79' lang='lat' dir='ltr'>(iones.</span> <span class='ocrx_word' id='word_1_298' title='bbox 417 1984 540 2058; x_wconf 89' lang='lat' dir='ltr'>loquitur</span> <span class='ocrx_word' id='word_1_299' title='bbox 557 1986 689 2043; x_wconf 75' lang='grc' dir='ltr'><strong><em>οωωωωο</em></strong></span> <span class='ocrx_word' id='word_1_300' title='bbox 708 2006 809 2057; x_wconf 81' lang='lat' dir='ltr'>anam,</span> <span class='ocrx_word' id='word_1_301' title='bbox 830 1988 871 2044; x_wconf 90' lang='lat' dir='ltr'>ita</span> <span class='ocrx_word' id='word_1_302' title='bbox 887 1994 920 2047; x_wconf 89' lang='lat' dir='ltr'>ut</span> <span class='ocrx_word' id='word_1_303' title='bbox 935 1994 996 2045; x_wconf 81' lang='lat' dir='ltr'>tcta</span> <span class='ocrx_word' id='word_1_304' title='bbox 1023 1990 1089 2045; x_wconf 87' lang='lat' dir='ltr'>Non</span> <span class='ocrx_word' id='word_1_305' title='bbox 1108 1991 1181 2043; x_wconf 85' lang='lat' dir='ltr'>enirn</span> <span class='ocrx_word' id='word_1_306' title='bbox 1198 1988 1313 2041; x_wconf 82' lang='lat' dir='ltr'>nomina</span> <span class='ocrx_word' id='word_1_307' title='bbox 1330 1990 1534 2055; x_wconf 85' lang='lat' dir='ltr'>tantammodo,</span> <span class='ocrx_word' id='word_1_308' title='bbox 1550 1989 1602 2041; x_wconf 85' lang='lat' dir='ltr'>scd</span> <span class='ocrx_word' id='word_1_309' title='bbox 1618 1987 1701 2041; x_wconf 79' lang='lat' dir='ltr'>etiam</span> <span class='ocrx_word' id='word_1_310' title='bbox 1718 1987 1860 2041; x_wconf 74' lang='lat' dir='ltr'>staminum</span> 
     </span>
     <span class='ocr_line' id='line_1_21' title="bbox 153 2068 1859 2146; baseline 0.001 -21"><span class='ocrx_word' id='word_1_311' title='bbox 153 2068 248 2127; x_wconf 83' lang='lat' dir='ltr'>divina</span> <span class='ocrx_word' id='word_1_312' title='bbox 266 2070 461 2140; x_wconf 69' lang='lat' dir='ltr'>caenbanon</span> <span class='ocrx_word' id='word_1_313' title='bbox 478 2088 544 2143; x_wconf 85' lang='lat' dir='ltr'>pars</span> <span class='ocrx_word' id='word_1_314' title='bbox 562 2071 708 2139; x_wconf 88' lang='lat' dir='ltr'>essentiae,</span> <span class='ocrx_word' id='word_1_315' title='bbox 728 2074 765 2129; x_wconf 87' lang='lat' dir='ltr'>sit</span> <span class='ocrx_word' id='word_1_316' title='bbox 781 2075 811 2129; x_wconf 89' lang='lat' dir='ltr'>in</span> <span class='ocrx_word' id='word_1_317' title='bbox 823 2075 916 2146; x_wconf 85' lang='lat' dir='ltr'>Patre,</span> <span class='ocrx_word' id='word_1_318' title='bbox 933 2079 994 2133; x_wconf 82' lang='lat' dir='ltr'>tcta</span> <span class='ocrx_word' id='word_1_319' title='bbox 1019 2075 1220 2145; x_wconf 78' lang='lat' dir='ltr'>proprietates,</span> <span class='ocrx_word' id='word_1_320' title='bbox 1247 2074 1273 2128; x_wconf 82' lang='lat' dir='ltr'>h.</span> <span class='ocrx_word' id='word_1_321' title='bbox 1290 2091 1312 2128; x_wconf 81' lang='grc' dir='ltr'><strong><em>ο,</em></strong></span> <span class='ocrx_word' id='word_1_322' title='bbox 1330 2091 1485 2144; x_wconf 70' lang='lat' dir='ltr'>perenm,</span> <span class='ocrx_word' id='word_1_323' title='bbox 1509 2074 1560 2141; x_wconf 84' lang='lat' dir='ltr'>rel,</span> <span class='ocrx_word' id='word_1_324' title='bbox 1584 2082 1615 2127; x_wconf 82' lang='lat' dir='ltr'>at</span> <span class='ocrx_word' id='word_1_325' title='bbox 1639 2073 1745 2129; x_wconf 79' lang='lat' dir='ltr'>Graeci</span> <span class='ocrx_word' id='word_1_326' title='bbox 1768 2073 1859 2143; x_wconf 67' lang='lat' dir='ltr'>aspri</span> 
     </span>
     <span class='ocr_line' id='line_1_22' title="bbox 152 2156 1860 2231; baseline 0.001 -16"><span class='ocrx_word' id='word_1_327' title='bbox 152 2156 428 2231; x_wconf 57' lang='lat' dir='ltr'>inlibatarumque</span> <span class='ocrx_word' id='word_1_328' title='bbox 450 2156 540 2219; x_wconf 82' lang='lat' dir='ltr'>simile</span> <span class='ocrx_word' id='word_1_329' title='bbox 558 2176 614 2214; x_wconf 90' lang='lat' dir='ltr'>non</span> <span class='ocrx_word' id='word_1_330' title='bbox 633 2160 753 2218; x_wconf 77' lang='lat' dir='ltr'>oecunit</span> <span class='ocrx_word' id='word_1_331' title='bbox 774 2161 804 2219; x_wconf 87' lang='lat' dir='ltr'>in</span> <span class='ocrx_word' id='word_1_332' title='bbox 825 2167 885 2218; x_wconf 85' lang='lat' dir='ltr'>tota</span> <span class='ocrx_word' id='word_1_333' title='bbox 901 2178 995 2219; x_wconf 80' lang='grc' dir='ltr'><strong><em>τοτοοι</em></strong></span> <span class='ocrx_word' id='word_1_334' title='bbox 1021 2170 1108 2231; x_wconf 87' lang='lat' dir='ltr'>mant,</span> <span class='ocrx_word' id='word_1_335' title='bbox 1133 2161 1310 2231; x_wconf 73' lang='grc' dir='ltr'><strong><em>ὑποστάσεις,</em></strong></span> <span class='ocrx_word' id='word_1_336' title='bbox 1333 2163 1385 2216; x_wconf 85' lang='lat' dir='ltr'>hoc</span> <span class='ocrx_word' id='word_1_337' title='bbox 1404 2171 1445 2217; x_wconf 81' lang='lat' dir='ltr'>ert</span> <span class='ocrx_word' id='word_1_338' title='bbox 1463 2161 1668 2231; x_wconf 69' lang='lat' dir='ltr'>aahsnunts‘aa,</span> <span class='ocrx_word' id='word_1_339' title='bbox 1692 2163 1860 2231; x_wconf 82' lang='lat' dir='ltr'>confitemur.</span> 
     </span>
     <span class='ocr_line' id='line_1_23' title="bbox 152 2242 1860 2320; baseline 0 -17"><span class='ocrx_word' id='word_1_340' title='bbox 152 2247 308 2303; x_wconf 57' lang='lat' dir='ltr'>creantem</span> <span class='ocrx_word' id='word_1_341' title='bbox 333 2242 521 2303; x_wconf 66' lang='lat' dir='ltr'>univerdtete.</span> <span class='ocrx_word' id='word_1_342' title='bbox 557 2244 686 2305; x_wconf 79' lang='lat' dir='ltr'>Damaso.</span> <span class='ocrx_word' id='word_1_343' title='bbox 710 2247 740 2301; x_wconf 91' lang='lat' dir='ltr'>in</span> <span class='ocrx_word' id='word_1_344' title='bbox 764 2246 874 2303; x_wconf 86' lang='lat' dir='ltr'>dialect.</span> <span class='ocrx_word' id='word_1_345' title='bbox 904 2264 928 2301; x_wconf 90' lang='lat' dir='ltr'>c.</span> <span class='ocrx_word' id='word_1_346' title='bbox 952 2254 993 2304; x_wconf 94' lang='grc'>66.</span> <span class='ocrx_word' id='word_1_347' title='bbox 1021 2255 1045 2305; x_wconf 87' lang='grc'>3.</span> <span class='ocrx_word' id='word_1_348' title='bbox 1065 2247 1197 2306; x_wconf 85' lang='lat' dir='ltr'>Notabile</span> <span class='ocrx_word' id='word_1_349' title='bbox 1226 2253 1283 2313; x_wconf 86' lang='lat' dir='ltr'>est,</span> <span class='ocrx_word' id='word_1_350' title='bbox 1309 2247 1385 2320; x_wconf 90' lang='lat' dir='ltr'>quod</span> <span class='ocrx_word' id='word_1_351' title='bbox 1408 2246 1496 2319; x_wconf 84' lang='lat' dir='ltr'>Greg.</span> <span class='ocrx_word' id='word_1_352' title='bbox 1520 2247 1653 2304; x_wconf 85' lang='lat' dir='ltr'>Nazianz.</span> <span class='ocrx_word' id='word_1_353' title='bbox 1678 2247 1708 2301; x_wconf 91' lang='lat' dir='ltr'>in</span> <span class='ocrx_word' id='word_1_354' title='bbox 1732 2253 1800 2303; x_wconf 86' lang='lat' dir='ltr'>orat.</span> <span class='ocrx_word' id='word_1_355' title='bbox 1824 2247 1860 2303; x_wconf 89' lang='lat' dir='ltr'>de</span> 
     </span>
     <span class='ocr_line' id='line_1_24' title="bbox 151 2326 1860 2406; baseline 0.002 -23"><span class='ocrx_word' id='word_1_356' title='bbox 151 2327 304 2390; x_wconf 79' lang='grc' dir='ltr'><strong><em>ὑπόστασις</em></strong></span> <span class='ocrx_word' id='word_1_357' title='bbox 331 2335 374 2385; x_wconf 83' lang='grc' dir='ltr'><strong><em>οο1</em></strong></span> <span class='ocrx_word' id='word_1_358' title='bbox 403 2326 524 2405; x_wconf 72' lang='grc' dir='ltr'><strong><em>ἄναρχος</em></strong></span> <span class='ocrx_word' id='word_1_359' title='bbox 550 2331 652 2401; x_wconf 80' lang='grc' dir='ltr'><strong><em>τρόπος</em></strong></span> <span class='ocrx_word' id='word_1_360' title='bbox 681 2335 727 2401; x_wconf 75' lang='grc' dir='ltr'>τῆς</span> <span class='ocrx_word' id='word_1_361' title='bbox 753 2331 869 2389; x_wconf 76' lang='grc' dir='ltr'><strong><em>ἑκάστου</em></strong></span> <span class='ocrx_word' id='word_1_362' title='bbox 898 2332 992 2388; x_wconf 73' lang='grc' dir='ltr'><strong><em>ἀϊδίου</em></strong></span> <span class='ocrx_word' id='word_1_363' title='bbox 1019 2335 1095 2392; x_wconf 89' lang='lat' dir='ltr'>laud.</span> <span class='ocrx_word' id='word_1_364' title='bbox 1119 2334 1255 2390; x_wconf 76' lang='lat' dir='ltr'>Athenas.</span> <span class='ocrx_word' id='word_1_365' title='bbox 1284 2340 1388 2406; x_wconf 77' lang='lat' dir='ltr'>quassa</span> <span class='ocrx_word' id='word_1_366' title='bbox 1407 2339 1449 2390; x_wconf 88' lang='lat'>31.</span> <span class='ocrx_word' id='word_1_367' title='bbox 1476 2340 1626 2402; x_wconf 81' lang='lat' dir='ltr'>memorat,</span> <span class='ocrx_word' id='word_1_368' title='bbox 1654 2332 1785 2402; x_wconf 71' lang='lat' dir='ltr'>Gnaeos,</span> <span class='ocrx_word' id='word_1_369' title='bbox 1812 2331 1860 2405; x_wconf 85' lang='lat' dir='ltr'>qui</span> 
     </span>
     <span class='ocr_line' id='line_1_25' title="bbox 151 2411 1860 2491; baseline 0.002 -21"><span class='ocrx_word' id='word_1_370' title='bbox 151 2411 301 2491; x_wconf 74' lang='grc' dir='ltr'><strong><em>ὑπάρξεως,</em></strong></span> <span class='ocrx_word' id='word_1_371' title='bbox 322 2415 349 2470; x_wconf 93' lang='lat' dir='ltr'>h.</span> <span class='ocrx_word' id='word_1_372' title='bbox 370 2433 393 2470; x_wconf 88' lang='lat' dir='ltr'>e.</span> <span class='ocrx_word' id='word_1_373' title='bbox 407 2417 553 2487; x_wconf 78' lang='lat' dir='ltr'>principio</span> <span class='ocrx_word' id='word_1_374' title='bbox 570 2435 670 2473; x_wconf 76' lang='lat' dir='ltr'>carens</span> <span class='ocrx_word' id='word_1_375' title='bbox 687 2422 787 2474; x_wconf 80' lang='lat' dir='ltr'>modas</span> <span class='ocrx_word' id='word_1_376' title='bbox 807 2421 994 2489; x_wconf 79' lang='lat' dir='ltr'>sesnpiternae</span> <span class='ocrx_word' id='word_1_377' title='bbox 1021 2420 1184 2481; x_wconf 73' lang='grc' dir='ltr'><strong><em>ὑποστάσεις</em></strong></span> <span class='ocrx_word' id='word_1_378' title='bbox 1208 2420 1347 2486; x_wconf 74' lang='lat' dir='ltr'>dicebant,</span> <span class='ocrx_word' id='word_1_379' title='bbox 1361 2419 1472 2477; x_wconf 80' lang='lat' dir='ltr'>Latinis</span> <span class='ocrx_word' id='word_1_380' title='bbox 1494 2419 1568 2475; x_wconf 82' lang='lat' dir='ltr'>vises</span> <span class='ocrx_word' id='word_1_381' title='bbox 1584 2419 1672 2476; x_wconf 82' lang='lat' dir='ltr'>fuisse</span> <span class='ocrx_word' id='word_1_382' title='bbox 1688 2425 1745 2475; x_wconf 69' lang='lat' dir='ltr'>ires</span> <span class='ocrx_word' id='word_1_383' title='bbox 1762 2418 1860 2480; x_wconf 76' lang='grc' dir='ltr'><strong><em>οὑσάσς</em></strong></span> 
     </span>
     <span class='ocr_line' id='line_1_26' title="bbox 152 2501 1858 2579; baseline 0.001 -22"><span class='ocrx_word' id='word_1_384' title='bbox 152 2501 328 2559; x_wconf 61' lang='lat' dir='ltr'>manee</span> <span class='ocrx_word' id='word_1_385' title='bbox 345 2502 566 2574; x_wconf 78' lang='lat' dir='ltr'>aniascojuspne</span> <span class='ocrx_word' id='word_1_386' title='bbox 583 2504 644 2559; x_wconf 80' lang='lat' dir='ltr'>ins.</span> <span class='ocrx_word' id='word_1_387' title='bbox 658 2506 794 2561; x_wconf 73' lang='lat' dir='ltr'>trinitate.</span> <span class='ocrx_word' id='word_1_388' title='bbox 810 2506 858 2561; x_wconf 92' lang='lat' dir='ltr'>lib.</span> <span class='ocrx_word' id='word_1_389' title='bbox 876 2512 900 2562; x_wconf 92' lang='grc'>3.</span> <span class='ocrx_word' id='word_1_390' title='bbox 913 2524 936 2562; x_wconf 89' lang='grc' dir='ltr'>ο.</span> <span class='ocrx_word' id='word_1_391' title='bbox 952 2510 992 2563; x_wconf 82' lang='lat' dir='ltr'>tt.</span> <span class='ocrx_word' id='word_1_392' title='bbox 1020 2510 1078 2564; x_wconf 82' lang='lat' dir='ltr'>sire</span> <span class='ocrx_word' id='word_1_393' title='bbox 1096 2507 1230 2564; x_wconf 78' lang='grc' dir='ltr'><strong><em>οωοσιὶοο</em></strong></span> <span class='ocrx_word' id='word_1_394' title='bbox 1245 2524 1310 2562; x_wconf 91' lang='lat' dir='ltr'>cum</span> <span class='ocrx_word' id='word_1_395' title='bbox 1327 2506 1397 2562; x_wconf 86' lang='lat' dir='ltr'>Ario</span> <span class='ocrx_word' id='word_1_396' title='bbox 1414 2507 1520 2576; x_wconf 86' lang='lat' dir='ltr'>dicere,</span> <span class='ocrx_word' id='word_1_397' title='bbox 1543 2523 1576 2562; x_wconf 89' lang='lat' dir='ltr'>eo</span> <span class='ocrx_word' id='word_1_398' title='bbox 1596 2506 1749 2579; x_wconf 72' lang='lat' dir='ltr'>quodne</span> <span class='ocrx_word' id='word_1_399' title='bbox 1769 2504 1858 2560; x_wconf 82' lang='lat' dir='ltr'>Grae-</span> 
     </span>
     <span class='ocr_line' id='line_1_27' title="bbox 152 2585 1858 2665; baseline 0.003 -23"><span class='ocrx_word' id='word_1_400' title='bbox 152 2604 217 2653; x_wconf 76' lang='lat' dir='ltr'>cura</span> <span class='ocrx_word' id='word_1_401' title='bbox 235 2585 321 2645; x_wconf 87' lang='lat' dir='ltr'>Suida</span> <span class='ocrx_word' id='word_1_402' title='bbox 345 2587 396 2645; x_wconf 82' lang='lat' dir='ltr'>coi</span> <span class='ocrx_word' id='word_1_403' title='bbox 421 2593 480 2647; x_wconf 86' lang='grc'><strong>964.</strong></span> <span class='ocrx_word' id='word_1_404' title='bbox 507 2589 660 2645; x_wconf 79' lang='grc' dir='ltr'><strong><em>ὑπόστασιν</em></strong></span> <span class='ocrx_word' id='word_1_405' title='bbox 678 2591 813 2649; x_wconf 69' lang='lat' dir='ltr'>definiere</span> <span class='ocrx_word' id='word_1_406' title='bbox 836 2593 889 2657; x_wconf 85' lang='lat' dir='ltr'>ait,</span> <span class='ocrx_word' id='word_1_407' title='bbox 917 2593 993 2664; x_wconf 90' lang='lat' dir='ltr'>quod</span> <span class='ocrx_word' id='word_1_408' title='bbox 1020 2614 1115 2651; x_wconf 84' lang='lat' dir='ltr'>caram</span> <span class='ocrx_word' id='word_1_409' title='bbox 1132 2597 1326 2665; x_wconf 70' lang='lat' dir='ltr'>prosatorem</span> <span class='ocrx_word' id='word_1_410' title='bbox 1342 2593 1440 2648; x_wconf 84' lang='lat' dir='ltr'>sabota</span> <span class='ocrx_word' id='word_1_411' title='bbox 1459 2594 1610 2649; x_wconf 74' lang='grc' dir='ltr'><strong><em>άωοσάποο</em></strong></span> <span class='ocrx_word' id='word_1_412' title='bbox 1636 2592 1709 2647; x_wconf 72' lang='lat' dir='ltr'>sister</span> <span class='ocrx_word' id='word_1_413' title='bbox 1728 2592 1858 2663; x_wconf 73' lang='lat' dir='ltr'>hyposta-</span> 
     </span>
     <span class='ocr_line' id='line_1_28' title="bbox 153 2671 1857 2750; baseline 0.002 -19"><span class='ocrx_word' id='word_1_414' title='bbox 153 2673 191 2730; x_wconf 90' lang='lat' dir='ltr'>sit</span> <span class='ocrx_word' id='word_1_415' title='bbox 221 2671 252 2731; x_wconf 81' lang='grc' dir='ltr'>τὸ</span> <span class='ocrx_word' id='word_1_416' title='bbox 287 2674 379 2729; x_wconf 74' lang='lat' dir='ltr'>tener</span> <span class='ocrx_word' id='word_1_417' title='bbox 412 2672 490 2749; x_wconf 85' lang='grc' dir='ltr'><strong><em>παρά</em></strong></span> <span class='ocrx_word' id='word_1_418' title='bbox 519 2674 550 2731; x_wconf 86' lang='grc' dir='ltr'>τὸ</span> <span class='ocrx_word' id='word_1_419' title='bbox 587 2676 692 2748; x_wconf 78' lang='grc' dir='ltr'><strong><em>κοινόν,</em></strong></span> <span class='ocrx_word' id='word_1_420' title='bbox 725 2679 878 2750; x_wconf 72' lang='lat' dir='ltr'>proprium</span> <span class='ocrx_word' id='word_1_421' title='bbox 904 2698 993 2750; x_wconf 76' lang='lat' dir='ltr'>sttpra</span> <span class='ocrx_word' id='word_1_422' title='bbox 1019 2685 1063 2738; x_wconf 76' lang='grc' dir='ltr'><strong><em>σάω</em></strong></span> <span class='ocrx_word' id='word_1_423' title='bbox 1081 2690 1107 2739; x_wconf 90' lang='lat' dir='ltr'>et</span> <span class='ocrx_word' id='word_1_424' title='bbox 1124 2683 1207 2736; x_wconf 79' lang='lat' dir='ltr'>asian</span> <span class='ocrx_word' id='word_1_425' title='bbox 1225 2682 1348 2750; x_wconf 75' lang='grc' dir='ltr'><strong><em>άροοσσο,</em></strong></span> <span class='ocrx_word' id='word_1_426' title='bbox 1366 2685 1399 2735; x_wconf 91' lang='lat' dir='ltr'>ut</span> <span class='ocrx_word' id='word_1_427' title='bbox 1415 2679 1528 2735; x_wconf 89' lang='lat' dir='ltr'>Hieron.</span> <span class='ocrx_word' id='word_1_428' title='bbox 1547 2680 1573 2734; x_wconf 93' lang='lat' dir='ltr'>d.</span> <span class='ocrx_word' id='word_1_429' title='bbox 1591 2679 1670 2749; x_wconf 81' lang='lat' dir='ltr'>epist</span> <span class='ocrx_word' id='word_1_430' title='bbox 1690 2679 1727 2735; x_wconf 85' lang='lat' dir='ltr'>ad</span> <span class='ocrx_word' id='word_1_431' title='bbox 1743 2677 1857 2735; x_wconf 87' lang='lat' dir='ltr'>Damas.</span> 
     </span>
     <span class='ocr_line' id='line_1_29' title="bbox 152 2764 1860 2843; baseline -0.004 -14"><span class='ocrx_word' id='word_1_432' title='bbox 152 2777 303 2819; x_wconf 64' lang='lat' dir='ltr'>mmm·</span> <span class='ocrx_word' id='word_1_433' title='bbox 1018 2770 1156 2843; x_wconf 84' lang='lat' dir='ltr'>loquitur;</span> <span class='ocrx_word' id='word_1_434' title='bbox 1184 2773 1282 2824; x_wconf 88' lang='lat' dir='ltr'>contra</span> <span class='ocrx_word' id='word_1_435' title='bbox 1302 2784 1368 2823; x_wconf 82' lang='lat' dir='ltr'>vero</span> <span class='ocrx_word' id='word_1_436' title='bbox 1389 2766 1520 2836; x_wconf 87' lang='lat' dir='ltr'>Latinos,</span> <span class='ocrx_word' id='word_1_437' title='bbox 1547 2764 1597 2837; x_wconf 89' lang='lat' dir='ltr'>qui</span> <span class='ocrx_word' id='word_1_438' title='bbox 1620 2768 1724 2839; x_wconf 86' lang='lat' dir='ltr'>rejecto</span> <span class='ocrx_word' id='word_1_439' title='bbox 1748 2765 1860 2823; x_wconf 87' lang='lat' dir='ltr'>nomine</span> 
     </span>
     <span class='ocr_line' id='line_1_30' title="bbox 188 2847 1860 2928; baseline 0.003 -24"><span class='ocrx_word' id='word_1_440' title='bbox 188 2853 230 2905; x_wconf 81' lang='lat' dir='ltr'>te.</span> <span class='ocrx_word' id='word_1_441' title='bbox 259 2853 284 2904; x_wconf 92' lang='grc'>4.</span> <span class='ocrx_word' id='word_1_442' title='bbox 311 2847 474 2906; x_wconf 70' lang='lat' dir='ltr'>Antithesis.</span> <span class='ocrx_word' id='word_1_443' title='bbox 509 2855 533 2907; x_wconf 86' lang='lat'>1.</span> <span class='ocrx_word' id='word_1_444' title='bbox 558 2851 661 2907; x_wconf 80' lang='lat' dir='ltr'>Patres</span> <span class='ocrx_word' id='word_1_445' title='bbox 680 2854 795 2909; x_wconf 78' lang='lat' dir='ltr'>concilii</span> <span class='ocrx_word' id='word_1_446' title='bbox 813 2854 993 2910; x_wconf 72' lang='lat' dir='ltr'>Sardicsrws&#39;e</span> <span class='ocrx_word' id='word_1_447' title='bbox 1018 2856 1199 2928; x_wconf 73' lang='lat' dir='ltr'>hypostaseos</span> <span class='ocrx_word' id='word_1_448' title='bbox 1232 2854 1363 2910; x_wconf 70' lang='lat' dir='ltr'>dicebant</span> <span class='ocrx_word' id='word_1_449' title='bbox 1393 2857 1450 2910; x_wconf 79' lang='lat' dir='ltr'>tres</span> <span class='ocrx_word' id='word_1_450' title='bbox 1478 2867 1611 2923; x_wconf 81' lang='lat' dir='ltr'>personas</span> <span class='ocrx_word' id='word_1_451' title='bbox 1637 2849 1755 2909; x_wconf 83' lang='lat' dir='ltr'>Graecis</span> <span class='ocrx_word' id='word_1_452' title='bbox 1785 2851 1860 2909; x_wconf 79' lang='lat' dir='ltr'>risos</span> 
     </span>
     <span class='ocr_line' id='line_1_31' title="bbox 152 2932 1859 3012; baseline -0.001 -19"><span class='ocrx_word' id='word_1_453' title='bbox 152 2938 302 2997; x_wconf 70' lang='grc'><strong>1111110347.</strong></span> <span class='ocrx_word' id='word_1_454' title='bbox 321 2932 462 3004; x_wconf 87' lang='lat' dir='ltr'>celebrati,</span> <span class='ocrx_word' id='word_1_455' title='bbox 481 2936 772 3008; x_wconf 88' lang='lat' dir='ltr'>quodNicenoconc.</span> <span class='ocrx_word' id='word_1_456' title='bbox 791 2943 993 3012; x_wconf 77' lang='lat' dir='ltr'>perstatuitur,</span> <span class='ocrx_word' id='word_1_457' title='bbox 1018 2941 1104 2997; x_wconf 84' lang='lat' dir='ltr'>fuisse</span> <span class='ocrx_word' id='word_1_458' title='bbox 1128 2939 1332 2996; x_wconf 80' lang='lat' dir='ltr'>distinctionem</span> <span class='ocrx_word' id='word_1_459' title='bbox 1351 2956 1413 2993; x_wconf 66' lang='lat' dir='ltr'>⁴non</span> <span class='ocrx_word' id='word_1_460' title='bbox 1434 2938 1554 3005; x_wconf 86' lang='lat' dir='ltr'>realem,</span> <span class='ocrx_word' id='word_1_461' title='bbox 1583 2937 1634 2992; x_wconf 91' lang='lat' dir='ltr'>sed</span> <span class='ocrx_word' id='word_1_462' title='bbox 1651 2943 1759 2994; x_wconf 75' lang='lat' dir='ltr'>aarum</span> <span class='ocrx_word' id='word_1_463' title='bbox 1776 2936 1859 2999; x_wconf 80' lang='lat' dir='ltr'>ratio·</span> 
     </span>
     <span class='ocr_line' id='line_1_32' title="bbox 153 3021 1859 3098; baseline -0.001 -20"><span class='ocrx_word' id='word_1_464' title='bbox 153 3023 349 3092; x_wconf 76' lang='lat' dir='ltr'>decreverunt,</span> <span class='ocrx_word' id='word_1_465' title='bbox 375 3021 578 3081; x_wconf 59' lang='lat' dir='ltr'>hamaicorum</span> <span class='ocrx_word' id='word_1_466' title='bbox 602 3041 660 3081; x_wconf 80' lang='lat' dir='ltr'>etse</span> <span class='ocrx_word' id='word_1_467' title='bbox 681 3021 738 3081; x_wconf 78' lang='lat' dir='ltr'>tras‘</span> <span class='ocrx_word' id='word_1_468' title='bbox 760 3028 924 3098; x_wconf 71' lang='lat' dir='ltr'>hypostases</span> <span class='ocrx_word' id='word_1_469' title='bbox 947 3049 992 3085; x_wconf 84' lang='lat' dir='ltr'>as·</span> <span class='ocrx_word' id='word_1_470' title='bbox 1019 3044 1083 3084; x_wconf 90' lang='lat' dir='ltr'>nem</span> <span class='ocrx_word' id='word_1_471' title='bbox 1100 3026 1221 3083; x_wconf 86' lang='lat' dir='ltr'>muneris</span> <span class='ocrx_word' id='word_1_472' title='bbox 1240 3024 1393 3095; x_wconf 83' lang='lat' dir='ltr'>scuofficii</span> <span class='ocrx_word' id='word_1_473' title='bbox 1411 3025 1483 3081; x_wconf 87' lang='lat' dir='ltr'>iuter</span> <span class='ocrx_word' id='word_1_474' title='bbox 1495 3023 1616 3094; x_wconf 88' lang='lat' dir='ltr'>Patrem,</span> <span class='ocrx_word' id='word_1_475' title='bbox 1637 3022 1740 3079; x_wconf 79' lang='lat' dir='ltr'>Filium</span> <span class='ocrx_word' id='word_1_476' title='bbox 1758 3022 1859 3095; x_wconf 87' lang='lat' dir='ltr'>etSpi·</span> 
     </span>
     <span class='ocr_line' id='line_1_33' title="bbox 151 3107 1858 3190; baseline 0 -23"><span class='ocrx_word' id='word_1_477' title='bbox 151 3124 253 3177; x_wconf 71' lang='lat' dir='ltr'>esrae,</span> <span class='ocrx_word' id='word_1_478' title='bbox 272 3107 584 3171; x_wconf 65' lang='lat' dir='ltr'>mortemarense</span> <span class='ocrx_word' id='word_1_479' title='bbox 603 3130 689 3167; x_wconf 82' lang='lat' dir='ltr'>anam</span> <span class='ocrx_word' id='word_1_480' title='bbox 705 3121 821 3172; x_wconf 71' lang='lat' dir='ltr'>sauata</span> <span class='ocrx_word' id='word_1_481' title='bbox 854 3115 938 3188; x_wconf 83' lang='lat' dir='ltr'>Resp.</span> <span class='ocrx_word' id='word_1_482' title='bbox 958 3117 992 3172; x_wconf 84' lang='lat' dir='ltr'>de</span> <span class='ocrx_word' id='word_1_483' title='bbox 1018 3114 1104 3171; x_wconf 89' lang='lat' dir='ltr'>ritum</span> <span class='ocrx_word' id='word_1_484' title='bbox 1120 3131 1143 3170; x_wconf 89' lang='lat' dir='ltr'>s.</span> <span class='ocrx_word' id='word_1_485' title='bbox 1161 3129 1320 3190; x_wconf 81' lang='lat' dir='ltr'>agnoscere,</span> <span class='ocrx_word' id='word_1_486' title='bbox 1340 3118 1425 3183; x_wconf 81' lang='lat' dir='ltr'>atque</span> <span class='ocrx_word' id='word_1_487' title='bbox 1438 3111 1491 3169; x_wconf 87' lang='lat' dir='ltr'>bae</span> <span class='ocrx_word' id='word_1_488' title='bbox 1500 3110 1606 3166; x_wconf 88' lang='lat' dir='ltr'>ratione</span> <span class='ocrx_word' id='word_1_489' title='bbox 1619 3109 1742 3169; x_wconf 84' lang='lat' dir='ltr'>Sabellio</span> <span class='ocrx_word' id='word_1_490' title='bbox 1753 3109 1858 3180; x_wconf 73' lang='lat' dir='ltr'>ferme,</span> 
     </span>
     <span class='ocr_line' id='line_1_34' title="bbox 152 3193 1857 3269; baseline -0.001 -14"><span class='ocrx_word' id='word_1_491' title='bbox 152 3193 312 3255; x_wconf 67' lang='lat' dir='ltr'>sardicensi</span> <span class='ocrx_word' id='word_1_492' title='bbox 337 3194 470 3266; x_wconf 69' lang='lat' dir='ltr'>eosdm,</span> <span class='ocrx_word' id='word_1_493' title='bbox 496 3213 533 3255; x_wconf 86' lang='lat' dir='ltr'>an</span> <span class='ocrx_word' id='word_1_494' title='bbox 556 3198 628 3256; x_wconf 88' lang='lat' dir='ltr'>inter</span> <span class='ocrx_word' id='word_1_495' title='bbox 651 3200 830 3261; x_wconf 83' lang='lat' dir='ltr'>oecumenica</span> <span class='ocrx_word' id='word_1_496' title='bbox 854 3209 883 3258; x_wconf 89' lang='lat' dir='ltr'>et</span> <span class='ocrx_word' id='word_1_497' title='bbox 901 3203 991 3259; x_wconf 89' lang='lat' dir='ltr'>ortho·</span> <span class='ocrx_word' id='word_1_498' title='bbox 1019 3218 1083 3257; x_wconf 87' lang='lat' dir='ltr'>cum</span> <span class='ocrx_word' id='word_1_499' title='bbox 1099 3200 1129 3257; x_wconf 90' lang='lat' dir='ltr'>in</span> <span class='ocrx_word' id='word_1_500' title='bbox 1145 3197 1255 3255; x_wconf 73' lang='lat' dir='ltr'>latins</span> <span class='ocrx_word' id='word_1_501' title='bbox 1273 3195 1453 3267; x_wconf 85' lang='lat' dir='ltr'>scriptoribus</span> <span class='ocrx_word' id='word_1_502' title='bbox 1470 3213 1605 3269; x_wconf 86' lang='lat' dir='ltr'>personae</span> <span class='ocrx_word' id='word_1_503' title='bbox 1622 3213 1724 3253; x_wconf 87' lang='lat' dir='ltr'>nomen</span> <span class='ocrx_word' id='word_1_504' title='bbox 1743 3196 1780 3255; x_wconf 81' lang='lat' dir='ltr'>ad</span> <span class='ocrx_word' id='word_1_505' title='bbox 1797 3195 1857 3253; x_wconf 86' lang='lat' dir='ltr'>offi-</span> 
     </span>
     <span class='ocr_line' id='line_1_35' title="bbox 153 3279 1857 3360; baseline 0.001 -23"><span class='ocrx_word' id='word_1_506' title='bbox 153 3280 227 3337; x_wconf 86' lang='lat' dir='ltr'>doxa</span> <span class='ocrx_word' id='word_1_507' title='bbox 248 3279 367 3345; x_wconf 76' lang='lat' dir='ltr'>eoncilia</span> <span class='ocrx_word' id='word_1_508' title='bbox 389 3283 530 3341; x_wconf 74' lang='lat' dir='ltr'>numeni</span> <span class='ocrx_word' id='word_1_509' title='bbox 549 3283 664 3354; x_wconf 86' lang='lat' dir='ltr'>debeat,</span> <span class='ocrx_word' id='word_1_510' title='bbox 686 3286 779 3342; x_wconf 85' lang='lat' dir='ltr'>adhuc</span> <span class='ocrx_word' id='word_1_511' title='bbox 797 3289 923 3358; x_wconf 83' lang='lat' dir='ltr'>quaestio</span> <span class='ocrx_word' id='word_1_512' title='bbox 940 3295 991 3360; x_wconf 85' lang='lat' dir='ltr'>cst,</span> <span class='ocrx_word' id='word_1_513' title='bbox 1019 3286 1092 3345; x_wconf 81' lang='lat' dir='ltr'>cium</span> <span class='ocrx_word' id='word_1_514' title='bbox 1119 3293 1148 3343; x_wconf 90' lang='lat' dir='ltr'>ct</span> <span class='ocrx_word' id='word_1_515' title='bbox 1176 3284 1302 3341; x_wconf 88' lang='lat' dir='ltr'>habitum</span> <span class='ocrx_word' id='word_1_516' title='bbox 1330 3282 1534 3343; x_wconf 82' lang='lat' dir='ltr'>accommodari</span> <span class='ocrx_word' id='word_1_517' title='bbox 1563 3281 1743 3337; x_wconf 82' lang='lat' dir='ltr'>consueverit.</span> <span class='ocrx_word' id='word_1_518' title='bbox 1786 3281 1857 3339; x_wconf 80' lang='lat' dir='ltr'>Cum</span> 
     </span>
     <span class='ocr_line' id='line_1_36' title="bbox 151 3365 1969 3445; baseline -0.012 -7"><span class='ocrx_word' id='word_1_519' title='bbox 151 3365 279 3438; x_wconf 61' lang='lat' dir='ltr'>Plerique</span> <span class='ocrx_word' id='word_1_520' title='bbox 297 3383 330 3427; x_wconf 71' lang='lat'>0⁰</span> <span class='ocrx_word' id='word_1_521' title='bbox 349 3367 547 3441; x_wconf 58' lang='lat' dir='ltr'>eheuanuod</span> <span class='ocrx_word' id='word_1_522' title='bbox 568 3370 624 3429; x_wconf 81' lang='lat' dir='ltr'>due</span> <span class='ocrx_word' id='word_1_523' title='bbox 641 3370 747 3428; x_wconf 75' lang='lat' dir='ltr'>iruerint</span> <span class='ocrx_word' id='word_1_524' title='bbox 764 3373 883 3431; x_wconf 89' lang='lat' dir='ltr'>concilia</span> <span class='ocrx_word' id='word_1_525' title='bbox 899 3374 992 3434; x_wconf 85' lang='lat' dir='ltr'>Sardi-</span> <span class='ocrx_word' id='word_1_526' title='bbox 1019 3389 1086 3445; x_wconf 76' lang='lat' dir='ltr'>ergo</span> <span class='ocrx_word' id='word_1_527' title='bbox 1109 3372 1145 3430; x_wconf 95' lang='lat' dir='ltr'>ob</span> <span class='ocrx_word' id='word_1_528' title='bbox 1169 3371 1246 3427; x_wconf 90' lang='lat' dir='ltr'>illam</span> <span class='ocrx_word' id='word_1_529' title='bbox 1268 3373 1442 3441; x_wconf 74' lang='grc' dir='ltr'><strong><em>λογομαχίαυ</em></strong></span> <span class='ocrx_word' id='word_1_530' title='bbox 1460 3385 1505 3425; x_wconf 88' lang='lat' dir='ltr'>res</span> <span class='ocrx_word' id='word_1_531' title='bbox 1528 3385 1560 3425; x_wconf 89' lang='lat' dir='ltr'>eo</span> <span class='ocrx_word' id='word_1_532' title='bbox 1578 3367 1702 3425; x_wconf 87' lang='lat' dir='ltr'>adducta</span> <span class='ocrx_word' id='word_1_533' title='bbox 1718 3375 1801 3438; x_wconf 88' lang='lat' dir='ltr'>esset,</span> <span class='ocrx_word' id='word_1_534' title='bbox 1824 3374 1857 3426; x_wconf 89' lang='lat' dir='ltr'>ut</span> <span class='ocrx_word' id='word_1_535' title='bbox 1869 3379 1909 3418; x_wconf 90' lang='lat'>111.</span> <span class='ocrx_word' id='word_1_536' title='bbox 1922 3376 1969 3418; x_wconf 80' lang='lat' dir='ltr'>rso.</span> 
     </span>
     <span class='ocr_line' id='line_1_37' title="bbox 152 3452 1856 3532; baseline -0.001 -21"><span class='ocrx_word' id='word_1_537' title='bbox 152 3452 258 3521; x_wconf 67' lang='lat' dir='ltr'>aenda,</span> <span class='ocrx_word' id='word_1_538' title='bbox 288 3470 375 3511; x_wconf 89' lang='lat' dir='ltr'>unum</span> <span class='ocrx_word' id='word_1_539' title='bbox 391 3453 547 3526; x_wconf 79' lang='lat' dir='ltr'>legitimum</span> <span class='ocrx_word' id='word_1_540' title='bbox 564 3455 649 3513; x_wconf 84' lang='lat' dir='ltr'>fidem</span> <span class='ocrx_word' id='word_1_541' title='bbox 665 3458 801 3516; x_wconf 83' lang='lat' dir='ltr'>Niccnam</span> <span class='ocrx_word' id='word_1_542' title='bbox 818 3460 993 3532; x_wconf 85' lang='lat' dir='ltr'>confirmans,</span> <span class='ocrx_word' id='word_1_543' title='bbox 1018 3458 1173 3531; x_wconf 90' lang='lat' dir='ltr'>periculum</span> <span class='ocrx_word' id='word_1_544' title='bbox 1190 3456 1306 3513; x_wconf 85' lang='lat' dir='ltr'>subesse</span> <span class='ocrx_word' id='word_1_545' title='bbox 1323 3455 1472 3525; x_wconf 85' lang='lat' dir='ltr'>videretur,</span> <span class='ocrx_word' id='word_1_546' title='bbox 1489 3472 1524 3511; x_wconf 88' lang='lat' dir='ltr'>ne</span> <span class='ocrx_word' id='word_1_547' title='bbox 1535 3455 1610 3511; x_wconf 89' lang='lat' dir='ltr'>orbis</span> <span class='ocrx_word' id='word_1_548' title='bbox 1628 3461 1764 3513; x_wconf 84' lang='lat' dir='ltr'>terrarum</span> <span class='ocrx_word' id='word_1_549' title='bbox 1777 3455 1856 3527; x_wconf 87' lang='lat' dir='ltr'>fines,</span> 
     </span>
     <span class='ocr_line' id='line_1_38' title="bbox 152 3536 1855 3617; baseline 0.001 -22"><span class='ocrx_word' id='word_1_550' title='bbox 152 3536 270 3595; x_wconf 79' lang='lat' dir='ltr'>alterum</span> <span class='ocrx_word' id='word_1_551' title='bbox 281 3538 465 3612; x_wconf 68' lang='lat' dir='ltr'>illegitimum,</span> <span class='ocrx_word' id='word_1_552' title='bbox 483 3541 651 3599; x_wconf 72' lang='lat' dir='ltr'>Amanorum</span> <span class='ocrx_word' id='word_1_553' title='bbox 661 3545 796 3617; x_wconf 87' lang='lat' dir='ltr'>perfidiae</span> <span class='ocrx_word' id='word_1_554' title='bbox 807 3547 991 3605; x_wconf 80' lang='lat' dir='ltr'>subscribens.</span> <span class='ocrx_word' id='word_1_555' title='bbox 1017 3545 1045 3602; x_wconf 88' lang='lat' dir='ltr'>h.</span> <span class='ocrx_word' id='word_1_556' title='bbox 1066 3542 1248 3607; x_wconf 84' lang='lat' dir='ltr'>eorientalis</span> <span class='ocrx_word' id='word_1_557' title='bbox 1268 3547 1297 3598; x_wconf 88' lang='lat' dir='ltr'>et</span> <span class='ocrx_word' id='word_1_558' title='bbox 1314 3540 1494 3598; x_wconf 86' lang='lat' dir='ltr'>occidentalis</span> <span class='ocrx_word' id='word_1_559' title='bbox 1511 3540 1636 3608; x_wconf 85' lang='lat' dir='ltr'>ecclesia,</span> <span class='ocrx_word' id='word_1_560' title='bbox 1655 3558 1783 3597; x_wconf 86' lang='lat' dir='ltr'>unacum</span> <span class='ocrx_word' id='word_1_561' title='bbox 1800 3542 1855 3614; x_wconf 89' lang='lat' dir='ltr'>syl·</span> 
     </span>
     <span class='ocr_line' id='line_1_39' title="bbox 153 3624 1856 3703; baseline 0.004 -24"><span class='ocrx_word' id='word_1_562' title='bbox 153 3624 235 3691; x_wconf 82' lang='lat' dir='ltr'>Quod</span> <span class='ocrx_word' id='word_1_563' title='bbox 266 3625 366 3685; x_wconf 75' lang='lat' dir='ltr'>attan</span> <span class='ocrx_word' id='word_1_564' title='bbox 389 3626 569 3698; x_wconf 89' lang='lat' dir='ltr'>rejectionem</span> <span class='ocrx_word' id='word_1_565' title='bbox 586 3631 670 3685; x_wconf 84' lang='lat' dir='ltr'>trium</span> <span class='ocrx_word' id='word_1_566' title='bbox 686 3629 874 3703; x_wconf 72' lang='lat' dir='ltr'>hypostaseon</span> <span class='ocrx_word' id='word_1_567' title='bbox 892 3634 921 3687; x_wconf 90' lang='lat' dir='ltr'>in</span> <span class='ocrx_word' id='word_1_568' title='bbox 939 3634 992 3690; x_wconf 95' lang='lat' dir='ltr'>hoc</span> <span class='ocrx_word' id='word_1_569' title='bbox 1018 3628 1090 3687; x_wconf 90' lang='lat' dir='ltr'>labis</span> <span class='ocrx_word' id='word_1_570' title='bbox 1107 3646 1126 3687; x_wconf 88' lang='lat' dir='ltr'>a</span> <span class='ocrx_word' id='word_1_571' title='bbox 1142 3648 1172 3685; x_wconf 89' lang='lat' dir='ltr'>sc</span> <span class='ocrx_word' id='word_1_572' title='bbox 1191 3628 1309 3684; x_wconf 74' lang='lat' dir='ltr'>mairem</span> <span class='ocrx_word' id='word_1_573' title='bbox 1330 3626 1549 3683; x_wconf 80' lang='lat' dir='ltr'>distraherentur</span> <span class='ocrx_word' id='word_1_574' title='bbox 1572 3633 1600 3682; x_wconf 90' lang='lat' dir='ltr'>ct</span> <span class='ocrx_word' id='word_1_575' title='bbox 1616 3626 1856 3699; x_wconf 88' lang='lat' dir='ltr'>abrumperentur,</span> 
     </span>
     <span class='ocr_line' id='line_1_40' title="bbox 116 3709 1856 3791; baseline -0.001 -21"><span class='ocrx_word' id='word_1_576' title='bbox 116 3755 124 3770; x_wconf 93' lang='lat'>.</span> <span class='ocrx_word' id='word_1_577' title='bbox 153 3709 270 3769; x_wconf 88' lang='lat' dir='ltr'>concilio</span> <span class='ocrx_word' id='word_1_578' title='bbox 288 3709 409 3782; x_wconf 75' lang='lat' dir='ltr'>usum,</span> <span class='ocrx_word' id='word_1_579' title='bbox 435 3729 469 3768; x_wconf 87' lang='lat' dir='ltr'>ea</span> <span class='ocrx_word' id='word_1_580' title='bbox 485 3730 541 3769; x_wconf 88' lang='lat' dir='ltr'>non</span> <span class='ocrx_word' id='word_1_581' title='bbox 560 3715 672 3771; x_wconf 87' lang='lat' dir='ltr'>aliunde</span> <span class='ocrx_word' id='word_1_582' title='bbox 690 3716 839 3790; x_wconf 83' lang='lat' dir='ltr'>colligitur,</span> <span class='ocrx_word' id='word_1_583' title='bbox 858 3736 942 3791; x_wconf 80' lang='lat' dir='ltr'>quam</span> <span class='ocrx_word' id='word_1_584' title='bbox 957 3736 991 3775; x_wconf 85' lang='lat' dir='ltr'>ex</span> <span class='ocrx_word' id='word_1_585' title='bbox 1018 3716 1188 3772; x_wconf 86' lang='lat' dir='ltr'>Athanasius</span> <span class='ocrx_word' id='word_1_586' title='bbox 1210 3721 1357 3786; x_wconf 87' lang='lat' dir='ltr'>utramque</span> <span class='ocrx_word' id='word_1_587' title='bbox 1374 3721 1482 3785; x_wconf 86' lang='lat' dir='ltr'>partem</span> <span class='ocrx_word' id='word_1_588' title='bbox 1500 3714 1665 3769; x_wconf 82' lang='lat' dir='ltr'>convocavit</span> <span class='ocrx_word' id='word_1_589' title='bbox 1682 3722 1710 3769; x_wconf 87' lang='lat' dir='ltr'>ct</span> <span class='ocrx_word' id='word_1_590' title='bbox 1728 3732 1792 3769; x_wconf 91' lang='lat' dir='ltr'>cum</span> <span class='ocrx_word' id='word_1_591' title='bbox 1816 3714 1856 3769; x_wconf 81' lang='lat' dir='ltr'>ri·</span> 
     </span>
     <span class='ocr_line' id='line_1_41' title="bbox 152 3796 1857 3871; baseline 0.004 -19"><span class='ocrx_word' id='word_1_592' title='bbox 152 3796 273 3868; x_wconf 85' lang='lat' dir='ltr'>epistola</span> <span class='ocrx_word' id='word_1_593' title='bbox 298 3799 434 3871; x_wconf 86' lang='lat' dir='ltr'>synodica</span> <span class='ocrx_word' id='word_1_594' title='bbox 452 3817 471 3855; x_wconf 86' lang='lat' dir='ltr'>a</span> <span class='ocrx_word' id='word_1_595' title='bbox 488 3800 655 3859; x_wconf 86' lang='lat' dir='ltr'>Theodoret</span> <span class='ocrx_word' id='word_1_596' title='bbox 673 3803 721 3861; x_wconf 88' lang='lat' dir='ltr'>bb.</span> <span class='ocrx_word' id='word_1_597' title='bbox 738 3810 763 3861; x_wconf 86' lang='grc'>2.</span> <span class='ocrx_word' id='word_1_598' title='bbox 784 3804 847 3860; x_wconf 84' lang='lat' dir='ltr'>hist</span> <span class='ocrx_word' id='word_1_599' title='bbox 866 3824 889 3861; x_wconf 91' lang='lat' dir='ltr'>c.</span> <span class='ocrx_word' id='word_1_600' title='bbox 908 3812 932 3861; x_wconf 87' lang='lat'>8.</span> <span class='ocrx_word' id='word_1_601' title='bbox 948 3823 991 3862; x_wconf 87' lang='lat' dir='ltr'>re·</span> <span class='ocrx_word' id='word_1_602' title='bbox 1019 3803 1097 3859; x_wconf 78' lang='lat' dir='ltr'>dmet</span> <span class='ocrx_word' id='word_1_603' title='bbox 1118 3819 1164 3858; x_wconf 87' lang='lat' dir='ltr'>eos</span> <span class='ocrx_word' id='word_1_604' title='bbox 1190 3803 1220 3856; x_wconf 89' lang='lat' dir='ltr'>in</span> <span class='ocrx_word' id='word_1_605' title='bbox 1236 3801 1321 3857; x_wconf 87' lang='lat' dir='ltr'>rebus</span> <span class='ocrx_word' id='word_1_606' title='bbox 1338 3800 1413 3857; x_wconf 89' lang='lat' dir='ltr'>idem</span> <span class='ocrx_word' id='word_1_607' title='bbox 1431 3801 1546 3866; x_wconf 89' lang='lat' dir='ltr'>sentire,</span> <span class='ocrx_word' id='word_1_608' title='bbox 1570 3817 1668 3856; x_wconf 85' lang='lat' dir='ltr'>suasor</span> <span class='ocrx_word' id='word_1_609' title='bbox 1687 3808 1716 3855; x_wconf 88' lang='lat' dir='ltr'>et</span> <span class='ocrx_word' id='word_1_610' title='bbox 1733 3801 1857 3858; x_wconf 84' lang='lat' dir='ltr'>hortator</span> 
     </span>
     <span class='ocr_line' id='line_1_42' title="bbox 152 3883 1857 3964; baseline 0.001 -23"><span class='ocrx_word' id='word_1_611' title='bbox 152 3883 253 3954; x_wconf 80' lang='lat' dir='ltr'>sitan,</span> <span class='ocrx_word' id='word_1_612' title='bbox 278 3884 328 3943; x_wconf 81' lang='lat' dir='ltr'>sed</span> <span class='ocrx_word' id='word_1_613' title='bbox 344 3884 447 3945; x_wconf 70' lang='lat' dir='ltr'>Beron-</span> <span class='ocrx_word' id='word_1_614' title='bbox 469 3904 533 3947; x_wconf 86' lang='lat' dir='ltr'>ann.</span> <span class='ocrx_word' id='word_1_615' title='bbox 559 3893 617 3945; x_wconf 88' lang='grc'><strong>347.</strong></span> <span class='ocrx_word' id='word_1_616' title='bbox 636 3908 663 3945; x_wconf 88' lang='lat' dir='ltr'>n.</span> <span class='ocrx_word' id='word_1_617' title='bbox 682 3896 723 3949; x_wconf 82' lang='grc'>38.</span> <span class='ocrx_word' id='word_1_618' title='bbox 749 3898 777 3949; x_wconf 89' lang='lat' dir='ltr'>et</span> <span class='ocrx_word' id='word_1_619' title='bbox 795 3898 835 3949; x_wconf 89' lang='grc'>41.</span> <span class='ocrx_word' id='word_1_620' title='bbox 854 3898 939 3964; x_wconf 89' lang='lat' dir='ltr'>atque</span> <span class='ocrx_word' id='word_1_621' title='bbox 958 3911 992 3949; x_wconf 77' lang='lat' dir='ltr'>ex</span> <span class='ocrx_word' id='word_1_622' title='bbox 1020 3889 1059 3943; x_wconf 89' lang='lat' dir='ltr'>cis</span> <span class='ocrx_word' id='word_1_623' title='bbox 1086 3888 1203 3956; x_wconf 80' lang='lat' dir='ltr'>exstitit,</span> <span class='ocrx_word' id='word_1_624' title='bbox 1229 3894 1261 3941; x_wconf 91' lang='lat' dir='ltr'>ut</span> <span class='ocrx_word' id='word_1_625' title='bbox 1283 3893 1397 3958; x_wconf 88' lang='lat' dir='ltr'>propter</span> <span class='ocrx_word' id='word_1_626' title='bbox 1415 3886 1592 3943; x_wconf 84' lang='lat' dir='ltr'>concordiam</span> <span class='ocrx_word' id='word_1_627' title='bbox 1614 3887 1644 3941; x_wconf 90' lang='lat' dir='ltr'>in</span> <span class='ocrx_word' id='word_1_628' title='bbox 1666 3887 1756 3943; x_wconf 92' lang='lat' dir='ltr'>modis</span> <span class='ocrx_word' id='word_1_629' title='bbox 1774 3886 1857 3943; x_wconf 70' lang='lat' dir='ltr'>ctiam</span> 
     </span>
     <span class='ocr_line' id='line_1_43' title="bbox 153 3968 1858 4047; baseline 0.001 -20"><span class='ocrx_word' id='word_1_630' title='bbox 153 3987 187 4027; x_wconf 91' lang='lat' dir='ltr'>eo</span> <span class='ocrx_word' id='word_1_631' title='bbox 204 3968 351 4031; x_wconf 71' lang='lat' dir='ltr'>severium</span> <span class='ocrx_word' id='word_1_632' title='bbox 370 3972 468 4031; x_wconf 85' lang='lat' dir='ltr'>Binius</span> <span class='ocrx_word' id='word_1_633' title='bbox 491 3974 520 4029; x_wconf 89' lang='lat' dir='ltr'>in</span> <span class='ocrx_word' id='word_1_634' title='bbox 545 3981 603 4031; x_wconf 88' lang='lat' dir='ltr'>not.</span> <span class='ocrx_word' id='word_1_635' title='bbox 625 3977 664 4035; x_wconf 78' lang='lat' dir='ltr'>ad</span> <span class='ocrx_word' id='word_1_636' title='bbox 685 3994 763 4038; x_wconf 88' lang='lat' dir='ltr'>conc.</span> <span class='ocrx_word' id='word_1_637' title='bbox 785 3978 864 4037; x_wconf 86' lang='lat' dir='ltr'>Sard.</span> <span class='ocrx_word' id='word_1_638' title='bbox 883 3987 947 4035; x_wconf 86' lang='lat' dir='ltr'>tom.</span> <span class='ocrx_word' id='word_1_639' title='bbox 969 3987 992 4038; x_wconf 90' lang='grc'>1.</span> <span class='ocrx_word' id='word_1_640' title='bbox 1018 3975 1150 4047; x_wconf 90' lang='lat' dir='ltr'>loquendi</span> <span class='ocrx_word' id='word_1_641' title='bbox 1186 3974 1377 4040; x_wconf 86' lang='lat' dir='ltr'>convenirent,</span> <span class='ocrx_word' id='word_1_642' title='bbox 1413 3973 1487 4028; x_wconf 89' lang='lat' dir='ltr'>unde</span> <span class='ocrx_word' id='word_1_643' title='bbox 1512 3973 1629 4043; x_wconf 83' lang='lat' dir='ltr'>fectum,</span> <span class='ocrx_word' id='word_1_644' title='bbox 1662 3980 1694 4029; x_wconf 91' lang='lat' dir='ltr'>ut</span> <span class='ocrx_word' id='word_1_645' title='bbox 1725 3973 1858 4046; x_wconf 86' lang='lat' dir='ltr'>deinceps</span> 
     </span>
     <span class='ocr_line' id='line_1_44' title="bbox 152 4054 1857 4137; baseline -0.001 -22"><span class='ocrx_word' id='word_1_646' title='bbox 152 4075 181 4128; x_wconf 89' lang='lat' dir='ltr'>p.</span> <span class='ocrx_word' id='word_1_647' title='bbox 200 4063 260 4115; x_wconf 87' lang='grc'><strong>447.</strong></span> <span class='ocrx_word' id='word_1_648' title='bbox 279 4057 463 4130; x_wconf 83' lang='lat' dir='ltr'>appendicem</span> <span class='ocrx_word' id='word_1_649' title='bbox 482 4061 615 4137; x_wconf 83' lang='lat' dir='ltr'>epistolae</span> <span class='ocrx_word' id='word_1_650' title='bbox 633 4064 784 4134; x_wconf 88' lang='lat' dir='ltr'>synodicae</span> <span class='ocrx_word' id='word_1_651' title='bbox 795 4065 944 4136; x_wconf 84' lang='lat' dir='ltr'>adjectam,</span> <span class='ocrx_word' id='word_1_652' title='bbox 963 4067 993 4122; x_wconf 90' lang='lat' dir='ltr'>in</span> <span class='ocrx_word' id='word_1_653' title='bbox 1019 4062 1121 4119; x_wconf 86' lang='lat' dir='ltr'>Gracci</span> <span class='ocrx_word' id='word_1_654' title='bbox 1145 4077 1196 4132; x_wconf 93' lang='lat' dir='ltr'>pro</span> <span class='ocrx_word' id='word_1_655' title='bbox 1218 4058 1362 4132; x_wconf 84' lang='lat' dir='ltr'>hypostasi</span> <span class='ocrx_word' id='word_1_656' title='bbox 1378 4066 1544 4130; x_wconf 87' lang='lat' dir='ltr'>usurparent</span> <span class='ocrx_word' id='word_1_657' title='bbox 1560 4060 1727 4116; x_wconf 81' lang='lat' dir='ltr'>vocabulum</span> <span class='ocrx_word' id='word_1_658' title='bbox 1749 4054 1857 4134; x_wconf 78' lang='lat' dir='ltr'>spaosi-</span> 
     </span>
     <span class='ocr_line' id='line_1_45' title="bbox 153 4142 1857 4224; baseline 0.001 -27"><span class='ocrx_word' id='word_1_659' title='bbox 153 4159 211 4215; x_wconf 83' lang='lat' dir='ltr'>qua</span> <span class='ocrx_word' id='word_1_660' title='bbox 234 4142 284 4209; x_wconf 81' lang='lat' dir='ltr'>illa,</span> <span class='ocrx_word' id='word_1_661' title='bbox 304 4143 389 4203; x_wconf 86' lang='lat' dir='ltr'>trium</span> <span class='ocrx_word' id='word_1_662' title='bbox 408 4143 591 4203; x_wconf 73' lang='lat' dir='ltr'>incessissent</span> <span class='ocrx_word' id='word_1_663' title='bbox 613 4148 728 4219; x_wconf 86' lang='lat' dir='ltr'>rejectio</span> <span class='ocrx_word' id='word_1_664' title='bbox 750 4157 854 4221; x_wconf 82' lang='lat' dir='ltr'>exstat,</span> <span class='ocrx_word' id='word_1_665' title='bbox 881 4153 992 4224; x_wconf 79' lang='lat' dir='ltr'>virgula</span> <span class='ocrx_word' id='word_1_666' title='bbox 1019 4170 1088 4214; x_wconf 84' lang='grc' dir='ltr'><strong><em>που,</em></strong></span> <span class='ocrx_word' id='word_1_667' title='bbox 1114 4153 1142 4203; x_wconf 88' lang='lat' dir='ltr'>et</span> <span class='ocrx_word' id='word_1_668' title='bbox 1159 4145 1253 4203; x_wconf 81' lang='lat' dir='ltr'>Latim</span> <span class='ocrx_word' id='word_1_669' title='bbox 1277 4161 1328 4216; x_wconf 92' lang='lat' dir='ltr'>pro</span> <span class='ocrx_word' id='word_1_670' title='bbox 1347 4162 1475 4216; x_wconf 83' lang='lat' dir='ltr'>persona</span> <span class='ocrx_word' id='word_1_671' title='bbox 1498 4145 1584 4201; x_wconf 88' lang='lat' dir='ltr'>etiam</span> <span class='ocrx_word' id='word_1_672' title='bbox 1601 4144 1765 4216; x_wconf 89' lang='lat' dir='ltr'>hypostasin</span> <span class='ocrx_word' id='word_1_673' title='bbox 1784 4144 1857 4200; x_wconf 91' lang='lat' dir='ltr'>dice·</span> 
     </span>
     <span class='ocr_line' id='line_1_46' title="bbox 152 4212 1905 4301; baseline 0 -18"><span class='ocrx_word' id='word_1_674' title='bbox 152 4228 279 4284; x_wconf 87' lang='lat' dir='ltr'>censoria</span> <span class='ocrx_word' id='word_1_675' title='bbox 296 4235 403 4298; x_wconf 88' lang='lat' dir='ltr'>notant,</span> <span class='ocrx_word' id='word_1_676' title='bbox 423 4247 486 4285; x_wconf 88' lang='lat' dir='ltr'>cum</span> <span class='ocrx_word' id='word_1_677' title='bbox 496 4212 630 4288; x_wconf 70' lang='lat' dir='ltr'>Ursacius</span> <span class='ocrx_word' id='word_1_678' title='bbox 647 4239 676 4291; x_wconf 91' lang='lat' dir='ltr'>et</span> <span class='ocrx_word' id='word_1_679' title='bbox 692 4234 797 4293; x_wconf 84' lang='lat' dir='ltr'>Valens</span> <span class='ocrx_word' id='word_1_680' title='bbox 815 4237 993 4297; x_wconf 74' lang='lat' dir='ltr'>sabellianae</span> <span class='ocrx_word' id='word_1_681' title='bbox 1017 4241 1087 4291; x_wconf 86' lang='lat' dir='ltr'>rent</span> <span class='ocrx_word' id='word_1_682' title='bbox 1119 4240 1144 4289; x_wconf 87' lang='grc'>4.</span> <span class='ocrx_word' id='word_1_683' title='bbox 1170 4233 1302 4291; x_wconf 75' lang='lat' dir='ltr'>Socrates</span> <span class='ocrx_word' id='word_1_684' title='bbox 1326 4230 1375 4287; x_wconf 89' lang='lat' dir='ltr'>lib.</span> <span class='ocrx_word' id='word_1_685' title='bbox 1402 4235 1426 4287; x_wconf 85' lang='grc'>3,</span> <span class='ocrx_word' id='word_1_686' title='bbox 1449 4247 1473 4285; x_wconf 84' lang='grc' dir='ltr'>ο.</span> <span class='ocrx_word' id='word_1_687' title='bbox 1498 4238 1521 4285; x_wconf 82' lang='grc'>6.</span> <span class='ocrx_word' id='word_1_688' title='bbox 1547 4237 1575 4286; x_wconf 87' lang='lat' dir='ltr'>et</span> <span class='ocrx_word' id='word_1_689' title='bbox 1597 4230 1712 4301; x_wconf 86' lang='lat' dir='ltr'>Nicepb.</span> <span class='ocrx_word' id='word_1_690' title='bbox 1739 4230 1786 4285; x_wconf 92' lang='lat' dir='ltr'>lib.</span> <span class='ocrx_word' id='word_1_691' title='bbox 1817 4237 1856 4287; x_wconf 86' lang='lat'>10.</span> <span class='ocrx_word' id='word_1_692' title='bbox 1903 4279 1905 4283; x_wconf 89' lang='lat'>.</span> 
     </span>
     <span class='ocr_line' id='line_1_47' title="bbox 152 4315 1858 4395; baseline -0.002 -25"><span class='ocrx_word' id='word_1_693' title='bbox 152 4315 299 4377; x_wconf 76' lang='grc' dir='ltr'><strong><em>Ιοοοσοοθοο</em></strong></span> <span class='ocrx_word' id='word_1_694' title='bbox 331 4315 429 4373; x_wconf 84' lang='lat' dir='ltr'>affines</span> <span class='ocrx_word' id='word_1_695' title='bbox 458 4316 489 4377; x_wconf 80' lang='lat' dir='ltr'>in</span> <span class='ocrx_word' id='word_1_696' title='bbox 516 4333 551 4377; x_wconf 83' lang='lat' dir='ltr'>ee</span> <span class='ocrx_word' id='word_1_697' title='bbox 578 4324 752 4390; x_wconf 79' lang='lat' dir='ltr'>statuentur,</span> <span class='ocrx_word' id='word_1_698' title='bbox 783 4340 852 4395; x_wconf 86' lang='lat' dir='ltr'>quos</span> <span class='ocrx_word' id='word_1_699' title='bbox 883 4332 992 4381; x_wconf 86' lang='lat' dir='ltr'>constat</span> <span class='ocrx_word' id='word_1_700' title='bbox 1017 4339 1041 4376; x_wconf 90' lang='lat' dir='ltr'>c.</span> <span class='ocrx_word' id='word_1_701' title='bbox 1069 4326 1108 4376; x_wconf 85' lang='lat'>15.</span> <span class='ocrx_word' id='word_1_702' title='bbox 1135 4318 1231 4374; x_wconf 90' lang='lat' dir='ltr'>dicunt</span> <span class='ocrx_word' id='word_1_703' title='bbox 1251 4335 1347 4374; x_wconf 89' lang='lat' dir='ltr'>vocem</span> <span class='ocrx_word' id='word_1_704' title='bbox 1365 4315 1542 4378; x_wconf 76' lang='grc' dir='ltr'><strong><em>ὑποστάσεως</em></strong></span> <span class='ocrx_word' id='word_1_705' title='bbox 1565 4334 1624 4371; x_wconf 79' lang='lat' dir='ltr'>aare</span> <span class='ocrx_word' id='word_1_706' title='bbox 1650 4316 1802 4369; x_wconf 82' lang='lat' dir='ltr'>barbaram</span> <span class='ocrx_word' id='word_1_707' title='bbox 1829 4324 1858 4373; x_wconf 87' lang='lat' dir='ltr'>et</span> 
     </span>
     <span class='ocr_line' id='line_1_48' title="bbox 151 4401 1856 4481; baseline -0.006 -15"><span class='ocrx_word' id='word_1_708' title='bbox 151 4401 260 4459; x_wconf 65' lang='lat' dir='ltr'>Arima</span> <span class='ocrx_word' id='word_1_709' title='bbox 278 4402 385 4465; x_wconf 72' lang='lat' dir='ltr'>haeresi</span> <span class='ocrx_word' id='word_1_710' title='bbox 404 4403 521 4463; x_wconf 80' lang='lat' dir='ltr'>iniectos</span> <span class='ocrx_word' id='word_1_711' title='bbox 537 4405 639 4476; x_wconf 61' lang='lat' dir='ltr'>tussa</span> <span class='ocrx_word' id='word_1_712' title='bbox 657 4424 776 4481; x_wconf 85' lang='lat' dir='ltr'>eumque</span> <span class='ocrx_word' id='word_1_713' title='bbox 795 4426 828 4465; x_wconf 85' lang='lat' dir='ltr'>er</span> <span class='ocrx_word' id='word_1_714' title='bbox 843 4409 992 4467; x_wconf 83' lang='lat' dir='ltr'>Athanasii</span> <span class='ocrx_word' id='word_1_715' title='bbox 1016 4405 1188 4478; x_wconf 89' lang='lat' dir='ltr'>philosophis</span> <span class='ocrx_word' id='word_1_716' title='bbox 1200 4420 1290 4475; x_wconf 86' lang='lat' dir='ltr'>paene</span> <span class='ocrx_word' id='word_1_717' title='bbox 1307 4404 1486 4476; x_wconf 79' lang='lat' dir='ltr'>incognitam,</span> <span class='ocrx_word' id='word_1_718' title='bbox 1504 4402 1690 4475; x_wconf 87' lang='lat' dir='ltr'>Nicephorum</span> <span class='ocrx_word' id='word_1_719' title='bbox 1708 4401 1792 4457; x_wconf 88' lang='lat' dir='ltr'>etiam</span> <span class='ocrx_word' id='word_1_720' title='bbox 1807 4422 1856 4457; x_wconf 85' lang='lat' dir='ltr'>na-</span> 
     </span>
     <span class='ocr_line' id='line_1_49' title="bbox 151 4487 1858 4563; baseline -0.003 -16"><span class='ocrx_word' id='word_1_721' title='bbox 151 4487 271 4560; x_wconf 80' lang='lat' dir='ltr'>epittole</span> <span class='ocrx_word' id='word_1_722' title='bbox 293 4506 326 4549; x_wconf 84' lang='lat' dir='ltr'>er</span> <span class='ocrx_word' id='word_1_723' title='bbox 348 4489 455 4563; x_wconf 88' lang='lat' dir='ltr'>synodo</span> <span class='ocrx_word' id='word_1_724' title='bbox 471 4490 623 4553; x_wconf 50' lang='lat' dir='ltr'>Alexan&amp;</span> <span class='ocrx_word' id='word_1_725' title='bbox 648 4494 990 4557; x_wconf 72' lang='lat' dir='ltr'>adEuseb.etLuais01,</span> <span class='ocrx_word' id='word_1_726' title='bbox 1017 4500 1146 4562; x_wconf 79' lang='lat' dir='ltr'>panentu</span> <span class='ocrx_word' id='word_1_727' title='bbox 1164 4489 1289 4561; x_wconf 87' lang='lat' dir='ltr'>appellat</span> <span class='ocrx_word' id='word_1_728' title='bbox 1306 4488 1508 4560; x_wconf 87' lang='lat' dir='ltr'>disputationes</span> <span class='ocrx_word' id='word_1_729' title='bbox 1526 4490 1561 4544; x_wconf 90' lang='lat' dir='ltr'>dc</span> <span class='ocrx_word' id='word_1_730' title='bbox 1572 4488 1748 4544; x_wconf 89' lang='lat' dir='ltr'>distinctione</span> <span class='ocrx_word' id='word_1_731' title='bbox 1760 4489 1858 4550; x_wconf 79' lang='grc' dir='ltr'><strong><em>οὐσίας</em></strong></span> 
     </span>
     <span class='ocr_line' id='line_1_50' title="bbox 149 4574 1855 4661; baseline -0.002 -29"><span class='ocrx_word' id='word_1_732' title='bbox 149 4581 261 4632; x_wconf 73' lang='lat' dir='ltr'>conset</span> <span class='ocrx_word' id='word_1_733' title='bbox 284 4576 314 4635; x_wconf 89' lang='lat' dir='ltr'>in</span> <span class='ocrx_word' id='word_1_734' title='bbox 331 4575 489 4637; x_wconf 75' lang='lat' dir='ltr'>sardicensi</span> <span class='ocrx_word' id='word_1_735' title='bbox 514 4579 633 4639; x_wconf 88' lang='lat' dir='ltr'>concilio</span> <span class='ocrx_word' id='word_1_736' title='bbox 658 4581 765 4639; x_wconf 70' lang='lat' dir='ltr'>ncillam</span> <span class='ocrx_word' id='word_1_737' title='bbox 786 4600 899 4653; x_wconf 86' lang='lat' dir='ltr'>prorsus</span> <span class='ocrx_word' id='word_1_738' title='bbox 924 4583 990 4641; x_wconf 88' lang='lat' dir='ltr'>fidei</span> <span class='ocrx_word' id='word_1_739' title='bbox 1018 4587 1046 4637; x_wconf 86' lang='lat' dir='ltr'>et</span> <span class='ocrx_word' id='word_1_740' title='bbox 1067 4577 1249 4661; x_wconf 76' lang='grc' dir='ltr'><strong><em>ὑποστάσεως.</em></strong></span> <span class='ocrx_word' id='word_1_741' title='bbox 1299 4574 1354 4631; x_wconf 87' lang='lat' dir='ltr'>Sed</span> <span class='ocrx_word' id='word_1_742' title='bbox 1373 4593 1388 4631; x_wconf 91' lang='lat' dir='ltr'>c</span> <span class='ocrx_word' id='word_1_743' title='bbox 1407 4575 1505 4645; x_wconf 75' lang='lat' dir='ltr'>saona,</span> <span class='ocrx_word' id='word_1_744' title='bbox 1534 4575 1729 4631; x_wconf 87' lang='lat' dir='ltr'>ecelesiasticis</span> <span class='ocrx_word' id='word_1_745' title='bbox 1748 4582 1776 4631; x_wconf 89' lang='lat' dir='ltr'>et</span> <span class='ocrx_word' id='word_1_746' title='bbox 1793 4592 1855 4646; x_wconf 89' lang='lat' dir='ltr'>pro·</span> 
     </span>
     <span class='ocr_line' id='line_1_51' title="bbox 150 4660 1857 4742; baseline -0.001 -25"><span class='ocrx_word' id='word_1_747' title='bbox 150 4661 279 4735; x_wconf 71' lang='lat' dir='ltr'>reguiam</span> <span class='ocrx_word' id='word_1_748' title='bbox 306 4662 424 4734; x_wconf 84' lang='lat' dir='ltr'>editam,</span> <span class='ocrx_word' id='word_1_749' title='bbox 451 4680 504 4725; x_wconf 89' lang='lat' dir='ltr'>nec</span> <span class='ocrx_word' id='word_1_750' title='bbox 530 4666 651 4741; x_wconf 85' lang='lat' dir='ltr'>priorem</span> <span class='ocrx_word' id='word_1_751' title='bbox 677 4667 812 4727; x_wconf 85' lang='lat' dir='ltr'>Nicenam</span> <span class='ocrx_word' id='word_1_752' title='bbox 841 4670 886 4727; x_wconf 85' lang='lat' dir='ltr'>vel</span> <span class='ocrx_word' id='word_1_753' title='bbox 910 4671 991 4742; x_wconf 87' lang='lat' dir='ltr'>apice</span> <span class='ocrx_word' id='word_1_754' title='bbox 1007 4665 1090 4735; x_wconf 53' lang='lat' dir='ltr'>¹fanis</span> <span class='ocrx_word' id='word_1_755' title='bbox 1116 4661 1298 4735; x_wconf 84' lang='lat' dir='ltr'>scriptoribus</span> <span class='ocrx_word' id='word_1_756' title='bbox 1325 4661 1494 4717; x_wconf 89' lang='lat' dir='ltr'>contrarium</span> <span class='ocrx_word' id='word_1_757' title='bbox 1516 4660 1593 4717; x_wconf 82' lang='lat' dir='ltr'>facili</span> <span class='ocrx_word' id='word_1_758' title='bbox 1617 4662 1729 4732; x_wconf 81' lang='lat' dir='ltr'>negotio</span> <span class='ocrx_word' id='word_1_759' title='bbox 1746 4661 1857 4717; x_wconf 88' lang='lat' dir='ltr'>demon-</span> 
     </span>
     <span class='ocr_line' id='line_1_52' title="bbox 149 4746 1856 4823; baseline -0.002 -18"><span class='ocrx_word' id='word_1_760' title='bbox 149 4747 240 4805; x_wconf 81' lang='lat' dir='ltr'>fuisee</span> <span class='ocrx_word' id='word_1_761' title='bbox 257 4761 374 4811; x_wconf 66' lang='lat' dir='ltr'>auctum.</span> <span class='ocrx_word' id='word_1_762' title='bbox 392 4749 475 4807; x_wconf 86' lang='lat' dir='ltr'>Adde</span> <span class='ocrx_word' id='word_1_763' title='bbox 493 4752 569 4823; x_wconf 83' lang='lat' dir='ltr'>quod</span> <span class='ocrx_word' id='word_1_764' title='bbox 588 4751 766 4814; x_wconf 69' lang='grc' dir='ltr'><strong><em>ὑποστάσεως</em></strong></span> <span class='ocrx_word' id='word_1_765' title='bbox 783 4755 893 4813; x_wconf 86' lang='lat' dir='ltr'>nomine</span> <span class='ocrx_word' id='word_1_766' title='bbox 910 4765 990 4813; x_wconf 90' lang='lat' dir='ltr'>utan-</span> <span class='ocrx_word' id='word_1_767' title='bbox 1017 4752 1099 4809; x_wconf 81' lang='lat' dir='ltr'>strati</span> <span class='ocrx_word' id='word_1_768' title='bbox 1114 4756 1215 4823; x_wconf 88' lang='lat' dir='ltr'>potest.</span> <span class='ocrx_word' id='word_1_769' title='bbox 1250 4752 1276 4821; x_wconf 66' lang='lat' dir='ltr'>t„</span> <span class='ocrx_word' id='word_1_770' title='bbox 1296 4748 1391 4804; x_wconf 84' lang='lat' dir='ltr'>Nical.</span> <span class='ocrx_word' id='word_1_771' title='bbox 1412 4748 1539 4803; x_wconf 86' lang='lat' dir='ltr'>Taarcll.</span> <span class='ocrx_word' id='word_1_772' title='bbox 1558 4747 1588 4801; x_wconf 92' lang='lat' dir='ltr'>in</span> <span class='ocrx_word' id='word_1_773' title='bbox 1605 4747 1719 4818; x_wconf 89' lang='lat' dir='ltr'>synopsi</span> <span class='ocrx_word' id='word_1_774' title='bbox 1736 4746 1856 4818; x_wconf 84' lang='lat' dir='ltr'>metaph</span> 
     </span>
     <span class='ocr_line' id='line_1_53' title="bbox 149 4833 1858 4923; baseline -0.002 -31"><span class='ocrx_word' id='word_1_775' title='bbox 149 4844 198 4892; x_wconf 89' lang='lat' dir='ltr'>tur</span> <span class='ocrx_word' id='word_1_776' title='bbox 219 4853 271 4908; x_wconf 91' lang='lat' dir='ltr'>pro</span> <span class='ocrx_word' id='word_1_777' title='bbox 295 4833 393 4905; x_wconf 75' lang='lat' dir='ltr'>odota,</span> <span class='ocrx_word' id='word_1_778' title='bbox 423 4835 520 4891; x_wconf 87' lang='lat' dir='ltr'>dicunt</span> <span class='ocrx_word' id='word_1_779' title='bbox 546 4837 618 4893; x_wconf 90' lang='lat' dir='ltr'>enim</span> <span class='ocrx_word' id='word_1_780' title='bbox 637 4856 667 4894; x_wconf 90' lang='lat' dir='ltr'>se</span> <span class='ocrx_word' id='word_1_781' title='bbox 685 4839 810 4897; x_wconf 85' lang='lat' dir='ltr'>confiteri</span> <span class='ocrx_word' id='word_1_782' title='bbox 827 4848 900 4913; x_wconf 81' lang='grc' dir='ltr'><strong><em>μίαν</em></strong></span> <span class='ocrx_word' id='word_1_783' title='bbox 925 4842 1045 4923; x_wconf 70' lang='lat' dir='ltr'>int-,p</span> <span class='ocrx_word' id='word_1_784' title='bbox 1066 4844 1121 4894; x_wconf 88' lang='lat'>101.</span> <span class='ocrx_word' id='word_1_785' title='bbox 1143 4835 1282 4906; x_wconf 83' lang='lat' dir='ltr'>disputat,</span> <span class='ocrx_word' id='word_1_786' title='bbox 1307 4852 1447 4907; x_wconf 74' lang='lat' dir='ltr'>patenas</span> <span class='ocrx_word' id='word_1_787' title='bbox 1466 4833 1603 4889; x_wconf 80' lang='lat' dir='ltr'>trinitatis</span> <span class='ocrx_word' id='word_1_788' title='bbox 1622 4851 1679 4886; x_wconf 85' lang='lat' dir='ltr'>non</span> <span class='ocrx_word' id='word_1_789' title='bbox 1692 4850 1778 4902; x_wconf 83' lang='lat' dir='ltr'>posse</span> <span class='ocrx_word' id='word_1_790' title='bbox 1797 4833 1858 4888; x_wconf 80' lang='lat' dir='ltr'>dici</span> 
     </span>
     <span class='ocr_line' id='line_1_54' title="bbox 151 4917 1856 4997; baseline -0.001 -22"><span class='ocrx_word' id='word_1_791' title='bbox 151 4938 267 4990; x_wconf 80' lang='grc' dir='ltr'><strong><em>στσσιυ,</em></strong></span> <span class='ocrx_word' id='word_1_792' title='bbox 285 4919 320 4990; x_wconf 75' lang='grc' dir='ltr'>ἣν</span> <span class='ocrx_word' id='word_1_793' title='bbox 337 4924 366 4976; x_wconf 83' lang='lat' dir='ltr'>oi</span> <span class='ocrx_word' id='word_1_794' title='bbox 390 4924 520 4993; x_wconf 81' lang='lat' dir='ltr'>ntpsrssoi</span> <span class='ocrx_word' id='word_1_795' title='bbox 547 4921 648 4981; x_wconf 75' lang='grc' dir='ltr'><strong><em>οὐσίαν</em></strong></span> <span class='ocrx_word' id='word_1_796' title='bbox 673 4925 916 4997; x_wconf 71' lang='grc' dir='ltr'><strong><em>προσαγορεύουσι</em></strong></span> <span class='ocrx_word' id='word_1_797' title='bbox 942 4932 992 4984; x_wconf 77' lang='grc' dir='ltr'><strong><em>τοῦ</em></strong></span> <span class='ocrx_word' id='word_1_798' title='bbox 1017 4926 1187 4994; x_wconf 75' lang='lat' dir='ltr'>hypostases.</span> <span class='ocrx_word' id='word_1_799' title='bbox 1224 4924 1250 4975; x_wconf 81' lang='grc' dir='ltr'>ά.</span> <span class='ocrx_word' id='word_1_800' title='bbox 1273 4919 1485 4974; x_wconf 82' lang='lat' dir='ltr'>Antitrs&#39;nt&#39;tart&#39;s&#39;</span> <span class='ocrx_word' id='word_1_801' title='bbox 1502 4927 1534 4973; x_wconf 92' lang='lat' dir='ltr'>ut</span> <span class='ocrx_word' id='word_1_802' title='bbox 1552 4917 1705 4992; x_wconf 79' lang='grc' dir='ltr'><strong><em>ὁμοοὺσιου</em></strong></span> <span class='ocrx_word' id='word_1_803' title='bbox 1731 4919 1770 4973; x_wconf 77' lang='lat' dir='ltr'>ita</span> <span class='ocrx_word' id='word_1_804' title='bbox 1788 4935 1856 4990; x_wconf 88' lang='lat' dir='ltr'>quo·</span> 
     </span>
     <span class='ocr_line' id='line_1_55' title="bbox 151 5005 1567 5086; baseline -0.003 -24"><span class='ocrx_word' id='word_1_805' title='bbox 151 5008 257 5081; x_wconf 79' lang='grc' dir='ltr'><strong><em>πατρὸς</em></strong></span> <span class='ocrx_word' id='word_1_806' title='bbox 292 5012 341 5067; x_wconf 72' lang='grc' dir='ltr'>καὶ</span> <span class='ocrx_word' id='word_1_807' title='bbox 372 5011 423 5062; x_wconf 88' lang='grc' dir='ltr'><strong><em>τοῦ</em></strong></span> <span class='ocrx_word' id='word_1_808' title='bbox 452 5009 515 5062; x_wconf 79' lang='lat' dir='ltr'>olori</span> <span class='ocrx_word' id='word_1_809' title='bbox 552 5014 600 5064; x_wconf 75' lang='lat' dir='ltr'>sai</span> <span class='ocrx_word' id='word_1_810' title='bbox 628 5013 676 5065; x_wconf 83' lang='grc' dir='ltr'><strong><em>τοῦ</em></strong></span> <span class='ocrx_word' id='word_1_811' title='bbox 712 5011 869 5086; x_wconf 78' lang='grc' dir='ltr'><strong><em>πνεύματος</em></strong></span> <span class='ocrx_word' id='word_1_812' title='bbox 899 5013 991 5084; x_wconf 76' lang='grc' dir='ltr'><strong><em>ἁγίου.</em></strong></span> <span class='ocrx_word' id='word_1_813' title='bbox 1019 5027 1073 5082; x_wconf 91' lang='lat' dir='ltr'>que</span> <span class='ocrx_word' id='word_1_814' title='bbox 1094 5005 1270 5068; x_wconf 85' lang='grc' dir='ltr'><strong><em>ὑποστάσεως</em></strong></span> <span class='ocrx_word' id='word_1_815' title='bbox 1291 5023 1391 5061; x_wconf 88' lang='lat' dir='ltr'>nomen</span> <span class='ocrx_word' id='word_1_816' title='bbox 1409 5005 1567 5075; x_wconf 85' lang='lat' dir='ltr'>repudiant.</span> 
     </span>
     <span class='ocr_line' id='line_1_56' title="bbox 151 5080 1916 5177; baseline -0.005 -22"><span class='ocrx_word' id='word_1_817' title='bbox 151 5101 177 5152; x_wconf 78' lang='lat'>2·</span> <span class='ocrx_word' id='word_1_818' title='bbox 204 5094 367 5166; x_wconf 79' lang='lat' dir='ltr'>Hieronym·</span> <span class='ocrx_word' id='word_1_819' title='bbox 395 5103 461 5150; x_wconf 78' lang='lat' dir='ltr'>tom·</span> <span class='ocrx_word' id='word_1_820' title='bbox 488 5100 512 5151; x_wconf 83' lang='grc'>2.</span> <span class='ocrx_word' id='word_1_821' title='bbox 543 5096 572 5150; x_wconf 83' lang='lat' dir='ltr'>in</span> <span class='ocrx_word' id='word_1_822' title='bbox 601 5096 680 5167; x_wconf 65' lang='lat' dir='ltr'>epist</span> <span class='ocrx_word' id='word_1_823' title='bbox 710 5104 750 5174; x_wconf 67' lang='lat' dir='ltr'>bi.</span> <span class='ocrx_word' id='word_1_824' title='bbox 776 5099 812 5153; x_wconf 82' lang='lat' dir='ltr'>ud</span> <span class='ocrx_word' id='word_1_825' title='bbox 836 5080 1006 5177; x_wconf 76' lang='lat' dir='ltr'>Damasum]</span> <span class='ocrx_word' id='word_1_826' title='bbox 1054 5102 1094 5151; x_wconf 83' lang='lat'>59.</span> <span class='ocrx_word' id='word_1_827' title='bbox 1115 5102 1139 5150; x_wconf 84' lang='lat' dir='ltr'>t.</span> <span class='ocrx_word' id='word_1_828' title='bbox 1155 5093 1290 5164; x_wconf 78' lang='grc' dir='ltr'><strong><em>Ὓπαρξις</em></strong></span> <span class='ocrx_word' id='word_1_829' title='bbox 1307 5089 1363 5145; x_wconf 83' lang='grc' dir='ltr'>ὑπὸ</span> <span class='ocrx_word' id='word_1_830' title='bbox 1382 5094 1431 5145; x_wconf 84' lang='grc' dir='ltr'><strong><em>τοῦ</em></strong></span> <span class='ocrx_word' id='word_1_831' title='bbox 1450 5083 1585 5160; x_wconf 69' lang='grc' dir='ltr'><strong><em>ὑπάρχειν</em></strong></span> <span class='ocrx_word' id='word_1_832' title='bbox 1604 5091 1721 5145; x_wconf 88' lang='lat' dir='ltr'>idemin</span> <span class='ocrx_word' id='word_1_833' title='bbox 1732 5090 1916 5177; x_wconf 54' lang='lat' dir='ltr'>houm-gos</span> 
     </span>
     <span class='ocr_line' id='line_1_57' title="bbox 150 5163 1989 5265; baseline -0.004 -27"><span class='ocrx_word' id='word_1_834' title='bbox 150 5200 178 5254; x_wconf 89' lang='lat' dir='ltr'>p.</span> <span class='ocrx_word' id='word_1_835' title='bbox 202 5186 260 5239; x_wconf 83' lang='lat'>1³1.</span> <span class='ocrx_word' id='word_1_836' title='bbox 278 5180 343 5237; x_wconf 86' lang='lat' dir='ltr'>edit</span> <span class='ocrx_word' id='word_1_837' title='bbox 360 5181 426 5241; x_wconf 75' lang='lat' dir='ltr'>Bas.</span> <span class='ocrx_word' id='word_1_838' title='bbox 447 5198 510 5243; x_wconf 87' lang='lat' dir='ltr'>ann.</span> <span class='ocrx_word' id='word_1_839' title='bbox 531 5187 572 5237; x_wconf 86' lang='lat'>53.</span> <span class='ocrx_word' id='word_1_840' title='bbox 591 5183 690 5239; x_wconf 82' lang='lat' dir='ltr'>veneni</span> <span class='ocrx_word' id='word_1_841' title='bbox 706 5183 820 5253; x_wconf 78' lang='lat' dir='ltr'>aliquid</span> <span class='ocrx_word' id='word_1_842' title='bbox 836 5185 923 5242; x_wconf 85' lang='lat' dir='ltr'>latere</span> <span class='ocrx_word' id='word_1_843' title='bbox 936 5183 1100 5265; x_wconf 68' lang='lat' dir='ltr'>pis-,sterio</span> <span class='ocrx_word' id='word_1_844' title='bbox 1119 5187 1161 5235; x_wconf 88' lang='lat' dir='ltr'>est</span> <span class='ocrx_word' id='word_1_845' title='bbox 1179 5181 1253 5251; x_wconf 91' lang='lat' dir='ltr'>quod</span> <span class='ocrx_word' id='word_1_846' title='bbox 1280 5177 1435 5238; x_wconf 81' lang='grc' dir='ltr'><strong><em>ὑπόστασις.</em></strong></span> <span class='ocrx_word' id='word_1_847' title='bbox 1470 5176 1516 5232; x_wconf 88' lang='lat' dir='ltr'>Sic</span> <span class='ocrx_word' id='word_1_848' title='bbox 1534 5176 1637 5233; x_wconf 82' lang='lat' dir='ltr'>Justin.</span> <span class='ocrx_word' id='word_1_849' title='bbox 1655 5178 1685 5231; x_wconf 92' lang='lat' dir='ltr'>in</span> <span class='ocrx_word' id='word_1_850' title='bbox 1702 5179 1762 5232; x_wconf 70' lang='lat' dir='ltr'>ixit.</span> <span class='ocrx_word' id='word_1_851' title='bbox 1779 5163 1989 5232; x_wconf 63' lang='lat' dir='ltr'>asoavns‘if‘f·</span> 
     </span>
     <span class='ocr_line' id='line_1_58' title="bbox 150 5261 1854 5340; baseline -0.002 -17"><span class='ocrx_word' id='word_1_852' title='bbox 150 5267 231 5323; x_wconf 68' lang='lat' dir='ltr'>atat</span> <span class='ocrx_word' id='word_1_853' title='bbox 247 5268 277 5322; x_wconf 84' lang='lat' dir='ltr'>in</span> <span class='ocrx_word' id='word_1_854' title='bbox 294 5285 359 5323; x_wconf 81' lang='lat' dir='ltr'>vace</span> <span class='ocrx_word' id='word_1_855' title='bbox 379 5265 562 5328; x_wconf 79' lang='grc' dir='ltr'><strong><em>ὑποστάσεως.</em></strong></span> <span class='ocrx_word' id='word_1_856' title='bbox 589 5267 744 5339; x_wconf 80' lang='lat' dir='ltr'>Epistoham</span> <span class='ocrx_word' id='word_1_857' title='bbox 762 5269 851 5340; x_wconf 87' lang='lat' dir='ltr'>ipsam</span> <span class='ocrx_word' id='word_1_858' title='bbox 869 5271 908 5327; x_wconf 91' lang='lat' dir='ltr'>sic</span> <span class='ocrx_word' id='word_1_859' title='bbox 928 5268 1088 5329; x_wconf 87' lang='lat' dir='ltr'>con-&#39;dixit</span> <span class='ocrx_word' id='word_1_860' title='bbox 1112 5275 1183 5340; x_wconf 83' lang='grc' dir='ltr'><strong><em>τρεῖς</em></strong></span> <span class='ocrx_word' id='word_1_861' title='bbox 1207 5266 1278 5321; x_wconf 75' lang='lat' dir='ltr'>sisai</span> <span class='ocrx_word' id='word_1_862' title='bbox 1304 5261 1422 5337; x_wconf 74' lang='grc' dir='ltr'><strong><em>τρόπους</em></strong></span> <span class='ocrx_word' id='word_1_863' title='bbox 1447 5262 1595 5335; x_wconf 83' lang='grc' dir='ltr'><strong><em>ὑπάρξεως.</em></strong></span> <span class='ocrx_word' id='word_1_864' title='bbox 1631 5261 1722 5318; x_wconf 86' lang='lat' dir='ltr'>LXX.</span> <span class='ocrx_word' id='word_1_865' title='bbox 1741 5263 1854 5336; x_wconf 90' lang='lat' dir='ltr'>quidem</span> 
     </span>
     <span class='ocr_line' id='line_1_59' title="bbox 150 5349 1854 5447; baseline -0.001 -38"><span class='ocrx_word' id='word_1_866' title='bbox 150 5353 253 5409; x_wconf 88' lang='lat' dir='ltr'>cludit:</span> <span class='ocrx_word' id='word_1_867' title='bbox 282 5355 409 5415; x_wconf 74' lang='lat' dir='ltr'>Ohteetor</span> <span class='ocrx_word' id='word_1_868' title='bbox 431 5353 628 5409; x_wconf 75' lang='lat' dir='ltr'>beatitudinem</span> <span class='ocrx_word' id='word_1_869' title='bbox 654 5363 732 5409; x_wconf 83' lang='lat' dir='ltr'>taam</span> <span class='ocrx_word' id='word_1_870' title='bbox 752 5373 808 5425; x_wconf 88' lang='lat' dir='ltr'>per</span> <span class='ocrx_word' id='word_1_871' title='bbox 831 5356 1069 5447; x_wconf 62' lang='lat' dir='ltr'>cnwiyiaum&#39;boc</span> <span class='ocrx_word' id='word_1_872' title='bbox 1086 5351 1224 5407; x_wconf 82' lang='lat' dir='ltr'>vocabulo</span> <span class='ocrx_word' id='word_1_873' title='bbox 1246 5355 1374 5418; x_wconf 88' lang='lat' dir='ltr'>utuntur,</span> <span class='ocrx_word' id='word_1_874' title='bbox 1403 5350 1527 5405; x_wconf 88' lang='lat' dir='ltr'>sednon</span> <span class='ocrx_word' id='word_1_875' title='bbox 1543 5349 1573 5405; x_wconf 89' lang='lat' dir='ltr'>in</span> <span class='ocrx_word' id='word_1_876' title='bbox 1591 5366 1626 5407; x_wconf 84' lang='lat' dir='ltr'>ea</span> <span class='ocrx_word' id='word_1_877' title='bbox 1642 5349 1854 5437; x_wconf 74' lang='lat' dir='ltr'>significatione,</span> 
     </span>
     <span class='ocr_line' id='line_1_60' title="bbox 152 5436 1851 5515; baseline 0.003 -21"><span class='ocrx_word' id='word_1_878' title='bbox 152 5440 254 5494; x_wconf 82' lang='lat' dir='ltr'>mandi</span> <span class='ocrx_word' id='word_1_879' title='bbox 274 5440 407 5511; x_wconf 69' lang='lat' dir='ltr'>salmam,</span> <span class='ocrx_word' id='word_1_880' title='bbox 428 5457 485 5515; x_wconf 81' lang='lat' dir='ltr'>per</span> <span class='ocrx_word' id='word_1_881' title='bbox 508 5437 663 5514; x_wconf 85' lang='grc' dir='ltr'><strong><em>ὁμοοὺσιου</em></strong></span> <span class='ocrx_word' id='word_1_882' title='bbox 680 5442 848 5506; x_wconf 82' lang='lat' dir='ltr'>trinitatem,</span> <span class='ocrx_word' id='word_1_883' title='bbox 876 5451 906 5498; x_wconf 82' lang='lat' dir='ltr'>at</span> <span class='ocrx_word' id='word_1_884' title='bbox 922 5444 993 5498; x_wconf 79' lang='lat' dir='ltr'>miti</span> <span class='ocrx_word' id='word_1_885' title='bbox 1017 5441 1046 5495; x_wconf 92' lang='lat' dir='ltr'>in</span> <span class='ocrx_word' id='word_1_886' title='bbox 1063 5456 1120 5511; x_wconf 89' lang='lat' dir='ltr'>qua</span> <span class='ocrx_word' id='word_1_887' title='bbox 1137 5437 1190 5493; x_wconf 86' lang='lat' dir='ltr'>boc</span> <span class='ocrx_word' id='word_1_888' title='bbox 1209 5436 1269 5492; x_wconf 93' lang='lat' dir='ltr'>loco</span> <span class='ocrx_word' id='word_1_889' title='bbox 1289 5444 1447 5508; x_wconf 79' lang='lat' dir='ltr'>usurpatm,</span> <span class='ocrx_word' id='word_1_890' title='bbox 1466 5454 1561 5492; x_wconf 65' lang='lat' dir='ltr'>veum</span> <span class='ocrx_word' id='word_1_891' title='bbox 1574 5453 1626 5507; x_wconf 85' lang='lat' dir='ltr'>pre</span> <span class='ocrx_word' id='word_1_892' title='bbox 1646 5442 1707 5509; x_wconf 65' lang='lat' dir='ltr'>ib&#39;b</span> <span class='ocrx_word' id='word_1_893' title='bbox 1722 5440 1851 5512; x_wconf 64' lang='grc'><strong>71474746</strong></span> 
     </span>
     <span class='ocr_line' id='line_1_61' title="bbox 152 5517 1852 5603; baseline -0.003 -22"><span class='ocrx_word' id='word_1_894' title='bbox 152 5526 280 5599; x_wconf 76' lang='lat' dir='ltr'>epistolis</span> <span class='ocrx_word' id='word_1_895' title='bbox 303 5528 358 5589; x_wconf 68' lang='lat' dir='ltr'>turb</span> <span class='ocrx_word' id='word_1_896' title='bbox 380 5528 438 5587; x_wconf 81' lang='lat' dir='ltr'>stre</span> <span class='ocrx_word' id='word_1_897' title='bbox 456 5529 641 5585; x_wconf 80' lang='lat' dir='ltr'>tacendarum</span> <span class='ocrx_word' id='word_1_898' title='bbox 658 5529 715 5591; x_wconf 75' lang='lat' dir='ltr'>sire</span> <span class='ocrx_word' id='word_1_899' title='bbox 740 5528 924 5585; x_wconf 53' lang='lat' dir='ltr'>&amp;rosida-rusa</span> <span class='ocrx_word' id='word_1_900' title='bbox 943 5530 991 5600; x_wconf 79' lang='lat' dir='ltr'>hp·</span> <span class='ocrx_word' id='word_1_901' title='bbox 1016 5517 1089 5603; x_wconf 59' lang='lat'>¹:53]</span> <span class='ocrx_word' id='word_1_902' title='bbox 1106 5544 1165 5601; x_wconf 81' lang='lat' dir='ltr'>pro</span> <span class='ocrx_word' id='word_1_903' title='bbox 1184 5523 1264 5581; x_wconf 58' lang='lat' dir='ltr'>bona</span> <span class='ocrx_word' id='word_1_904' title='bbox 1279 5522 1473 5592; x_wconf 73' lang='lat' dir='ltr'>facultatibus,</span> <span class='ocrx_word' id='word_1_905' title='bbox 1498 5520 1657 5578; x_wconf 85' lang='lat' dir='ltr'>divitiarum</span> <span class='ocrx_word' id='word_1_906' title='bbox 1671 5522 1852 5595; x_wconf 84' lang='lat' dir='ltr'>possessione,</span> 
     </span>
    </p>
   </div>
   <div class='ocr_carea' id='block_1_3' title="bbox 0 0 1996 6020">
    <p class='ocr_par' dir='ltr' id='par_1_3' title="bbox 0 0 1996 6020">
     <span class='ocr_line' id='line_1_62' title="bbox 0 0 1996 6020; baseline 0 0"><span class='ocrx_word' id='word_1_907' title='bbox 0 0 1996 6020; x_wconf 95' lang='lat' dir='ltr'> </span> 
     </span>
    </p>
   </div>
  </div>
 </body>
</html>
