3984 6022
621 267 673 322 DE
692 266 868 324 PERSONA
883 265 935 321 ET
953 265 1105 324 OFFICIO
1124 267 1284 325 CHRISTL
1728 280 1792 339 523

89 419 235 492 exprimit,
267 419 301 474 de
332 437 387 491 quo
421 420 531 492 proprie
556 421 609 476 hoc
637 422 698 476 loco
725 422 850 492 quaestio
877 427 927 477 est.
942 417 1038 522 lerunt
1055 422 1166 493 proprie
1183 428 1211 476 et
1229 428 1359 479 accurate
1378 423 1708 494 loquendopersonalem
1728 427 1793 483 tin

89 514 115 562 4.
141 507 205 565 Non
234 506 378 578 quaeritur
406 507 435 560 in
463 507 700 577 propositionibus
729 508 931 578 personalibus,
956 509 1047 563 verbis
1066 510 1189 580 proxime
1208 509 1438 587 praecedentibus
1454 511 1575 564 Paracus
1594 512 1699 577 asserit,
1717 516 1794 583 qaod

88 592 162 664 qnid
189 583 245 647 sint
272 599 387 647 naturae
414 594 544 664 singulae
571 600 599 647 et
625 611 661 648 an
686 599 816 649 maneant
835 594 930 648 distin·
959 593 1088 649 Christos
1112 596 1192 649 lonso
1218 597 1337 650 realiter
1363 605 1388 650 et
1415 597 1639 650 substantialiter
1659 600 1697 651 sit
1714 602 1794 654 Dens

90 685 169 749 atae,
199 680 250 735 sed
279 680 417 750 quomodo
444 680 474 735 in
497 686 594 735 mutua
611 680 726 742 unione,
747 681 930 735 communica·
956 698 1010 734 sao
1035 682 1154 750 deitate,
1182 690 1207 735 et
1237 682 1365 736 Christus
1390 683 1529 735 Decessit
1553 684 1671 736 realiter
1689 694 1715 738 et
1732 688 1793 739 sasb-

84 765 168 821 ‘tione
191 783 225 820 ac
250 766 431 838 περτχωρήσετ
449 783 511 822 sese
528 767 655 821 habeant.
691 765 760 821 Esse
778 766 870 822 Deum
890 784 931 821 se·
957 767 1131 820 stantialiter
1157 768 1238 821 homo
1264 786 1317 820 saa
1344 768 1533 835 humanitate,
1564 769 1639 838 quod
1663 771 1793 842 ambigue

92 852 215 906 cundum
234 852 366 908 deitatem
381 854 551 907 naturaliter
562 870 612 907 sea
623 854 810 907 essentialiter
822 853 931 908 Christo
958 851 1068 906 dicitur.
1098 853 1128 909 Si
1146 853 1220 908 enim
1238 853 1364 908 limitatio
1384 855 1438 909 ista
1455 855 1559 909 deitate
1578 874 1638 922 saa,
1656 854 1793 911 referatur

91 936 154 992 Deo
180 939 326 1008 competit,
353 939 419 1010 quia
449 939 485 993 ab
510 944 623 994 aeterno
647 954 681 992 ex
699 938 791 993 Patris
811 940 931 995 essentia
957 938 993 992 ad
1012 938 1169 1008 subjectum
1187 940 1280 1007 homo,
1312 940 1387 1010 quod
1407 940 1487 996 homo
1509 948 1647 996 assumtus
1667 946 1791 996 substan·

91 1023 204 1094 genitus
227 1030 283 1092 est,
313 1041 373 1080 esse
396 1024 535 1079 hominem
555 1026 706 1080 secundum
723 1024 931 1094 humanitatem,
957 1023 1059 1078 tialiter
1077 1042 1127 1078 sua
1145 1024 1248 1080 deitate
1266 1026 1303 1080 sit
1320 1025 1406 1095 Deus,
1426 1027 1617 1096 patrocinatur
1635 1026 1792 1097 Eutycheti,

59 1108 62 1114 “
91 1107 189 1163 itidem
208 1111 393 1164 essentialiter
413 1109 522 1165 Christo
541 1109 645 1165 homini
665 1111 803 1181 competit,
822 1111 887 1182 quia
901 1112 930 1167 in
956 1110 1002 1163 cui
1023 1117 1113 1164 amen
1134 1110 1280 1166 anathema
1298 1112 1344 1181 sit,
1363 1113 1430 1182 quia
1449 1112 1530 1167 homo
1548 1130 1604 1167 non
1623 1119 1716 1184 potest
1734 1129 1792 1168 esse

91 1196 224 1265 temporis
250 1195 424 1266 plenitudine
451 1213 484 1250 ex
509 1194 598 1249 Maria
620 1195 728 1266 virgine
750 1214 832 1252 verus
848 1197 930 1252 homo
956 1195 1033 1250 Deus
1060 1195 1280 1251 substantialiter
1298 1197 1355 1252 sive
1375 1198 1569 1267 essentialiter,
1598 1199 1651 1253 nisi
1677 1205 1792 1253 naturae

90 1285 175 1334 natus
203 1288 252 1337 est
289 1282 330 1335 At
350 1282 462 1352 quando
480 1280 568 1334 Filius
585 1281 704 1335 hominis
724 1281 827 1337 dicitur
841 1283 929 1337 Filius
957 1281 1169 1336 confundantur.
1212 1281 1260 1337 sin
1287 1300 1351 1338 vero
1380 1283 1516 1338 referatur
1541 1285 1578 1339 ad
1603 1285 1792 1356 praedicatum
1851 1310 1859 1328 s

90 1365 160 1434 Dei,
187 1370 254 1421 tunc
279 1382 337 1420 non
359 1367 538 1437 praedicatur
561 1366 648 1421 Filius
665 1367 719 1423 Dei
739 1368 772 1423 de
793 1368 864 1422 Filio
882 1369 929 1425 ho·
959 1369 1051 1433 Dens,
1072 1368 1146 1438 quod
1166 1368 1272 1423 scilicet
1292 1369 1336 1423 hic
1356 1369 1438 1425 homo
1459 1371 1496 1425 sit
1515 1370 1592 1426 Deus
1612 1388 1663 1425 sua
1682 1371 1792 1439 deitate,

91 1452 177 1506 minis
203 1452 399 1517 essentialiter,
430 1452 495 1523 quia
519 1452 607 1506 Filius
633 1452 751 1507 hominis
776 1463 819 1509 cst
842 1455 929 1509 Filius
957 1453 1030 1508 redit
1058 1454 1134 1525 prior
1160 1453 1306 1523 ἀνάλυσις,
1338 1456 1413 1527 qnod
1445 1456 1550 1512 scilicet
1579 1456 1615 1511 sit
1642 1454 1811 1528 propositio*

92 1536 148 1592 Dei
166 1555 223 1592 non
243 1540 444 1607 essentialiter,
468 1539 517 1594 sed
532 1540 739 1608 personaliter,
758 1540 787 1593 id
807 1548 861 1609 est,
880 1559 930 1612 per
956 1538 1089 1604 identioa,
1122 1540 1200 1594 Deus
1228 1546 1271 1595 est
1293 1539 1388 1609 homo,
1424 1541 1452 1595 id
1483 1548 1525 1597 est
1552 1542 1630 1598 Deus
1655 1542 1793 1598 hominem

92 1631 121 1680 et
141 1629 255 1695 propter
273 1625 403 1680 unionem
423 1626 602 1696 personalem.
639 1625 741 1680 Confer
760 1627 831 1697 disp.
850 1635 873 1682 7.
895 1629 929 1683 ds
958 1631 1116 1680 sustentans
1133 1632 1176 1679 est
1193 1625 1278 1680 Deus.
1311 1633 1335 1682 3.
1349 1626 1474 1681 Christus
1492 1628 1573 1683 homo
1592 1634 1634 1684 cst
1650 1629 1728 1684 Deus
1743 1646 1794 1683 sua

86 1710 182 1782 gloria
207 1709 261 1764 Dei
288 1707 315 1784 ξ
343 1715 384 1765 21.
433 1718 456 1766 5.
483 1712 572 1777 Quam
598 1709 756 1773 ἀναλύσεως
784 1712 928 1768 veritatem
957 1709 1060 1765 deitate
1090 1711 1285 1780 essentialiter,
1313 1711 1438 1767 Christus
1466 1713 1543 1769 Deus
1570 1714 1716 1770 esthemo
1742 1732 1793 1770 sus

92 1796 208 1868 agnovit
226 1796 286 1866 ipse
303 1796 378 1850 Besa
397 1796 450 1851 sibi
465 1798 618 1852 contrarius
635 1816 663 1869 p.
686 1805 708 1854 1.
729 1817 801 1869 resp.
820 1800 855 1853 ad
868 1800 929 1855 Col·
956 1795 1128 1852 humanitate
1158 1797 1353 1866 essentialiter,
1384 1799 1433 1853 scd
1459 1799 1494 1855 de
1521 1817 1553 1855 eo
1577 1800 1629 1856 hoc
1654 1800 1714 1856 loco
1737 1820 1792 1858 non

91 1883 149 1952 loq.
167 1881 331 1953 Mompelg.:
350 1884 473 1951 Propter
492 1885 628 1937 nodatam
636 1903 777 1954 personae
791 1887 836 1939 hic
850 1887 929 1940 homo
954 1882 1115 1952 quaeritur,
1141 1883 1191 1937 sed
1211 1900 1246 1937 an
1264 1885 1346 1939 homo
1365 1886 1401 1938 sit
1418 1883 1496 1939 Deus
1515 1890 1543 1940 ct
1560 1884 1637 1941 Deus
1656 1886 1692 1941 sit
1710 1887 1792 1942 homo

90 1985 148 2022 noa
169 1969 282 2037 quidem
306 1986 362 2037 qna
382 1970 462 2022 homo
479 1971 536 2023 sice
556 1989 623 2024 snae
646 1980 765 2026 νσόνσασ
782 1975 821 2036 (et
840 1989 930 2027 essen-
957 1968 1142 2037 personaliter.
1180 1975 1203 2024 4.
1223 1968 1252 2025 si
1270 1969 1352 2024 homo
1371 1987 1422 2024 sua
1439 1970 1611 2027 humanitate
1630 1989 1680 2027 seu
1695 1990 1791 2028 sccun-

90 2053 161 2120 tiac)
178 2063 321 2123 respecta,
339 2058 392 2108 sed
404 2065 527 2124 propter
545 2074 625 2110 snam
643 2059 672 2110 in
693 2059 772 2112 Filio
791 2060 851 2111 Dei
868 2060 936 2111 nso.
958 2054 1023 2107 dum
1049 2053 1197 2113 humanam
1217 2063 1345 2111 naturam
1369 2073 1424 2110 non
1449 2061 1492 2110 est
1507 2056 1585 2111 Deus
1602 2059 1791 2129 personaliter,

91 2141 249 2194 sistentiam
277 2150 317 2194 est
344 2160 407 2194 vere
435 2143 484 2195 ills
511 2144 571 2196 Dei
588 2144 691 2200 fillius,
728 2151 752 2200 6,
772 2144 930 2200 accuratis·
957 2156 1127 2211 consequens
1140 2139 1223 2195 fuerit
1236 2140 1338 2196 Filium
1348 2140 1401 2197 Dei
1420 2159 1475 2197 non
1493 2135 1711 2199 communicasse
1728 2163 1793 2200 vere

91 2224 161 2281 sime
192 2243 258 2297 ergo
286 2227 439 2281 notandum
467 2235 495 2283 et
520 2229 684 2299 corruptelis
710 2230 928 2285 adversariorum
957 2233 985 2280 et
1002 2226 1112 2282 realiter
1128 2227 1267 2283 humanae
1283 2235 1400 2284 naturae
1418 2236 1557 2285 assumtae
1575 2247 1654 2286 suam
1674 2229 1791 2286 ὑπόστα-

92 2316 228 2383 pcrpetuo
243 2314 455 2385 opponendum,
479 2315 508 2368 in
527 2316 762 2386 propositionibus
781 2317 929 2387 personali·
957 2328 1011 2375 σιν,
1031 2320 1166 2381 sanctum,
1186 2314 1260 2385 quod
1280 2332 1312 2369 es
1325 2315 1413 2370 Maria
1431 2320 1534 2385 natum,
1553 2334 1609 2371 non
1621 2317 1792 2373 esseFilium

92 2398 145 2453 bus
164 2416 220 2454 non
237 2399 284 2470 agi
304 2400 338 2454 dc
355 2400 443 2470 Λόγῳ
463 2401 590 2471 rindorp,
608 2402 658 2456 sed
676 2402 814 2476 ἐνσόρκῳ,
833 2404 881 2474 qui
901 2404 929 2457 in
957 2397 1090 2466 altissimi,
1113 2400 1263 2454 secundum
1276 2400 1414 2455 hominem
1428 2418 1484 2454 non
1496 2418 1629 2457 assevero
1642 2402 1791 2459 Dominum

92 2500 228 2554 personae
257 2503 323 2540 suae
349 2487 483 2541 unitatem
508 2504 620 2542 carnem
640 2490 785 2558 assumsit,
814 2506 864 2544 nec
883 2490 928 2560 agi
956 2484 992 2538 de
1010 2484 1101 2554 coelo,
1120 2485 1236 2539 Mariam
1254 2502 1309 2539 non
1327 2502 1387 2541 esec
1405 2488 1537 2542 taurinos
1558 2492 1608 2542 etc.

88 2570 130 2624 de
155 2575 254 2625 natura
282 2571 403 2626 humana
428 2573 534 2627 ratione
560 2563 626 2628 suae
652 2575 787 2630 essentiae
807 2575 928 2629 conside·
993 2574 1049 2625 161.
1080 2576 1103 2625 l.
1131 2569 1250 2634 Quidam
1269 2577 1394 2627 statuunt
1412 2589 1472 2627 esse
1491 2574 1699 2644 propositiones
1717 2576 1791 2645 fipe-

93 2663 163 2724 rats,
182 2656 233 2710 sed
252 2656 287 2710 de
306 2656 426 2712 humana
445 2664 553 2727 natura,
571 2667 708 2730 quatenus
728 2668 770 2715 est
789 2661 817 2714 in
830 2661 928 2731 Λόγου
956 2663 1036 2708 ratas
1055 2674 1089 2709 ae
1107 2658 1240 2727 tropicas.
1271 2656 1390 2711 Contra:
1417 2662 1438 2713 1.
1458 2657 1481 2712 si
1494 2657 1714 2729 praedicationes
1727 2668 1792 2715 sunt
1825 2710 1828 2719 .
1876 2697 1880 2708 .

96 2741 253 2797 ὑπόστασιν
279 2748 401 2797 assumta
426 2751 454 2799 et
479 2744 566 2813 ipsius
587 2747 637 2797 τοῦ
660 2745 758 2815 Λόγου
778 2744 928 2801 ὑποστάσει
956 2739 1092 2812 figuratae
1112 2759 1146 2796 aa
1163 2743 1294 2815 tropicae,
1315 2743 1380 2798 unio
1398 2742 1459 2813 ipsa
1477 2744 1529 2799 erit
1544 2743 1665 2816 figurata
1684 2763 1718 2801 ac
1736 2752 1791 2801 tro·

94 2828 230 2883 subsistit.
265 2836 288 2883 7.
312 2828 341 2884 Si
366 2829 418 2885 hac
447 2831 649 2900 propositiones
676 2838 835 2887 statuuntur
852 2833 928 2887 iden·
956 2828 1036 2899 pica,
1060 2834 1088 2884 et
1108 2837 1308 2901 consequenter
1327 2830 1411 2885 ctiam
1432 2829 1567 2885 redemtio
1585 2848 1634 2901 per
1651 2830 1792 2889 Christum

92 2915 178 2981 ticae,
207 2921 357 2970 evacuatur
382 2916 490 2971 unionis
518 2918 691 2988 mysterium,
719 2920 794 2990 quod
821 2920 850 2974 in
873 2919 928 2973 illis
958 2913 1144 2987 θεόνθρωιτον
1173 2916 1308 2988 praestita
1333 2916 1386 2972 erit
1410 2917 1526 2987 tropica.
1562 2917 1635 2974 Vide
1662 2920 1790 2990 gravissi-

91 3001 328 3073 propositionibus
360 3010 388 3057 et
420 3020 471 3073 per
497 3002 558 3058 illas
588 3004 762 3060 describitur.
798 3005 827 3061 si
855 3006 928 3060 enim
957 3018 1030 3056 mam
1060 3002 1177 3058 Lutheri
1207 3002 1401 3058 refutationem
1427 3003 1456 3057 in
1485 3002 1600 3059 confess.
1628 3007 1732 3075 majore
1756 3005 1791 3060 de

94 3087 253 3158 subjectum
283 3095 311 3143 ct
336 3088 527 3158 praedicatum
560 3098 719 3161 supponunt
748 3109 799 3161 pro
824 3093 929 3157 eodem,
957 3105 1051 3145 coena.
1087 3095 1153 3148 tom.
1180 3095 1203 3144 3.
1240 3087 1334 3144 Germ.
1356 3088 1469 3145 lenens.
1498 3088 1545 3143 iol.
1572 3094 1636 3157 4783
1673 3096 1695 3145 2.
1720 3089 1789 3162 figu-

46 3189 79 3232 ta.
93 3181 154 3229 tum
181 3173 263 3229 homo
288 3192 322 3230 ex
348 3175 437 3229 hieria
463 3182 601 3231 assumtus
623 3193 680 3230 non
699 3177 751 3232 crit
768 3178 845 3233 Deus
865 3189 929 3234 acta
956 3180 1033 3229 ratae
1057 3173 1258 3245 propositiones
1276 3192 1332 3229 non
1351 3181 1416 3229 sunt
1433 3173 1635 3229 convertibiles.
1672 3176 1713 3230 At
1728 3192 1790 3246 per·

89 3262 186 3330 primo
204 3261 356 3331 personali,
385 3262 433 3315 sed
450 3268 560 3317 tantum
577 3271 643 3316 acta
660 3267 795 3330 secando,
823 3267 930 3322 ratione
958 3261 1066 3315 sonalcs
1092 3262 1292 3331 propositiones
1319 3264 1533 3330 convertuntur3
1570 3266 1593 3316 3.
1618 3261 1647 3315 in
1664 3260 1790 3333 figuratis

94 3346 200 3401 scilicet
222 3340 445 3415 sustentationis,
473 3365 528 3418 qua
551 3366 569 3402 a
586 3347 648 3403 Deo
665 3357 849 3422 sustentatur;
878 3370 930 3408 neo
957 3348 1191 3418 propositi0nibua
1210 3354 1318 3402 mutata
1336 3355 1378 3402 eti
1395 3347 1542 3402 verb0mm
1560 3348 1723 3419 prOPrittat·
1750 3350 1791 3403 At

95 3433 182 3488 ullum
207 3433 279 3487 inter
305 3433 354 3486 has
383 3433 585 3504 propositiones
594 3454 608 3493 τ.
628 3435 708 3488 homo
736 3446 777 3489 est
800 3440 880 3492 Deras
904 3450 929 3493 et
957 3434 986 3488 in
1010 3435 1243 3506 propositionibus
1269 3433 1460 3504 personalibus
1485 3433 1642 3504 subjectum
1667 3440 1695 3487 et
1712 3451 1790 3505 prae·

93 3521 176 3572 Dens
194 3528 235 3571 est
253 3519 348 3587 leonto,
369 3519 422 3574 erit
439 3520 602 3589 discrimen,
629 3521 682 3574 nisi
700 3521 775 3591 qnod
793 3522 930 3595 limitatio,
957 3521 1080 3575 dicatum
1098 3522 1217 3576 retinent
1234 3521 1375 3592 propriam
1388 3519 1535 3575 verborum
1551 3520 1789 3592 significationem.

93 3623 151 3677 qua
167 3622 285 3676 persona
299 3604 365 3658 Filii
384 3604 485 3659 dicitur
503 3605 605 3661 habere
623 3605 829 3673 humanitatem,
849 3614 929 3667 modo
957 3607 1047 3662 Homo
1066 3605 1205 3677 significat
1223 3614 1351 3660 naturam
1368 3605 1531 3675 humanam,
1549 3609 1642 3662 anima
1661 3607 1790 3663 rationed

93 3691 156 3745 voci
169 3690 297 3761 subjecti,
311 3689 393 3744 modo
407 3690 542 3745 vocabulo
553 3692 708 3761 praedicati
720 3694 839 3764 additur,
855 3700 929 3767 quod
957 3702 984 3748 et
1014 3710 1128 3763 corpore
1158 3698 1329 3747 constantem
1356 3710 1374 3747 a
1396 3691 1483 3763 Λόγῳ
1510 3700 1667 3748 assumtam
1710 3695 1789 3751 Deus

95 3783 177 3847 urget
196 3775 278 3846 Siga.
299 3781 396 3830 contra
413 3775 513 3830 Paraei
530 3775 603 3834 Iren.
622 3794 649 3847 p.
669 3785 726 3834 550.
957 3778 1097 3850 significat
1122 3778 1222 3832 Filium
1241 3778 1294 3833 Dei
1312 3795 1361 3834 seu
1379 3785 1507 3834 naturam
1528 3779 1648 3834 diuum
1665 3784 1715 3834 τοῦ
1732 3781 1789 3836 Λό-

131 3867 188 3919 163.
216 3866 239 3915 6.
257 3860 332 3916 Huic
351 3861 466 3932 analysi,
485 3880 540 3932 qua
558 3864 760 3933 propositiones
772 3867 930 3935 personales
956 3886 1008 3935 yos
1028 3866 1165 3936 integram
1182 3882 1215 3920 ac
1232 3865 1398 3936 perfectam,
1424 3866 1453 3920 in
1471 3868 1551 3936 cujus
1569 3865 1723 3923 ὑπόστασιν
1740 3884 1789 3922 na·

94 3947 524 4016 statuunturideuticae,affines
538 3948 660 4018 suntilli,
679 3951 726 4020 qui
740 3950 852 4006 cassas'
863 3950 930 4005 teto
955 3957 1019 4005 tura
1039 3950 1161 4005 humana
1185 3955 1229 4004 est
1252 3959 1389 4021 assumta,
1426 3958 1449 4007 4.
1473 3958 1571 4022 tropus
1594 3952 1666 4008 foret
1690 3953 1735 4008 vel
1760 3952 1789 4006 in

93 4034 139 4089 vel
150 4036 231 4103 juxta
242 4031 400 4103 ἀλλοίωσιν,
416 4052 499 4105 quam
511 4044 637 4089 sanctam
650 4037 774 4106 appellat
786 4038 930 4109 Zuinglius
956 4036 1083 4106 subjecto
1103 4037 1146 4091 vel
1170 4037 1331 4106 praedicato
1349 4037 1392 4092 vel
1410 4038 1439 4091 in
1457 4038 1557 4108 copula
1574 4038 1694 4092 scitota
1709 4054 1788 4107 prae·
1804 4106 1806 4114 Ι

93 4125 160 4173 tom.
180 4124 203 4173 2.
224 4135 299 4189 oper.
317 4119 365 4173 fol.
383 4125 442 4187 453,
464 4119 642 4190 explicandas
661 4129 781 4178 censent
806 4123 929 4179 Perseus
956 4121 1102 4177 dictatione
1138 4122 1193 4178 Sed
1224 4122 1330 4178 nullibi.
1375 4123 1438 4178 Non
1467 4123 1495 4176 in
1525 4122 1651 4192 subjecto
1680 4140 1732 4178 nec
1759 4122 1789 4176 in

94 4204 124 4257 in
144 4201 215 4258 Ircn.
233 4222 259 4274 p.
279 4210 343 4260 tot:
363 4206 437 4258 Nam
457 4206 568 4272 volant,
585 4215 616 4258 nt
636 4205 779 4260 Clzristam
795 4210 929 4263 hominem
955 4207 1130 4278 praedicato,
1156 4209 1222 4278 quia
1248 4208 1369 4263 retinent
1393 4208 1533 4278 propriam
1551 4207 1788 4280 significationem.

94 4290 223 4342 dicamas
239 4308 300 4344 esse
318 4294 410 4344 Deam
428 4292 512 4344 etiam
530 4292 702 4346 humanitate
720 4312 782 4357 sna,
803 4304 828 4348 et
849 4295 928 4350 Clri-
954 4294 989 4347 ln
1015 4294 1118 4364 copula
1144 4300 1171 4349 et
1192 4300 1252 4348 tota
1270 4292 1477 4363 praedicatione
1494 4294 1591 4364 nequit
1608 4299 1704 4363 tropus
1722 4292 1788 4348 resi·

91 4383 167 4427 mam
185 4377 277 4429 Deam
301 4393 361 4430 esse
381 4377 518 4431 horninem
538 4379 622 4430 etiam
641 4380 837 4433 donassent
861 4400 928 4434 ana·
955 4378 1028 4433 dere.
1064 4379 1227 4449 Excipiunt,
1255 4379 1340 4431 verda
1366 4396 1479 4432 manere
1502 4380 1637 4448 propria,
1667 4380 1719 4431 sed
1742 4394 1788 4431 res

92 4462 185 4514 thema
211 4464 368 4530 Eutycheti.
406 4460 486 4516 Idem
512 4464 541 4519 in
566 4463 686 4518 method.
710 4473 833 4524 controv.
860 4468 928 4525 Ubi·
949 4466 1019 4533 fleri
1048 4466 1173 4534 tropicas
1199 4474 1224 4519 st
1251 4465 1433 4534 improprias.
1477 4464 1564 4535 Atqui
1595 4464 1788 4535 improprietas

93 4548 196 4620 quitar.
221 4548 250 4601 in
268 4549 384 4618 praefat.
407 4567 435 4620 p.
456 4556 479 4606 8.
504 4569 554 4621 per
575 4551 678 4625 τρόπον
703 4550 866 4614 ἀντιδόσεως
884 4573 927 4611 ex·
955 4550 1082 4605 consistit
1107 4555 1215 4604 tantum
1242 4552 1272 4603 in
1298 4551 1402 4617 verbra,
1429 4568 1484 4605 non
1510 4552 1540 4604 in
1565 4551 1660 4614 redas,
1685 4549 1788 4621 quippe

91 4632 238 4704 plicandas
258 4642 366 4703 censet,
394 4636 469 4707 quod
488 4637 619 4692 videlicet
642 4640 725 4691 anias
743 4648 863 4693 naturae
881 4644 928 4695 dc-
955 4653 1027 4709 quae
1059 4643 1171 4690 manent
1197 4636 1383 4692 immutabiles
1411 4653 1462 4692 nec
1488 4643 1603 4708 possunt
1628 4641 1788 4707 τρέπεσθαι,

91 4721 247 4774 nominatio
283 4722 369 4775 elteri
403 4730 523 4775 naturae
559 4723 589 4776 in
624 4733 750 4778 concreto
779 4727 928 4786 tribuatur,
955 4722 1021 4793 quia
1039 4721 1174 4778 essentiae
1192 4739 1283 4777 rerum
1303 4722 1333 4776 in
1352 4721 1421 4776 alias
1437 4709 1579 4794 nequeunt
1597 4721 1728 4777 conserti.

91 4805 222 4876 Hungari
245 4807 274 4861 in
296 4824 347 4862 sna
364 4809 564 4879 panharmonia
582 4810 679 4864 dicunt
696 4826 756 4865 esse
776 4828 837 4864 earn
858 4814 927 4881 fipn-
991 4814 1047 4863 165.
1084 4813 1109 4864 8.
1135 4807 1253 4873 Quidam
1276 4809 1373 4862 volunt
1391 4823 1451 4863 esse
1462 4811 1674 4878 propositiones
1693 4825 1787 4877 synec-

54 4933 57 4936 >
90 4900 185 4946 ratam
198 4909 254 4961 per
272 4895 546 4949 communicationem
564 4896 736 4949 idiomatum.
762 4896 838 4968 Ergo
847 4898 929 4967 juxta
954 4894 1100 4961 doclsicas,
1133 4895 1200 4962 qaia
1223 4911 1322 4948 nornen
1340 4896 1422 4948 Deus
1435 4913 1492 4964 pro
1510 4898 1634 4949 secanda
1653 4894 1788 4948 trireme

92 4979 229 5033 Perseum
246 4979 465 5050 propositionum
483 4980 668 5052 personalium
687 4982 768 5034 Dens
785 4984 927 5050 esthemo,
949 4997 1074 5047 pasena
1097 4980 1232 5048 ponitur,
1259 4981 1339 5033 horno
1363 4998 1463 5034 nonwn
1480 4982 1585 5050 speciei
1597 4982 1716 5051 positar
1729 4997 1787 5051 pro

90 5073 117 5117 et
135 5066 218 5119 tomo
235 5075 276 5120 est
294 5068 388 5136 Dens,
415 5066 460 5121 hic
486 5068 538 5120 erit
556 5083 668 5120 sensus.-
699 5067 826 5122 Christro
848 5069 928 5125 bomo
954 5065 1110 5118 individuo.
1153 5064 1236 5135 Resp.
1264 5065 1341 5119 nulla
1370 5065 1415 5120 hic
1444 5067 1564 5122 occurrit
1596 5065 1784 5138 synecdoche;
1799 5079 1839 5120 111.
1854 5077 1901 5120 seo.

90 5159 131 5204 est
147 5153 229 5206 Deos
249 5170 303 5206 etto
326 5153 444 5221 denote,
472 5152 600 5206 etratus
620 5154 700 5204 Dens
718 5163 757 5206 est
776 5154 857 5209 homo
875 5174 928 5209 sna
954 5170 1055 5207 nomen
1075 5151 1129 5208 Dei
1151 5152 1263 5222 ponitur
1287 5170 1338 5223 pro
1356 5152 1428 5208 lilio
1446 5153 1516 5222 Dei,
1542 5170 1592 5223 pro
1610 5154 1671 5225 ipso
1689 5152 1785 5223 Λόγῳ,
1808 5205 1811 5211 ,

89 5236 270 5291 inmanitate.
305 5238 394 5309 Atqui
414 5243 435 5292 1.
453 5237 506 5291 hac
526 5236 632 5292 ratione
650 5238 741 5294 denuo
759 5257 928 5313 praesuppo·
954 5239 1002 5309 qui
1021 5255 1072 5294 nec
1090 5255 1154 5309 pars
1175 5255 1227 5293 nee
1246 5238 1351 5308 species
1368 5245 1410 5294 est
1429 5238 1556 5307 deum,
1574 5240 1623 5294 sed
1637 5255 1728 5309 verus,
1744 5239 1810 5293 in·-

88 5322 178 5389 nitur,
209 5322 239 5377 in
267 5324 309 5378 his
335 5322 572 5394 propositionibus
597 5338 651 5376 non
669 5325 716 5394 agi
734 5325 928 5397 derpersonali
953 5333 1031 5397 teger
1049 5341 1083 5379 ac
1102 5324 1242 5395 perfectus
1259 5323 1345 5391 Deus,
1364 5340 1429 5379 cum
1446 5325 1475 5379 in
1494 5323 1603 5381 Christo
1620 5332 1680 5382 tota
1699 5327 1786 5397 pleni·

89 5408 207 5463 duarum
239 5415 400 5463 naturarum
431 5408 548 5477 unione,
580 5409 630 5462 sed
660 5409 695 5464 de
724 5411 869 5484 utriusque
898 5414 927 5468 in
953 5411 1020 5466 tudo
1044 5408 1154 5465 deitatis
1178 5408 1314 5464 inhabitet
1331 5409 1390 5466 Col.
1412 5415 1439 5478 2,
1462 5428 1488 5463 r.
1510 5419 1533 5465 9.
1569 5410 1624 5467 Per
1647 5411 1786 5467 hominem

88 5493 201 5551 Christo
227 5499 344 5551 naturae
368 5495 485 5552 verimte
511 5512 545 5551 ac
565 5494 758 5568 distinctmne,
786 5514 852 5572 crgo
870 5517 926 5555 non
954 5496 1037 5552 etiarn
1056 5513 1111 5552 non
1131 5493 1296 5568 intelligitur
1313 5494 1408 5564 homo,
1433 5502 1465 5549 ut
1482 5501 1525 5551 est
1540 5497 1660 5568 species,
1679 5498 1735 5553 aad
1745 5498 1786 5551 ia·
