3984 6022
238 266 297 340 ἰιι
881 345 886 362 ⁸
939 266 1064 327 nocue
1080 264 1224 328 saluus

235 428 332 484 vinum
354 433 382 483 ot
400 425 597 494 accusarium,
623 425 707 497 idque
731 442 811 481 omne
831 426 860 479 in
877 427 963 480 sacris
979 423 1067 480 literis
1079 422 1082 435 '
1094 426 1189 480 lunum
1209 426 1327 495 Monta
1352 423 1471 480 traditio
1491 426 1581 479 libero
1600 432 1648 495 est,
1666 439 1738 495 quae
1756 425 1880 479 traditur
1895 424 1925 477 in

237 514 406 583 conbustum
430 511 562 585 quicquid
586 528 651 568 vero
671 512 776 567 rituum
801 518 828 568 et
852 512 1067 568 ceremoniarum
1093 514 1190 577 forino
1214 513 1339 580 consilii,
1367 521 1396 566 ιιι
1419 513 1544 582 aspasio
1563 528 1654 581 aquae
1672 511 1809 567 lusnalis.
1844 510 1926 578 (Quid

237 598 266 654 in
289 600 371 656 certis
391 598 514 655 ecclesiis
533 599 726 667 instituerunt,
751 597 820 653 iilud
844 604 887 653 est
903 598 1022 655 liberum
1040 599 1123 671 ct,in
1146 599 1221 655 bisce
1245 599 1393 671 probemus
1411 599 1456 653 vel
1480 598 1680 671 improbemus,
1704 603 1784 670 patet
1801 615 1835 654 ex
1853 613 1927 668 prae·

236 685 400 760 ἀδιάφοροι.
426 685 470 740 De
485 683 593 755 jejunio
611 690 700 740 certas
719 684 796 756 leges
814 685 954 755 apostolos
972 685 1256 741 tulissetcedentibus
1292 690 1322 741 et
1347 703 1380 740 ex
1409 685 1456 754 iis,
1495 701 1566 757 quae
1593 691 1691 757 postea
1716 683 1927 756 subjungentur,

233 777 337 844 negant
361 772 401 845 pii
425 776 540 827 netues.
576 770 726 843 Angustia.
754 770 833 841 epist
854 775 896 826 86.
923 772 959 827 ad
983 772 1068 828 Casu·
1093 771 1205 827 uberius
1232 772 1437 843 conspicietur.)
1482 770 1549 843 Cap.
1577 777 1600 827 3.
1627 777 1731 826 statum
1759 771 1926 843 quaestionis

233 858 341 913 buum:
381 858 486 922 Quibus
515 858 612 911 diebsu
640 873 696 911 non
723 865 850 927 oporteat
874 858 1010 928 jejunare
1044 858 1216 930 et,explicat
1232 865 1261 914 et
1279 859 1425 913 mendacia
1441 858 1578 931 quaedam
1597 857 1749 913 Cbemnicii
1768 864 1797 914 et
1814 857 1926 912 eborum

234 947 332 1015 quibus
362 953 489 1016 οιιοιιιαι
512 945 663 1015 jejunare,
697 953 851 1015 praecepto
882 947 1000 1000 Domini
1026 934 1212 1018 oelssdetegiu
1238 946 1298 1013 (sed
1316 946 1377 1017 ipsa
1393 945 1529 1016 inspectio
1545 945 1668 1000 locorum
1687 962 1704 1000 a
1721 944 1861 1000 mendacii
1878 944 1927 999 cri·

233 1030 424 1102 apostolorum
443 1049 498 1084 non
516 1031 624 1084 inuenio
645 1032 795 1099 definitum.
833 1030 957 1088 Socrates
977 1031 1026 1088 lib.
1045 1039 1067 1087 5.
1081 1020 1168 1089 lmine
1187 1031 1267 1088 facile
1285 1049 1331 1088 eos
1349 1032 1467 1100 liberat.)
1497 1031 1566 1104 Cap.
1583 1038 1607 1087 t.
1625 1031 1724 1103 incipit
1742 1030 1928 1087 demonstrare

235 1115 307 1174 Hist.
331 1116 427 1173 eccles.
450 1133 473 1172 c.
492 1122 539 1172 tl:
567 1119 641 1171 Puto
665 1118 807 1188 apostolos
825 1118 876 1172 boo
894 1119 1069 1188 singulorum
1096 1120 1279 1174 traditionum
1302 1119 1504 1186 necmsitutem,
1530 1117 1580 1173 ubi
1604 1118 1740 1189 disputat,
1767 1117 1930 1187 Sumturus

235 1203 382 1274 reliquisse
399 1204 557 1272 sententiae,
576 1213 606 1258 ιιι
625 1206 812 1274 unusquisquis
825 1214 891 1273 apat
907 1225 961 1260 non
974 1207 1071 1260 timore
1096 1207 1155 1260 sine
1177 1205 1376 1259 traditionibus
1393 1223 1443 1259 nee
1454 1205 1550 1272 fuisse
1565 1205 1733 1275 simpliciter
1748 1204 1930 1273 recusurias,

236 1299 285 1344 out
307 1291 481 1361 neemdtote,
507 1293 584 1361 qssod
607 1293 706 1345 bonum
731 1300 778 1346 est.
814 1292 889 1364 Ergo
916 1293 1069 1365 quadrage·
1096 1310 1144 1347 nee
1180 1293 1360 1362 sufficientes.
1411 1291 1456 1348 De
1493 1297 1611 1363 unoque
1649 1291 1756 1364 egimus
1796 1289 1930 1362 superias.

235 1375 331 1433 simale
353 1376 491 1448 jejunium
516 1393 571 1431 nou
596 1381 689 1447 potest
713 1376 810 1432 reterri
836 1377 874 1433 ad
899 1380 1070 1449 apostolicos
1096 1378 1164 1450 Cap.
1183 1386 1207 1434 5.
1225 1395 1258 1434 ex
1274 1376 1425 1448 scripturis
1443 1377 1632 1433 demonstrare
1648 1386 1778 1448 conatur,
1804 1394 1863 1432 esse
1880 1376 1929 1431 ali·

235 1464 418 1533 traditiones,
445 1463 519 1519 unde
536 1463 640 1518 Hosius
665 1462 694 1518 in
712 1463 828 1520 confess.
847 1464 984 1520 Petricor.
1003 1482 1026 1520 c.
1045 1471 1069 1520 t.
1097 1485 1167 1536 ιιιαι
1184 1483 1265 1519 ruas
1282 1465 1456 1519 traditiones:
1477 1469 1500 1518 1.
1515 1481 1547 1518 es
1560 1465 1752 1519 demonstrata
1767 1464 1930 1534 sospena

235 1551 272 1606 ad
297 1550 499 1605 uclaiostieos
523 1551 689 1604 traditiones
712 1549 804 1606 refert.
840 1551 896 1606 Alii
921 1569 954 1607 ex
978 1551 1070 1608 Ponti·
1097 1552 1314 1622 imperfectione.
1342 1551 1395 1620 (At
1412 1549 1609 1622 perfectionem
1627 1549 1786 1621 Scripturas
1804 1549 1929 1621 praeced

235 1636 305 1692 ficiis
326 1636 363 1691 sd
389 1636 502 1692 diuinos
525 1637 688 1690 traditiones
710 1636 840 1693 referunt.
877 1637 1071 1709 Alphonsnsa
1097 1657 1119 1694 c.
1138 1638 1393 1708 demonstravimus,
1412 1636 1598 1692 Bellarminus
1616 1635 1675 1709 ipse
1694 1635 1829 1705 conceffit,
1847 1636 1896 1693 lib.
1908 1643 1929 1694 t.

235 1723 333 1780 Oastro
360 1721 410 1779 lib.
432 1728 458 1780 8.
482 1723 544 1778 adr.
572 1721 677 1778 haeres.
703 1722 815 1787 scribit,
845 1725 944 1778 multos
973 1742 1071 1792 praees
1098 1726 1131 1781 de
1157 1725 1241 1780 verbo
1260 1724 1313 1780 Dei
1335 1741 1359 1779 c.
1388 1730 1427 1781 tl.
1453 1724 1506 1777 illa
1531 1723 1626 1777 omnio
1651 1725 1687 1777 ab
1712 1724 1853 1793 apostolis
1876 1736 1930 1779 esse

235 1811 376 1880 tleologos
401 1811 564 1880 affirmare,
592 1808 835 1878 quadrupesimom
857 1828 876 1863 o
896 1812 1005 1866 Uiriato
1029 1812 1070 1866 in·
1096 1812 1216 1882 empse,
1243 1829 1314 1881 quoe
1339 1818 1404 1865 sunt
1429 1811 1553 1864 omnibus
1571 1810 1729 1864 necessario
1748 1816 1774 1865 et
1791 1826 1865 1881 quas
1877 1826 1928 1880 po·

235 1899 360 1952 stitutum
382 1914 449 1950 esse.
485 1894 531 1950 Ab
556 1894 679 1969 utrisque
704 1895 822 1951 discedit
845 1895 898 1951 hoc
921 1896 983 1952 loco
1007 1896 1069 1952 Bel·
1097 1898 1155 1951 lam
1186 1898 1310 1951 omnibus
1337 1898 1562 1967 proposuerunt.)
1604 1901 1630 1950 2
1657 1914 1689 1951 ee
1715 1887 1928 1967 Scrs'pstsiraruu

235 1983 385 2048 larminus,
412 1980 477 2036 dum
498 1998 555 2036 non
575 1981 611 2036 ad
630 1981 751 2051 divinas,
779 1998 830 2037 nec
849 1981 886 2036 ad
906 1982 1070 2039 ecclesiasti·
1097 1984 1267 2053 testimoniis,
1289 2000 1361 2055 quae
1379 1981 1475 2038 ordine
1495 1981 1739 2039 considerabimus.

236 2086 298 2135 cas,
323 2069 373 2124 scd
396 2069 434 2123 sd
458 2067 623 2139 apostolicas
647 2067 810 2124 traditiones
823 2068 1070 2141 quadragesimale
1132 2075 1191 2129 tot.
1223 2076 1244 2127 1.
1264 2068 1384 2125 Johann.
1410 2075 1494 2139 to,v
1497 2075 1567 2127 12.
1585 2070 1626 2125 ιιι
1642 2066 1768 2124 Christus
1792 2066 1831 2124 ad
1851 2065 1929 2122 disci·
1940 2064 1982 2112 Μ’

232 2155 371 2229 jejunium
387 2154 492 2220 refert.)
532 2153 744 2210 Ecclesiasticus
762 2155 924 2211 traditiones
942 2155 1072 2211 dicuntur
1098 2158 1191 2229 pulos:
1219 2157 1315 2211 Multo
1340 2156 1427 2210 babeo
1451 2156 1527 2210 uobis
1545 2157 1650 2226 dicere,
1677 2158 1729 2210 sed
1745 2173 1802 2209 non
1814 2155 1982 2260 potesta
1941 2168 1982 2208 ιιι

236 2243 448 2298 emendudines
481 2244 621 2312 quaedum
646 2242 794 2312 antiquae,
822 2242 866 2297 rel
893 2261 911 2295 n
931 2243 1071 2314 praelatis
1099 2246 1180 2299 modo
1203 2252 1328 2315 portare.
1349 2259 1373 2297 c
1400 2249 1481 2308 tus
1484 2247 1555 2298 .25.
1580 2242 1621 2297 ait
1645 2240 1830 2314 evangelista:
1864 2219 1982 2295 Sant¹¹³⁴
1942 2270 1982 2311 ,Γ

237 2330 281 2383 uel
304 2348 322 2383 a
336 2329 454 2400 populis
471 2328 631 2398 incusatae,
657 2345 728 2399 meae
740 2328 884 2400 paulatim
905 2331 990 2384 tacito
1008 2347 1070 2383 eon·
1098 2340 1189 2386 autem
1208 2339 1233 2384 et
1251 2331 1312 2384 olio
1331 2331 1425 2399 msslto,
1445 2347 1517 2400 quae
1534 2330 1604 2393 fecit
1620 2329 1712 2393 Jesus,
1731 2344 1803 2399 ossae
1820 2329 1849 2382 si
1866 2326 1931 2382 seri·
1942 2323 1982 2414 ξι

237 2432 320 2470 sensu
333 2415 504 2486 populorum
520 2415 576 2468 sins
593 2415 663 2483 tepet
680 2414 840 2485 labuesssnt,
858 2432 928 2486 quas
946 2433 1007 2469 cum
1024 2418 1071 2470 de-
1098 2420 1199 2473 bentur
1220 2433 1276 2486 per
1302 2415 1428 2485 singula,
1457 2432 1507 2469 nee
1534 2415 1624 2484 ipsum
1651 2416 1777 2469 arbitror
1800 2415 1982 2468 ιιιιιιιάιιιιιιιιι

237 2503 320 2557 eretis
337 2510 363 2557 et
378 2501 616 2556 eorutitutionibus
633 2500 765 2554 mclmiae
778 2518 880 2570 parem
898 2503 953 2556 uim
971 2503 1072 2556 babere
1098 2522 1197 2575 capiere
1210 2518 1295 2573 posse
1314 2519 1368 2569 eos,
1388 2520 1436 2571 qm
1431 2501 1595 2556 scribendi
1610 2508 1681 2569 sunt,
1701 2500 1796 2555 libros.
1817 2487 1962 2557 Constat*
1944 2532 1982 2569 ι,

238 2588 315 2643 dicit.
334 2586 378 2655 (In
395 2585 540 2659 republica
555 2585 629 2641 civili
646 2592 688 2642 est
704 2584 816 2659 quidem
834 2589 975 2644 eadem
948 2608 990 2644 vus
1007 2607 1071 2645 con·
1098 2591 1184 2660 spitus
1207 2589 1294 2643 multa
1313 2588 1466 2642 Dominum
1482 2589 1584 2655 feruet
1601 2594 1626 2642 et
1644 2587 1759 2655 ἀιιιιιι,
1787 2604 1861 2657 quoe
1878 2580 1982 2641 sitris·d

238 2673 416 2728 suetudinem
444 2670 661 2743 approbaturum
691 2676 719 2727 et
746 2671 840 2744 legum
866 2676 1030 2747 scriptarum
1053 2676 1071 2730 l.
1098 2676 1382 2744 eademptaretur
1399 2674 1467 2728 ιἰιοι
1487 2674 1581 2743 libros,
1600 2672 1650 2744 qui
1666 2680 1781 2741 ιιιιιιιιι,
1799 2690 1859 2727 una
1876 2642 1982 2727 mais·

239 2757 416 2814 diutnmaff
436 2757 600 2830 delegibus,
621 2756 711 2812 sedin
725 2758 912 2815 ecclesiastica
927 2761 1072 2833 republica
1098 2782 1149 2817 nus
1176 2778 1276 2831 capere
1301 2769 1399 2833 potest.
1442 2760 1586 2814 Jobonnes
1614 2766 1704 2813 autem
1731 2759 1813 2826 diest,
1847 2766 1932 2813 totus

238 2843 312 2900 idem
330 2845 422 2901 locum
438 2843 549 2911 habere,
567 2843 927 2902 nondumdcmonstratum.
944 2847 1071 2905 &terum
1098 2850 1230 2906 muudum
1256 2865 1311 2901 non
1337 2864 1422 2918 posse
1449 2863 1549 2916 copem
1577 2845 1680 2915 libros,
1716 2846 1767 2915 qui
1784 2844 1935 2900 usnimi

238 2932 440 2988 eecksiastims
459 2932 627 2987 traditiones
646 2950 707 2986 curn
725 2933 856 2987 ecelmiae
874 2936 1071 2990 traditionibus
1099 2943 1195 2992 essent.
1232 2936 1270 2988 Et
1287 2941 1437 3002 praetereo
1455 2932 1523 3000 cllo,
1549 2948 1620 3001 quae
1634 2932 1818 3001 promittebat
1835 2930 1934 2987 Domi·

233 3038 335 3089 parem
358 3018 415 3073 oim
441 3018 555 3086 babae,
574 3015 758 3074 Beliarminus
778 3019 888 3087 asserit,
914 3037 1071 3077 nonnosus
1098 3041 1149 3077 nus
1165 3037 1194 3074 se
1213 3022 1366 3082 dicturum,
1387 3019 1459 3072 ιιίιίι
1477 3019 1555 3071 baud
1573 3016 1656 3071 tutte
1669 3025 1737 3086 post
1755 3018 1935 3073 resurreetio-

238 3105 349 3163 easdem
373 3122 438 3160 cnm
455 3105 559 3176 scripto
577 3103 630 3159 Dei
647 3103 733 3159 verbo
753 3121 918 3178 exaequare,
945 3106 994 3163 sed
1012 3107 1071 3162 Tri-
1098 3126 1159 3162 nens
1176 3125 1256 3161 suam
1274 3107 1368 3161 Actor.
1390 3110 1411 3174 l,
1428 3122 1454 3158 ι.
1473 3108 1497 3158 ³.
1517 3112 1546 3157 ot
1567 3105 1603 3157 de
1619 3103 1703 3172 aestu
1721 3110 1748 3158 et
1762 3104 1856 3158 ιιιιιι
1873 3106 1935 3159 Do-

237 3192 344 3249 dentini
366 3191 425 3248 sine
442 3191 500 3246 ulla
518 3190 694 3247 distinctione
713 3191 877 3249 traditiones
896 3210 990 3250 omnes
1001 3196 1073 3266 pori
1098 3194 1168 3248 mini
1196 3201 1265 3263 post
1293 3193 1520 3247 resurrectionem
1549 3190 1727 3260 paucissima
1760 3190 1936 3261 seripsensnt

231 3279 349 3348 pietatis
374 3279 476 3349 affectu
500 3295 561 3331 oum
580 3278 684 3347 scripto
704 3279 764 3333 Dei
777 3281 859 3333 uerbo
877 3282 1071 3350 ιιιιιιιιιιιιάαι
1097 3280 1289 3349 donastistae.
1324 3278 1391 3331 Non
1417 3284 1509 3330 autem
1534 3284 1575 3329 est
1601 3274 1660 3329 ullo
1684 3276 1769 3330 modo
1790 3276 1935 3346 credibile,

237 3381 295 3420 esse
318 3365 488 3433 decernunt.)
524 3363 665 3420 Posterior
682 3364 781 3421 divisio
798 3371 841 3422 est
857 3365 886 3421 in
906 3369 1071 3423 traditiones
1098 3365 1252 3438 apostolos,
1278 3363 1328 3434 qui
1347 3363 1402 3417 nlla
1420 3363 1551 3417 uiderant
1571 3370 1596 3417 st
1613 3362 1778 3432 audierant,
1801 3380 1860 3417 non
1876 3372 1934 3417 tra·

238 3453 273 3505 de
294 3454 356 3523 fide
381 3459 407 3506 et
424 3452 591 3506 traditiones
609 3453 644 3504 ds
662 3453 798 3522 moribsu,
821 3469 894 3525 quae
910 3472 1005 3510 rursus
1023 3461 1072 3509 aut
1099 3453 1207 3508 didisse
1239 3450 1385 3518 eccksias,
1423 3466 1472 3502 nee
1502 3449 1574 3502 enim
1603 3448 1694 3502 invidi
1725 3456 1775 3502 out
1803 3449 1937 3504 aetuoso·

237 3543 303 3592 sunt
318 3545 472 3607 papauer
491 3542 540 3592 aut
558 3536 733 3607 temporales,
752 3540 923 3594 uniuersales
939 3541 984 3595 rel
1001 3558 1071 3611 par·
1099 3547 1192 3603 ιιαιιι,
1220 3545 1251 3591 ut
1267 3536 1371 3591 nollem
1390 3543 1440 3588 out
1456 3552 1510 3587 non
1525 3543 1640 3604 possent
1659 3552 1693 3588 sa
1711 3535 1814 3591 dicere.
1849 3534 1935 3609 Resp.

237 3624 384 3692 ιιιιιιιιιιι,
407 3624 582 3678 necessariae
606 3623 650 3678 vel
678 3623 790 3678 liberae.
832 3626 1014 3681 Proditiones
1037 3628 1072 3680 de
1102 3630 1122 3682 1.
1142 3623 1339 3692 concedimus,
1360 3637 1415 3675 non
1433 3636 1493 3676 esse
1511 3619 1612 3690 omnia,
1631 3636 1702 3692 quse
1721 3618 1848 3676 Christus
1865 3620 1937 3677 dixit

232 3710 295 3781 fide
315 3718 391 3776 sunt,
415 3713 491 3781 quod
513 3711 613 3764 Mario
638 3726 746 3779 semper
761 3712 857 3779 suerit
879 3714 973 3782 sirpo,
997 3713 1073 3782 quod
1100 3710 1244 3780 sutfecit,
1270 3708 1306 3764 ab
1325 3706 1501 3779 evangelistis
1518 3707 1635 3777 scripta,
1663 3705 1712 3762 sed
1730 3724 1867 3780 negamus
1886 3707 1935 3764 ali·

237 3797 294 3851 sint
320 3805 441 3868 quotuor
467 3795 619 3863 monastic.
667 3796 848 3851 Proditiones
878 3799 913 3852 de
944 3799 1074 3863 moribus,
1100 3798 1167 3871 quid
1191 3811 1301 3865 eorum,
1329 3810 1401 3867 quae
1428 3793 1464 3848 ad
1487 3792 1571 3848 fidem
1594 3799 1621 3848 et
1643 3795 1731 3850 mores
1757 3801 1824 3850 sunt
1841 3812 1937 3851 necu-

239 3885 316 3956 quod
331 3884 438 3952 signium
455 3883 546 3936 eureis
564 3881 594 3935 iu
603 3882 705 3950 fronte
718 3883 902 3953 pingendum,
920 3888 997 3956 quod
1015 3903 1072 3940 oer-
1100 3881 1185 3946 saria,
1216 3899 1276 3938 esse
1306 3879 1342 3935 ab
1376 3879 1430 3933 illis
1461 3878 1691 3951 praetermissum.
1739 3878 1832 3936 Lucas
1862 3880 1937 3937 enim

137 3986 225 4031 maru
239 3970 275 4025 tis
303 3970 400 4024 diebus
422 3969 538 4039 jejunio
564 3967 740 4022 celebrando.
785 3970 914 4025 Traditio
933 3981 1073 4042 perpetua
1100 3967 1195 4023 Actor.
1216 3973 1238 4036 ι,
1255 3984 1281 4020 r.
1301 3972 1323 4023 l.
1342 3964 1423 4032 dicit,
1441 3983 1470 4019 se
1488 3966 1634 4034 saepsisse
1652 3967 1687 4019 de
1703 3966 1845 4037 omnibus,
1864 3980 1937 4037 qesae

239 4065 292 4127 est,
318 4072 390 4128 quae
414 4054 580 4122 instituitur,
606 4061 638 4107 ut
654 4071 763 4123 sempor
784 4064 906 4110 seruetur
928 4075 1015 4128 usque
1032 4059 1074 4112 ad
1100 4054 1191 4124 eospsit
1212 4052 1298 4106 Jesus
1319 4054 1423 4120 facore
1449 4059 1475 4105 ct
1500 4053 1612 4120 dacae,
1641 4050 1766 4124 intellige
1787 4056 1835 4122 ea',
1864 4060 1937 4124 quae

237 4138 336 4198 mindi
357 4140 635 4208 rmuummationens,
664 4140 763 4210 quoles
780 4149 842 4195 sunt
860 4142 992 4197 Ιιιιιιιιιιιι
1009 4162 1072 4198 enu-
1100 4146 1165 4196 suut
1179 4138 1250 4194 scitu
1267 4138 1303 4193 ad
1319 4137 1435 4193 salntem
1452 4134 1615 4205 sansana,
1632 4143 1665 4192 ut
1673 4135 1890 4209 chrysostomus
1907 4135 1937 4191 ia

237 4239 368 4286 mactae.
408 4226 489 4299 (Illae
514 4231 564 4281 aut
582 4231 648 4280 sunt
664 4226 798 4297 scriptae,
823 4229 908 4284 etsie
927 4237 1072 4286 mantne-
1102 4243 1199 4282 comm.
1222 4231 1297 4281 recte
1319 4223 1438 4294 exponit.
1458 4221 1580 4294 Cyn-illus
1603 4222 1650 4278 lib.
1670 4227 1710 4279 u.
1735 4223 1765 4278 in
1783 4222 1886 4280 bahan.
1911 4238 1935 4276 c

237 4315 386 4386 sessaniae,
422 4319 472 4369 aut
505 4328 561 4366 non
598 4317 662 4366 sunt
691 4312 825 4383 scriptae,
864 4320 892 4369 et
921 4315 961 4371 sic
992 4323 1073 4372 erunt
1100 4313 1150 4368 ult.
1188 4311 1254 4366 Non
1280 4311 1387 4378 omnio,
1414 4326 1486 4379 ιιιαι
1503 4308 1641 4362 Dominus
1658 4308 1748 4378 feeit,
1776 4310 1935 4380 consmipta

236 4403 360 4471 liberae.)
398 4398 527 4455 Traditio
553 4397 717 4466 temporalis
743 4407 798 4463 est,
827 4416 899 4468 quoe
917 4402 1073 4477 instituitur
1100 4407 1176 4463 sunt,
1200 4398 1253 4452 sed
1269 4414 1341 4466 quoe
1363 4395 1510 4450 scribentes
1528 4402 1585 4448 tom
1604 4395 1647 4448 ort
1660 4411 1767 4464 mores,
1794 4412 1879 4465 quam
1896 4394 1937 4448 ad

238 4492 280 4544 ad
302 4496 405 4544 remum
422 4496 542 4556 ιιιιιιιιι,
570 4493 601 4538 ut
625 4485 777 4540 οιιιιιιιιιιο
801 4489 980 4557 quorundam
1000 4494 1072 4559 lega·
1101 4488 1234 4554 ἀοιιιιαια
1256 4490 1394 4554 putarunt
1416 4483 1554 4552 sufficere.
1590 4478 1711 4552 August.
1734 4486 1816 4536 tract.
1840 4486 1882 4537 ts.
1907 4480 1936 4536 ia

212 4577 214 4582 ’
239 4575 307 4629 lium
332 4574 550 4629 erameniorum
576 4571 639 4625 Act.
667 4577 706 4626 ιι.
728 4576 769 4639 (at
791 4571 843 4627 hae
863 4573 1072 4644 scriptitamus,
1100 4570 1199 4626 lohan.
1235 4571 1335 4624 Electa
1354 4576 1432 4637 sunt,
1452 4566 1738 4637 praescriberentur,
1759 4567 1937 4638 quassalati

239 4668 268 4719 et
291 4679 325 4719 ex
347 4661 411 4732 lege
435 4658 558 4714 caritatis
583 4656 702 4729 intelligi
720 4664 841 4728 poterat,
870 4659 899 4713 in
916 4659 1072 4733 adiaphoris
1102 4657 1269 4710 credentium
1286 4657 1416 4725 sufficere
1433 4656 1494 4707 uisa
1512 4660 1581 4707 arnt.
1618 4650 1695 4718 Quae
1713 4651 1814 4724 cyrilli
1831 4658 1861 4709 ot
1878 4654 1936 4710 Aa·

239 4748 396 4810 habendam
419 4762 480 4802 esse
501 4745 635 4800 raticmm
651 4743 768 4799 ιιιιιιιιι
785 4745 973 4816 infirmorum).
1003 4750 1073 4802 Tra·
1102 4742 1207 4815 gustini
1224 4742 1301 4796 dicta
1319 4740 1404 4796 dubio
1424 4740 1521 4811 procul
1540 4738 1628 4812 petita
1646 4746 1711 4794 sunt
1729 4754 1762 4795 er
1777 4739 1881 4796 Joham
1893 4746 1935 4798 20.

239 4834 311 4890 ditio
336 4831 503 4890 uniuersalis
530 4838 584 4895 est,
612 4847 684 4901 quac
710 4830 762 4884 toti
784 4833 916 4886 ecelesiae
932 4837 1072 4889 seruanda
1104 4848 1127 4885 ιι.
1151 4835 1197 4887 31:
1225 4829 1321 4883 Multa
1348 4829 1459 4897 quidem
1484 4829 1566 4895 signo
1577 4827 1653 4896 feeit
1671 4826 1767 4897 Jerus,
1794 4828 1865 4900 qaae
1882 4846 1936 4884 non

239 4924 371 4993 traditur,
389 4920 481 4992 qualis
498 4927 537 4974 eet
549 4918 703 4989 pasclsotos
716 4927 742 4973 et
755 4937 919 4988 magnorum
929 4921 1073 4989 futorum
1102 4925 1164 4970 sunt
1186 4917 1308 4986 scripto;
1334 4916 1402 4969 boec
1420 4922 1512 4968 autem
1529 4915 1636 4994 scripta
1653 4921 1728 4978 sunt,
1756 4914 1935 4982 ut'credats's,

226 4998 401 5065 'emmelim
436 5006 640 5075 Particularia,
672 5022 742 5076 meae
761 5006 886 5059 traditur
903 5007 955 5060 uni
969 5015 1073 5061 tantum
1102 5003 1197 5056 desum
1222 5018 1279 5056 esse
1297 5000 1448 5067 Christum,
1473 5008 1499 5053 et
1520 5000 1606 5054 uitam
1631 4999 1758 5054 trabeatis
1776 5000 1808 5054 in
1825 5000 1937 5057 nomme

239 5105 288 5151 out
300 5097 433 5166 pluribus
450 5095 581 5165 ecolmiis,
601 5094 694 5164 qualis
711 5101 772 5148 erat
788 5102 910 5162 tompore
925 5079 1090 5171 Augustsisii
1102 5090 1170 5158 ejus.
1217 5086 1333 5159 Regerit
1362 5085 1559 5154 Beliarminus,
1593 5086 1675 5140 etiam
1696 5087 1858 5142 neeemria
1881 5106 1953 5169 nou⁸

233 5182 377 5251 jejunium
392 5178 521 5251 ἰιιὸιιιιι,
550 5183 626 5251 quod
649 5180 753 5234 Petrus
772 5181 919 5234 -liomaaoe
943 5180 1075 5234 melesius
1101 5191 1159 5229 esse
1180 5175 1286 5244 sumpto
1307 5182 1333 5227 et
1352 5175 1522 5242 praesertim
1545 5174 1580 5226 de
1598 5172 1836 5228 sanonentorun
1856 5173 1936 5229 insti·

239 5270 399 5323 tradiderat
426 5277 451 5322 et
477 5269 514 5321 ab
539 5284 573 5321 ea
590 5269 653 5322 sola
670 5274 695 5322 et
713 5268 879 5339 quibusdam
898 5264 965 5320 aliis
981 5282 1073 5320 strsa·
1101 5263 1217 5327 tutioue,
1244 5277 1316 5331 qssoe
1339 5261 1399 5312 sine
1423 5261 1507 5314 dubio
1527 5259 1667 5313 Dominus
1686 5259 1809 5313 tradidit
1825 5260 1857 5314 in
1877 5260 1937 5315 illis

240 5355 328 5410 batur.
371 5353 520 5428 Augustis.
544 5352 623 5426 epist
647 5358 688 5409 86.
717 5353 753 5407 ad
783 5352 966 5409 Casulamm:
1004 5353 1074 5406 lba-
1101 5353 1136 5403 to
1153 5344 1256 5402 'diebus
1275 5355 1341 5418 post
1362 5347 1604 5401 resurrectionem..
1632 5344 1719 5418 Atqui
1742 5344 1795 5401 rsl'
1813 5345 1938 5421 loquitur

239 5440 311 5495 ditio
334 5443 492 5495 accusaris
515 5447 567 5508 est,
590 5456 660 5509 quae
685 5440 810 5493 traditur
829 5440 860 5493 in
870 5438 973 5506 forma
986 5442 1073 5508 pros·
1102 5435 1136 5492 de
1160 5434 1268 5491 duobus
1291 5448 1356 5487 vere
1381 5439 1409 5489 et
1432 5431 1542 5504 proprie
1565 5432 1605 5486 sic
1628 5432 1709 5487 dictis
1733 5431 1768 5488 N.
1786 5430 1829 5487 'a'
1843 5450 1937 5491 sacra·

239 5525 326 5599 cepti,
347 5534 378 5580 ut
399 5526 549 5580 ιιιιιιιιιο
568 5522 693 5594 parebas
718 5526 764 5579 die
781 5524 931 5579 Dominteo
946 5532 1014 5593 pust
1030 5528 1074 5582 tt.
1101 5523 1214 5592 ments,
1233 5520 1279 5576 vel
1296 5520 1332 5575 de
1350 5520 1473 5592 quinque
1491 5519 1686 5589 sacramentis,
1705 5532 1779 5590 quse
1796 5515 1940 5578 rmutd
