3984 6022
226 294 286 355 roe
358 280 360 289 ’
419 248 422 253 ’
917 287 1039 348 nouus
1057 289 1200 348 numus

225 441 287 500 ctis.
323 443 392 500 Luc.
414 449 441 507 1,
466 460 492 497 ν,
516 448 531 496 t
553 441 615 496 linis
634 440 792 513 Scripturas
809 444 844 501 N.
863 443 895 499 T.
925 443 1193 515 statuitursUtique
1217 460 1284 516 ergo
1308 443 1432 499 noluntas
1449 443 1504 500 Dei
1527 444 1669 502 desolate
1687 443 1926 517 susspensus

228 530 374 604 ἀσφάλεια,
396 547 430 586 es
446 545 511 585 vero
530 529 621 584 locum
639 528 742 585 hebere
760 530 857 603 nequit
875 531 980 603 ubsque
998 547 1058 603 per·
1086 528 1116 584 in
1133 529 1218 585 verbo
1236 528 1337 600 scripto
1355 530 1526 602 proponitur.

226 615 300 672 fecte
324 621 352 671 et
374 615 529 672 sufficiente
546 616 761 671 necemeriorum
781 618 817 671 sd
836 617 955 673 salutem
973 616 1059 688 expli·
1121 621 1179 672 ort.
1198 614 1282 672 Dicte
1300 623 1419 687 petrum.
1437 616 1584 690 inquibus
1603 615 1761 688 Scripturas
1776 617 1922 688 perfectio·
1935 607 1984 698 ,Ἠ

226 703 341 759 catione.
376 702 444 757 Luc.
474 709 514 772 16,
540 721 565 756 v.
592 708 638 758 29:
668 703 778 758 Habent
801 706 921 774 Moysen
945 714 971 759 et
990 723 1058 776 pro-
1083 718 1147 757 ncm
1174 701 1319 757 nobiscum
1340 708 1505 775 agnoscunt,
1529 703 1695 759 adduximus
1717 710 1783 761 tom.
1809 709 1831 761 l.
1854 703 1919 760 Iaoc.
1934 711 1984 758 sen,

220 789 335 858 pletas,
360 789 481 843 andiunt
500 789 574 843 illos.
606 788 635 845 Si
654 790 746 845 divitis
764 791 890 862 epulonis
907 790 1006 847 frenes
1024 809 1058 848 ex
1084 793 1162 843 tract.
1187 789 1222 844 de
1249 787 1349 860 Script
1369 784 1390 864 ξ
1409 794 1450 845 53.
1469 789 1570 861 quibus
1589 788 1656 845 eddi
1671 797 1788 863 possunt
1805 806 1921 863 sequen-
1934 772 1984 852 iiii

224 873 322 945 Moyse
348 881 376 930 et
400 874 541 948 prophetis
558 882 687 947 poterent
705 876 829 949 perfecto
847 877 966 945 discere,
991 895 1058 951 quo·
1082 874 1130 929 tie.
1162 874 1314 946 Dionysius
1333 874 1503 947 Areopegits
1519 875 1623 931 citsnte
1635 874 1760 933 Gersons
1777 876 1812 932 de
1830 893 1920 933 exem.

168 983 172 991 ·
223 962 306 1016 modo
336 961 475 1016 cruciatus
505 961 648 1034 gehennae
680 963 815 1029 evitandi,
851 965 948 1037 utiquc
974 964 1058 1020 etiam
1084 960 1199 1017 doctrin.
1222 968 1292 1032 part.
1313 967 1336 1018 2.
1363 961 1466 1018 consid
1489 968 1516 1017 1:
1544 963 1628 1017 Nileil
1647 965 1808 1018 oudendm
1826 964 1920 1018 ἀίοισα

206 1046 299 1102 ·ritee
321 1048 417 1103 saluus
441 1049 652 1121 consequendae
671 1067 705 1106 er
723 1051 851 1107 Moesicis
874 1059 902 1108 et
920 1050 1059 1123 propheti·
1085 1050 1119 1103 de
1141 1048 1260 1117 diuinis,
1284 1049 1341 1102 nisi
1364 1065 1435 1118 quae
1458 1049 1538 1103 nobis
1555 1067 1574 1103 a
1592 1049 1742 1120 Scriptura
1759 1068 1846 1105 sacra
1864 1058 1921 1104 tra·

224 1133 264 1188 cis
289 1134 398 1205 scriptis
423 1135 530 1190 discere
549 1143 683 1207 poterant.
701 1137 765 1193 doh.
785 1146 808 1208 5,
826 1157 852 1194 v.
871 1145 916 1196 39:
943 1139 1058 1194 Scruta-
1085 1136 1148 1189 dito
1172 1142 1244 1189 rant.
1279 1133 1406 1190 lustinus
1433 1135 1462 1189 iu
1483 1133 1557 1193 Diei.
1585 1151 1648 1190 eom
1669 1134 1777 1208 ltyph.
1802 1154 1829 1208 p.
1858 1141 1920 1192 198:

223 1221 296 1274 mini
319 1221 498 1292 Scripturas,
527 1225 595 1294 quia
621 1243 670 1279 cos
695 1227 802 1296 potatis
826 1228 856 1280 in
881 1227 951 1296 ἰροίο
973 1226 1058 1280 uitam
1084 1222 1128 1276 Ne
1155 1221 1302 1275 turbemini
1328 1220 1388 1292 (vos
1410 1220 1537 1292 ludaei),
1556 1222 1624 1293 quin
1648 1223 1804 1277 alamioroe
1826 1223 1921 1294 pastro

226 1316 368 1362 aeternam
393 1310 508 1379 labere,
534 1328 619 1383 quem
643 1313 814 1383 praeclarum
832 1313 1002 1370 ludaeorum
1024 1312 1059 1366 dc
1087 1310 1231 1363 anetam
1256 1317 1281 1362 et
1306 1309 1515 1378 inoestr'patores
1540 1325 1597 1363 esse
1615 1317 1805 1379 perseverate,
1834 1309 1921 1379 mapi·

226 1392 368 1465 Scriptura
390 1396 619 1453 existimationem
640 1396 765 1454 Christus
783 1416 958 1474 nequequam
975 1405 1059 1464 texet,
1085 1401 1206 1449 atrorum
1229 1404 1381 1449 nestrorum
1402 1394 1583 1449 traditionem
1604 1396 1844 1468 parvifaciestes,
1867 1415 1921 1452 non

225 1481 275 1536 sed
292 1481 439 1553 approbet,
460 1489 489 1538 et
506 1484 618 1538 modum
635 1486 763 1553 ostendit,
784 1487 921 1559 quomodo
939 1485 968 1541 iu
988 1484 1059 1543 Scri·
1086 1483 1158 1537 enim
1177 1483 1298 1552 perinde
1322 1499 1394 1552 puae
1407 1499 1463 1552 per
1481 1483 1573 1536 Deum
1597 1499 1616 1534 a
1634 1483 1800 1553 prophetico
1818 1483 1920 1556 spirits

224 1576 308 1640 ptura
331 1570 418 1624 vitem
442 1577 583 1625 ueternum
600 1571 723 1629 iuvenire
739 1574 861 1645 possint,
888 1572 1018 1629 videlicet
1036 1572 1060 1627 si
1086 1576 1149 1622 tunt
1171 1569 1249 1623 dicta
1274 1568 1443 1638 intellipere,
1472 1576 1555 1639 atque
1571 1586 1624 1623 sua
1641 1568 1769 1639 ipsorum
1787 1571 1919 1639 dopmnis

224 1657 389 1727 promissum
401 1655 530 1712 Messinm
549 1657 578 1712 iu
596 1675 628 1713 eo
646 1657 726 1714 unice
744 1667 886 1732 quaerent.
904 1661 1005 1716 bohun.
1018 1665 1059 1724 20,
1087 1657 1184 1709 docem
1210 1655 1296 1709 malle
1323 1656 1539 1726 comperiuntur.
1560 1671 1587 1727 p.
1612 1660 1675 1711 207:
1704 1656 1770 1710 Non
1793 1655 1920 1711 duma&

225 1758 251 1795 r.
271 1746 317 1797 st:
344 1744 423 1797 Haec
448 1744 555 1814 scripta
580 1754 655 1815 orent,
681 1755 711 1799 nt
732 1747 863 1816 credatis,
883 1750 960 1819 quod
976 1747 1060 1801 Jeeus
1086 1740 1285 1795 traditionibus
1303 1747 1329 1794 et
1346 1741 1485 1794 doctrinis
1496 1741 1575 1811 jussi
1589 1759 1682 1795 sumus
1700 1760 1718 1796 a
1733 1741 1847 1798 Christo
1860 1743 1918 1814 apso

225 1828 262 1881 sit
282 1828 409 1884 Obristus
427 1829 522 1884 Filios
539 1832 631 1902 DEI,
655 1840 680 1886 et
698 1841 729 1886 ut
747 1835 889 1888 credentes
906 1835 991 1888 uitam
1010 1834 1059 1888 ta·
1086 1831 1213 1897 medere,
1236 1829 1289 1881 sed
1311 1829 1365 1897 eis,
1390 1846 1460 1898 quas
1483 1829 1507 1882 b.
1524 1828 1680 1898 propitiat
1692 1829 1917 1899 1³?th

228 1914 314 1968 beatis
340 1916 370 1968 in
395 1917 505 1971 nomine
532 1917 601 1985 ejus.
638 1916 716 1973 Finis
741 1936 806 1989 ergo
826 1917 984 1993 Scripturas
1012 1926 1060 1989 est,
1087 1923 1112 1969 et
1129 1914 1327 1986 spseOlristus
1338 1915 1465 1968 tradidit.
1495 1912 1528 1968 In
1547 1914 1605 1969 ise.
1626 1921 1697 1970 star.
1714 1933 1743 1986 p.
1756 1920 1821 1972 294:
1839 1917 1919 1987 Apud

226 2006 258 2056 ut
285 2018 335 2071 per
353 2000 436 2057 iidem
455 2001 485 2057 in
502 2001 641 2058 Christum
658 2020 691 2060 ex
711 2023 745 2060 es
763 2005 900 2063 discemm
929 2015 958 2063 et
975 2024 1008 2063 ex
1027 2006 1061 2061 ec
1087 2001 1218 2056 ecclcsiae
1235 2000 1364 2055 alumnos
1382 2020 1436 2055 non
1455 2002 1496 2054 ad
1513 2001 1650 2054 trimanus
1667 2002 1793 2054 rationes
1808 2008 1834 2057 st
1848 2001 1918 2071 copi·

226 2087 385 2142 erudiamur
412 2089 448 2143 ed
475 2088 561 2145 utam
588 2097 737 2148 aeternam.
776 2097 801 2151 2,
818 2093 889 2152 Tim,
910 2100 940 2163 3,
963 2113 989 2148 v.
1015 2100 1058 2150 15:
1087 2089 1206 2143 tationes
1223 2087 1389 2157 dirigendae
1407 2094 1471 2141 sunt
1486 2105 1532 2141 res
1550 2086 1671 2157 diuinae,
1688 2088 1741 2141 sed
1757 2089 1799 2142 aet
1815 2104 1918 2143 mm

228 2171 336 2228 &crae
361 2175 460 2229 literae
475 2184 595 2247 possunt
618 2186 643 2231 te
661 2185 778 2252 σοφίσαι
797 2184 835 2242 ric
855 2186 993 2250 σωτηρίαν
1005 2199 1061 2251 per
1088 2184 1113 2229 et
1136 2175 1303 2231 uoluntatem
1321 2174 1468 2228 doctrinae
1488 2173 1612 2244 Spiritus
1631 2176 1723 2229 oratio
1742 2183 1769 2228 et
1788 2175 1918 2246 interpre

220 2262 327 2328 fidon,
365 2278 436 2330 quae
464 2269 504 2316 est
527 2263 558 2315 in
585 2261 710 2330 Christo,
737 2265 785 2338 qui
803 2266 888 2323 *locus
911 2267 995 2339 priori
1019 2273 1062 2323 est
1086 2263 1157 2316 tatio
1174 2262 1423 2317 accommodanda.
1460 2258 1493 2314 In
1511 2264 1617 2332 quaest.
1636 2266 1664 2315 ot
1680 2277 1752 2332 resp.
1765 2260 1917 2318 sdcrffiod.

227 2346 310 2419 plene
335 2347 492 2418 parallelus.
518 2357 636 2421 σοφίσαι
658 2352 722 2424 plus
744 2359 787 2409 est
809 2371 892 2425 quem
917 2353 1060 2423 immoene,
1087 2367 1113 2420 q.
1131 2355 1171 2405 31.
1189 2366 1218 2421 p.
1236 2353 1300 2405 320:
1318 2349 1381 2402 Hoc
1400 2347 1468 2419 quia
1485 2365 1541 2401 non
1558 2348 1608 2400 snb
1624 2355 1738 2401 sancme
1756 2346 1919 2420 scriptu-oe

227 2433 367 2508 significet
386 2436 460 2490 enim
477 2438 629 2507 sapientem
648 2441 774 2510 reddere,
790 2442 850 2512 jem
869 2458 933 2497 vcro
951 2441 1060 2512 sapien·
1087 2437 1240 2491 testimonio
1266 2435 1402 2500 adelucis,
1434 2430 1552 2488 ἅπισιον
1575 2434 1740 2488 incredibile
1763 2442 1812 2490 est.
1849 2433 1918 2491 Irus

226 2520 266 2577 tis
287 2528 330 2578 est
353 2523 475 2577 omnium
501 2521 645 2579 habituum
668 2525 896 2583 intellectuslium
917 2533 1059 2600 praestan-
1084 2523 1147 2580 libr.
1173 2529 1195 2579 1.
1218 2523 1281 2577 adv.
1303 2520 1408 2577 haeres.
1434 2537 1458 2576 c.
1485 2526 1512 2577 i:
1542 2519 1675 2588 Τοιαύτης
1697 2524 1744 2588 τῆς
1760 2519 1918 2582 ὑποθέσεως

224 2607 347 2664 tissimus
382 2615 411 2664 et
444 2609 669 2680 perfectissimus.
717 2619 742 2670 2.
773 2614 848 2671 Petr.
882 2621 910 2685 l,
937 2633 971 2683 s.
1013 2621 1059 2670 te:
1086 2607 1177 2664 airoir
1203 2605 1298 2677 olane,
1325 2605 1359 2675 iis
1384 2604 1446 2661 οὔτε
1471 2607 1612 2681 προφῆται
1637 2603 1787 2681 ἐκήρυξαν,
1817 2605 1877 2663 cire
1902 2605 1916 2662 o‘

226 2692 369 2748 Habemus
380 2695 536 2765 firmiorem
549 2699 742 2768 propheticum
755 2700 914 2766 immonem,
934 2702 981 2755 cui
995 2702 1060 2755 bene
1085 2696 1187 2772 Κύριος
1204 2696 1343 2762 ἐδίδαξεν,
1362 2690 1424 2748 oisc
1442 2692 1594 2749 ἆπόσιολοι
1612 2695 1786 2765 παρέδωκαν,
1805 2693 1841 2764 ἥν
1856 2698 1917 2769 περὶ

225 2780 324 2843 saeits's
348 2783 426 2851 cuod
451 2785 603 2837 attendatis
618 2784 691 2838 uelut
709 2785 839 2842 lucernae
855 2788 1014 2858 splendenti
1029 2787 1060 2840 in
1085 2786 1140 2838 τῶν
1163 2782 1233 2844 ὅλως
1256 2781 1370 2854 cilniae
1395 2784 1493 2836 πλεῖον
1515 2782 1571 2837 τῶν
1593 2779 1685 2836 ἄλλων
1701 2780 1868 2852 ἐγνωκέναι,
1890 2782 1918 2845 tt

226 2865 290 2922 ioco
307 2867 473 2936 colipinoso,
491 2870 580 2924 donec
598 2871 741 2926 illucescat
759 2873 820 2928 dies
834 2874 1058 2940 mlrsmferorio·
1086 2868 1224 2945 ἀγράφων
1250 2867 1500 2940 ἀναγινώσκοντες,
1528 2872 1575 2922 tttti
1603 2867 1631 2922 ti
1656 2867 1691 2936 δὴ
1714 2864 1869 2942 isyipsnor
1891 2869 1918 2930 ii

226 2961 273 3009 tur
295 2955 325 3007 in
343 2955 474 3009 cordibus
495 2956 602 3010 nestris.
634 2956 754 3022 Quidem
770 2959 939 3031 existiment,
964 2960 993 3016 in
1015 2961 1059 3015 his
1085 2954 1182 3031 ἄμμου
1209 2961 1317 3028 σχοινία
1350 2959 1460 3010 πλέκειν
1493 2952 1702 3022 ἐπιτηδεύοντες.
1754 2955 1811 3019 Qut
1839 2961 1917 3010 sura

224 3040 316 3097 serbis
334 3040 453 3097 conferri
471 3041 591 3098 invicem
609 3049 712 3100 statum
729 3046 901 3102 credentium
915 3055 980 3104 ento
995 3065 1058 3103 con·
1087 3045 1252 3114 Scriptreras
1275 3049 1518 3112 arpumentaatttrs
1544 3058 1576 3094 tt
1599 3057 1686 3094 ΝΜ
1707 3041 1854 3106 fumi&
1874 3057 1916 3095 Μ

224 3126 378 3182 versionem
397 3134 425 3182 et
441 3127 470 3182 in
490 3129 668 3186 contusione
684 3130 737 3187 hoc
754 3149 849 3202 sensu,
868 3134 943 3205 quod
960 3133 1059 3190 lucifer
1085 3138 1168 3188 stent.
1184 3129 1248 3187 libr.
1267 3134 1292 3186 ³.
1310 3146 1334 3183 c.
1355 3135 1377 3185 l.
1395 3127 1424 3183 in
1441 3127 1528 3199 princ
1546 3127 1680 3196 Apostoli
1692 3127 1726 3181 id
1738 3127 1917 3198 mespelium,

225 3212 335 3269 divinoe
366 3220 395 3269 et
417 3213 546 3269 snlutmis
571 3216 738 3287 cognitionis
760 3216 862 3275 Christi
886 3237 936 3291 per
959 3239 1057 3277 sermo
1085 3219 1162 3290 quad
1173 3215 1419 3287 praedicaverunt,
1437 3214 1467 3266 in
1485 3211 1662 3282 Scrspturam
1675 3222 1777 3284 postea
1789 3230 1848 3287 per
1864 3215 1918 3270 Dei

224 3316 287 3355 nem
303 3300 495 3371 propheticum
513 3301 542 3355 in
562 3301 691 3358 cordibus
707 3303 818 3359 orietur.
838 3313 863 3362 2.
877 3304 939 3363 (lor.
957 3314 981 3372 4,
994 3326 1020 3361 v.
1034 3313 1057 3363 6.
1084 3305 1250 3361 notunmtem
1273 3304 1453 3370 redoperunt,
1472 3301 1692 3368 fundamentum
1719 3309 1744 3355 et
1762 3300 1917 3358 comam

225 3386 274 3441 sed
300 3387 460 3443 concinnius
483 3396 525 3443 est
549 3388 651 3445 referre
673 3391 710 3445 ed
733 3391 907 3450 collationem
928 3393 1010 3466 hujus
1031 3399 1060 3450 et
1079 3391 1154 3459 fidei
1174 3399 1287 3444 nostrae
1298 3390 1438 3456 smurum.
1459 3383 1520 3442 libr.
1541 3387 1630 3458 ejusd.
1650 3402 1674 3441 c.
1693 3391 1715 3441 9.
1737 3403 1766 3458 p.
1788 3390 1853 3444 rto:
1873 3388 1918 3444 Se

218 3470 335 3529 interne
360 3475 441 3529 vitoe.
478 3475 572 3532 Status
594 3475 677 3548 hujus
701 3478 774 3536 vitoe
799 3488 974 3552 comparetur
996 3482 1059 3537 loco
1085 3479 1136 3549 pai
1152 3495 1203 3531 nos
1222 3483 1342 3546 oportet,
1368 3475 1506 3544 siquidem
1530 3474 1646 3528 illorum
1665 3470 1919 3546 (prophetamus

226 3558 359 3630 obscuro,
391 3561 440 3632 qui
462 3561 589 3634 indigeat
611 3563 758 3634 splendore
778 3565 898 3638 alicujus
921 3567 1058 3634 lucernam
1085 3562 1283 3635 apostolorum)
1311 3579 1406 3615 snmus
1435 3559 1584 3630 abnepoti,
1620 3558 1776 3614 testimonio
1805 3559 1917 3616 etam

124 3664 153 3708 11.
166 3664 212 3709 tes.
225 3650 313 3700 status
337 3645 447 3703 futurae
472 3647 546 3703 vitee
572 3655 748 3720 comparetur
771 3650 845 3706 eluro
864 3652 932 3721 diei,
957 3653 987 3708 in
1004 3670 1059 3725 quo
1085 3652 1126 3704 ita
1152 3668 1181 3704 se
1204 3649 1343 3705 labentia.
1362 3645 1410 3703 lib.
1428 3645 1516 3718 ejusd.
1535 3663 1558 3702 c.
1579 3651 1616 3702 il.
1634 3663 1662 3719 p.
1684 3651 1746 3702 ise:
1770 3646 1917 3702 Eacksiat

226 3730 354 3788 Christus
376 3732 475 3789 lucifer
497 3743 589 3790 noster
611 3735 676 3791 luco
698 3737 859 3808 plenissime
883 3748 988 3795 mentes
1009 3741 1058 3795 im-
1085 3737 1213 3791 columna
1238 3744 1264 3789 et
1282 3737 1485 3800 firmamentum
1502 3740 1543 3786 est
1561 3731 1732 3802 eoanpelium
1750 3739 1776 3787 et
1794 3732 1916 3804 spirtu

225 3817 323 3891 plebit.
359 3818 459 3875 Petrus
477 3819 562 3894 igitur
580 3822 706 3879 hortstur
721 3823 872 3895 amenta,
891 3834 923 3882 ut
941 3828 1059 3884 sermoni
1084 3825 1164 3878 vitae
1182 3821 1230 3877 lib.
1250 3821 1337 3892 cjusd.
1357 3837 1380 3875 c.
1402 3826 1440 3875 12.
1460 3836 1487 3891 p.
1508 3823 1570 3874 19²:
1593 3817 1740 3888 Numquid
1758 3821 1916 3889 perfectam

226 3903 389 3976 prophetico
414 3924 469 3962 non
494 3907 548 3962 nisi
569 3908 597 3963 in
622 3908 732 3985 soripfis
750 3911 952 3986 *prophetarum
977 3913 1060 3969 hodie
1086 3917 1151 3963 tunc
1168 3909 1350 3978 repositionem
1370 3905 1417 3975 (de
1435 3904 1509 3971 Deo)
1529 3905 1652 3958 nondum
1670 3903 1789 3959 lubebat
1809 3904 1916 3970 esna,

226 3991 335 4047 sonenti
357 3990 424 4047 Luc.
442 3997 466 4062 3,
485 4009 509 4049 r.
530 4001 554 4050 4.
573 3995 661 4050 Actor
679 3998 717 4062 ts,
734 4014 762 4054 r.
781 4003 821 4055 tr.
840 3999 868 4054 in
886 3999 969 4070 hujus
985 4001 1060 4056 vitae
1087 4012 1169 4066 poem
1192 4003 1294 4064 postea
1320 3993 1521 4047 adinvenerunt
1549 3990 1600 4044 tit
1626 3990 1808 4060 imperfectus
1835 3992 1917 4065 ipim

226 4076 346 4150 caligine
375 4076 521 4150 diligenter
546 4081 705 4152 attendent,
739 4083 827 4141 donec
851 4086 887 4140 od
912 4085 1001 4142 lucem
1021 4086 1059 4141 vi·
1085 4082 1236 4136 secondum
1259 4079 1310 4133 bot
1329 4081 1443 4149 Ptine,
1470 4077 1630 4147 imperfecti
1651 4084 1743 4132 witto
1766 4085 1795 4132 ti
1815 4076 1917 4151 relicti

224 4169 271 4219 esc
286 4171 415 4220 eetsruee
429 4163 581 4236 adspirent.
594 4174 741 4239 σοοσέχνιν
752 4171 892 4243 significet
902 4190 958 4227 non
970 4173 1058 4228 solum
1086 4166 1220 4239 apostoli,
1245 4174 1270 4220 et
1291 4164 1441 4236 oportebit,
1466 4179 1512 4217 eos
1530 4162 1721 4245 rericucentes
1738 4162 1841 4222 borum
1851 4164 1917 4237 fisi

224 4249 347 4305 snimnm
364 4249 677 4323 adhibere,attendere,
699 4255 811 4313 adrem
829 4257 950 4330 aliquem
968 4266 1057 4315 etten-
1085 4253 1253 4323 anamma,
1285 4260 1315 4306 nt
1341 4260 1367 4305 et
1392 4250 1451 4321 ipsi
1473 4249 1598 4320 perfecti
1613 4236 1695 4320 flacii
1715 4239 1798 4306 ⁴¹Seri
1821 4258 1849 4307 et
1869 4250 1914 4308 ine

224 4341 284 4391 tum
300 4335 433 4409 (κοσμῶ
451 4336 535 4393 etium
552 4338 752 4412 obtemporare,
770 4360 930 4415 permanere
948 4362 982 4399 ac
997 4362 1057 4416 per-
1086 4343 1196 4414 quictem
1232 4338 1385 4393 riduaram
1410 4345 1459 4393 eet.
1505 4339 1669 4405 Asperuntnr
1697 4354 1762 4390 ocra
1789 4338 1842 4393 isti
1867 4354 1914 4394 sos

225 4420 329 4477 sistere.
365 4421 411 4479 Sic
436 4440 502 4495 crgo
526 4441 559 4480 ex
584 4425 636 4496 hoc
658 4426 721 4482 loco
741 4429 940 4487 concludimus.
976 4431 1057 4495 Quic·
1085 4430 1196 4500 quidem
1214 4426 1413 4497 apostolorum»
1432 4423 1484 4477 tul
1499 4439 1568 4476 ΜΘ
1586 4423 1677 4476 malae
1694 4425 1848 4481 sententias
1861 4439 1915 4481 titt

225 4507 293 4579 quid
318 4515 361 4563 est
378 4508 493 4565 lucerne
511 4510 651 4567 deducens
671 4532 721 4570 uos
742 4517 955 4585 perobscurum
975 4516 1058 4588 hujus
1085 4513 1226 4584 elismpnli.
1253 4511 1301 4567 lib.
1328 4517 1353 4567 t.
1381 4528 1404 4566 c.
1433 4515 1474 4566 63.
1500 4528 1528 4581 p.
1555 4513 1617 4566 tet:
1647 4509 1765 4578 donitio
1789 4526 1859 4567 nera
1880 4517 1915 4567 stt

224 4593 299 4648 vitae
316 4591 415 4648 vobem
434 4595 471 4649 ed
489 4594 601 4652 futurae
619 4599 691 4653 vitos
710 4599 814 4670 lucem,
832 4600 901 4657 illud
921 4604 1004 4657 etiem
1022 4604 1057 4656 cd
1085 4599 1276 4671 apostolorum
1301 4599 1431 4652 doctrina
1457 4604 1483 4651 et
1511 4597 1642 4667 ante'prsus
1670 4595 1805 4652 eccless'ese
1830 4605 1914 4655 acus

225 4678 342 4737 saluum
367 4679 490 4750 perfecte
509 4700 558 4738 nos
580 4683 698 4738 iustruit.
739 4685 794 4741 Sed
814 4703 903 4742 sermo
920 4688 1058 4760 propheti·
1085 4688 1114 4741 in
1136 4685 1264 4739 uniuerso
1289 4685 1393 4738 mundo
1418 4691 1443 4737 et
1467 4683 1627 4737 charactere
1652 4684 1781 4754 corporis
1803 4682 1912 4740 cortu

197 4772 199 4777 ⁴
224 4782 274 4821 cus
293 4766 322 4820 iu
341 4764 491 4838 scripturis
509 4783 610 4822 senens
630 4769 744 4825 deducit
760 4789 809 4827 nos
829 4773 866 4827 ed
882 4774 1000 4830 sulutem
1018 4777 1057 4829 vi·
1084 4773 1131 4828 lib.
1150 4772 1237 4843 ejusd.
1257 4788 1280 4828 c.
1299 4777 1340 4827 69.
1360 4789 1389 4843 p.
1409 4774 1473 4825 300:
1493 4768 1553 4823 Nos
1572 4785 1655 4822 unum
1673 4777 1700 4823 et
1715 4768 1807 4824 solum
1825 4786 1915 4826 omns

224 4858 270 4909 tte
288 4859 426 4908 aeternae.
452 4850 528 4924 Ergo
546 4853 582 4907 ed
602 4855 718 4910 salutern
730 4857 853 4928 perfecte
872 4877 922 4915 nos
938 4858 1057 4916 intimuit
1086 4863 1176 4915 Deum
1200 4861 1512 4926 transcampana,
1538 4862 1563 4908 et
1581 4853 1706 4923 repetam
1723 4856 1854 4913 amatis
1869 4859 1915 4912 ls-

228 4945 249 4994 1.
266 4937 330 4993 doh.
353 4944 373 4993 l.
392 4954 418 4992 r.
437 4943 468 4992 l:
497 4941 577 4994 Haec
594 4942 741 4996 scribimus
762 4945 853 5010 vobis,
875 4955 906 4999 ut
923 4948 1059 5014 paudium
1086 4946 1175 4999 bentes
1192 4946 1253 5014 ejus
1274 4959 1422 5012 sermones,
1441 4943 1477 4996 de
1495 4941 1594 4995 iisdem
1611 4957 1719 5011 semper
1736 4943 1837 4998 eam
1850 4943 1914 4999 dici·

158 5102 161 5107 ἡ
224 5034 344 5078 oestrum
361 5025 398 5076 sit
413 5026 583 5094 perfectum,
604 5027 651 5083 ubi
668 5027 791 5085 observa
818 5040 838 5087 i.
856 5031 969 5099 Eadem,
987 5050 1059 5105 quse
1084 5051 1158 5095 mus.
1184 5049 1277 5085 onanes
1302 5049 1386 5084 unum
1411 5031 1503 5084 Deum
1528 5030 1644 5083 sciemcs
1659 5029 1807 5096 factorem
1835 5030 1916 5103 isius

225 5109 425 5165 annuntiarunt
441 5111 571 5183 apostoli,
592 5113 645 5184 ipsi
664 5114 747 5170 etiam
766 5117 944 5189 scripserunt,
963 5125 994 5172 ut
1010 5136 1059 5190 pn·
1084 5119 1280 5172 universitatis.
1320 5116 1364 5172 De
1392 5116 1489 5172 eodem
1512 5113 1627 5170 Irenaeo
1650 5124 1848 5187 commemorat
1863 5114 1916 5173 Su·

225 5200 267 5251 tet
285 5214 318 5251 ex
337 5211 362 5249 v.
384 5201 407 5250 3.
431 5196 495 5251 lom
516 5215 581 5254 vero
601 5201 694 5256 omnis
711 5202 1057 5259 necessarieennuntiese·
1084 5203 1140 5259 seb.
1166 5202 1214 5258 lib.
1240 5210 1265 5258 t.
1282 5201 1355 5258 Hist.
1380 5220 1404 5257 c.
1433 5208 1471 5259 18.
1495 5202 1571 5273 quod
1592 5200 1621 5255 in
1639 5201 1759 5273 epistole
1776 5203 1813 5259 sd
1829 5200 1917 5261 Flori-

225 5289 298 5336 runt.
343 5280 418 5354 Ergo
457 5282 539 5338 etiem
573 5286 666 5341 omnic
697 5287 852 5344 necoemris
881 5291 1058 5360 scripserunt.
1084 5307 1150 5345 num
1173 5289 1277 5360 scripto
1301 5287 1417 5356 referat,
1442 5306 1472 5342 ss
1496 5289 1588 5341 adlruc
1606 5305 1727 5359 puerum
1750 5307 1814 5345 cum
1832 5288 1917 5361 Palp-

227 5373 251 5424 t.
269 5367 411 5423 lohannes
428 5366 551 5439 loquitur
566 5387 621 5425 non
634 5372 712 5429 dese
730 5377 796 5447 solo,
815 5375 864 5432 sed
881 5375 916 5430 dc
933 5375 1059 5432 omnibus
1085 5393 1171 5446 corpo
1199 5376 1228 5431 in
1246 5376 1319 5429 Asia
1343 5372 1479 5435 inferiori
1496 5373 1607 5442 finisse,
1637 5390 1670 5429 ea
1695 5393 1750 5444 qno
1777 5376 1919 5432 audiverit

225 5452 338 5524 reliquis
365 5452 398 5508 N.
424 5453 458 5508 T.
485 5455 671 5527 scriptoribus.
710 5466 734 5516 ³.
762 5460 920 5534 scripturos
945 5461 1009 5517 linis
1031 5470 1060 5518 et
1085 5462 1179 5518 omnia
1198 5461 1353 5532 serpena
1372 5460 1537 5529 conformia.
1572 5458 1676 5514 Lartem
1693 5456 1809 5535 (iuquit)
1827 5461 1920 5537 ipsun

225 5539 342 5599 effectus
363 5539 501 5608 sternitur,
519 5542 699 5625 ut'poudium
718 5546 825 5616 piorum
843 5547 879 5601 sit
896 5546 1057 5617 perfectum.
1084 5563 1298 5604 commemorare
1315 5565 1393 5617 queo,
1411 5546 1440 5600 in
1457 5563 1511 5616 pao
1523 5547 1619 5600 beatus
1631 5544 1809 5618 Polycarpus
1820 5540 1921 5606 ναίω

547 5620 559 5651 “,.
580 5624 602 5655 l.
