3984 6022
723 241 775 294 nn
795 238 1011 299 66666666
1029 242 1161 301 sacua
1422 237 1427 253 ¹
1748 258 1788 313 st

91 391 155 447 Jam
175 406 240 445 vero
258 391 383 461 quaestio
403 391 437 447 de
456 408 562 448 canone
580 394 700 465 pertinet
717 395 754 450 ad
773 395 927 450 (1661616666
952 395 1149 464 celebrabant).
1196 399 1318 455 Tantum
1344 416 1410 471 erge
1439 397 1531 467 abest,
1561 403 1593 452 ut
1624 405 1716 468 patres
1744 399 1792 455 isti

92 475 165 533 fidei
196 474 272 548 Ergo
290 476 320 530 in
339 492 373 532 ea
392 477 492 533 Isidori
510 478 608 551 regula
624 479 798 536 observanda
813 488 863 549 est,
880 498 927 535 cu·
952 479 1068 537 Judaeis
1095 484 1123 538 in
1152 483 1347 541 constituendo
1363 500 1468 538 canone
1485 482 1630 555 indulgere
1647 484 1792 551 voluerint,

85 563 131 631 J‘us
161 561 257 634 vigore
286 560 438 618 Laodiceni
465 564 558 635 petius
587 581 670 636 quam
691 564 927 637 Carthaginiensis
951 573 982 622 ut
1002 566 1154 624 haereticos
1173 569 1391 640 pronuntiarint,
1411 567 1459 639 qui
1477 567 1506 622 in
1523 586 1553 624 re
1570 568 1729 639 adiaphora,
1750 568 1789 623 vi-

87 646 198 702 ooncilii
217 647 358 703 decisione
384 649 530 717 standum,
554 656 586 705 ut
602 648 670 705 nihil
690 650 725 705 de
742 667 774 706 eo
794 651 926 721 dicamas,
951 652 1052 709 delicet
1080 655 1109 709 in
1137 654 1258 711 Judaica
1290 654 1430 726 paschatis
1457 652 1615 708 celebrandi
1644 660 1789 711 consuetu-

87 732 163 802 quod
189 730 426 804 Carthaginiensis
450 734 559 790 concilii
585 735 722 791 sententia
741 753 796 791 nen
817 742 926 808 pugnet
951 739 1015 793 dinc
1041 741 1209 811 pertinacius
1242 745 1456 812 perseverarent
1484 737 1550 793 Can.
1582 745 1621 797 29.
1651 745 1791 796 statuunt:

85 835 153 873 curn
172 816 332 876 Laodiceae
358 819 488 890 concilio,
513 826 546 876 ut
568 836 619 877 sue
645 822 706 876 lece
724 821 924 877 demonstrabi·
950 826 1016 879 Nen
1036 834 1164 895 opertere
1188 825 1790 895 0161616661661616666,6666116116

85 920 154 959 mus.
196 902 326 975 Denique
347 903 496 961 concilium
520 904 709 962 Laodicenum
732 905 923 961 confirmatum
949 927 1065 980 secare,
1088 914 1140 965 sed
1165 913 1283 982 operari
1310 930 1356 966 ees
1381 913 1411 965 in
1439 911 1536 964 eadem
1553 910 1601 962 die
1620 911 1791 966 dominicam

85 995 128 1045 est
146 988 258 1061 injure
275 986 409 1045 66666166
426 1006 449 1044 6.
467 989 561 1045 Prima
578 991 640 1048 dist.
666 998 703 1047 16.
721 1009 746 1050 6.
763 993 827 1048 Non
845 1008 923 1062 epor-
949 995 998 1049 6111
1021 996 1081 1049 diei
1101 999 1314 1066 praeponendo.
1352 996 1380 1052 Si
1404 995 1456 1050 hec
1480 995 1509 1048 in
1531 1011 1561 1048 re
1576 993 1724 1051 noluerunt
1740 996 1790 1053 Ju-

85 1080 133 1131 tet
152 1074 217 1131 eisc
238 1078 277 1131 lb.
302 1074 409 1129 lisdem
429 1075 489 1130 lece
506 1075 699 1132 confirmatum
716 1084 759 1133 est
776 1076 922 1132 concilium
949 1080 1026 1135 dacis
1044 1080 1196 1152 indulgere,
1223 1082 1285 1152 quis
1305 1081 1473 1152 persuadere
1488 1080 1541 1134 sibi
1559 1079 1687 1151 patietur,
1713 1080 1789 1153 qued

86 1158 278 1217 Laodiceam
291 1176 310 1215 6
326 1158 428 1228 Leone,
445 1178 500 1233 que
518 1161 707 1217 confirmatum
720 1168 763 1217 est
776 1162 922 1217 concilium
949 1167 978 1219 in
1001 1167 1120 1237 gratiam
1149 1184 1241 1220 oerum
1260 1166 1343 1220 libros
1362 1164 1497 1237 quosdam
1515 1182 1577 1220 rere
1594 1165 1742 1221 canonicos
1760 1167 1791 1222 in

87 1244 318 1317 Carthaginiense
336 1262 359 1300 c.
381 1246 416 1301 de
432 1244 534 1301 libellis
554 1247 616 1301 dist
634 1254 674 1304 211.
702 1248 777 1320 Ergo
797 1250 922 1319 616666-
950 1252 1067 1307 ecclesie
1090 1252 1146 1323 legi
1173 1249 1384 1323 prohibuerint?
1417 1259 1441 1306 t.
1460 1251 1651 1305 [6661166666
1675 1252 1790 1306 senesii·

85 1330 246 1388 cteritatem
265 1328 405 1386 Pentifieii
424 1331 532 1387 elevare
549 1340 696 1404 nequeunt.
734 1332 923 1388 2111116661-
950 1356 997 1390 666
1026 1338 1222 1405 praetermittit
1253 1337 1339 1389 etiam
1370 1335 1543 1402 erranpeliam
1567 1337 1675 1405 16666,
1714 1340 1792 1407 qood

84 1417 173 1488 piunt,
190 1417 384 1471 Laedmmnm
402 1417 549 1472 conciliem
568 1418 634 1472 illes
654 1419 924 1487 timerettimcret,
950 1429 1042 1474 tantan
1067 1440 1130 1475 cere
1151 1423 1323 1476 carsenieam.
1359 1421 1440 1490 Resp.
1468 1420 1497 1473 in
1519 1418 1649 1490 Epitome
1676 1422 1789 1477 concili·

85 1505 121 1557 de
144 1502 244 1573 praebeo
269 1502 339 1556 certi
364 1511 444 1556 erem
467 1504 605 1573 epitomii,
632 1520 692 1558 esse
711 1520 758 1556 666
776 1504 923 1557 canonicor
950 1524 1028 1560 orum
1046 1507 1187 1561 Caranzae
1215 1505 1459 1577 praetermittitur,
1487 1503 1536 1560 sed
1561 1504 1596 1559 ab
1620 1504 1788 1561 6111666161-

86 1597 111 1642 et
135 1588 261 1656 dieinm,
292 1587 401 1641 interim
434 1607 490 1642 non
515 1591 615 1657 aspari
637 1590 808 1656 666661116,
840 1590 923 1642 etiam
950 1591 1016 1659 bus,
1040 1592 1087 1663 qui
1106 1591 1202 1662 aliqua
1222 1591 1257 1646 de
1277 1609 1363 1646 causa
1380 1589 1538 1661 catalogum
1558 1589 1692 1646 librorum
1708 1608 1789 1649 caue·

85 1674 209 1745 reliques
235 1690 294 1727 esse
318 1675 467 1727 canonicos
473 1715 481 1743 ,
505 1676 557 1728 sed
574 1692 633 1727 rens
651 1676 766 1728 debiam
783 1677 922 1743 666661-
949 1676 1072 1730 nieorum
1105 1676 1251 1730 ediderunt
1289 1674 1463 1746 evangelium
1496 1674 1589 1729 Lucae
1623 1676 1652 1729 16
1684 1692 1790 1733 canem

85 1759 196 1813 6166166.
226 1759 265 1812 At
285 1759 922 1827 06611691616666666661166666616166ἀὶ6·
949 1768 1116 1816 numeratur.
1153 1761 1228 1833 Ergo
1246 1760 1292 1814 hic
1310 1776 1386 1815 error
1404 1759 1514 1814 concilii
1535 1776 1568 1813 ex
1586 1758 1649 1813 aliis
1665 1760 1789 1817 conciliis

85 1863 168 1916 66666
195 1844 354 1908 definiebas
385 1845 473 1908 illud,
500 1847 577 1915 praed
599 1846 789 1899 Laodicennm
811 1846 922 1899 arabiam
950 1852 977 1899 et
996 1845 1122 1915 patribus
1148 1845 1338 1917 corrigendus.
1375 1844 1430 1900 Sed
1457 1843 1529 1898 enim
1551 1843 1581 1897 in
1605 1843 1666 1914 ipso
1684 1860 1789 1902 canone

86 1929 249 1999 reliqueret.
304 1930 386 2000 Resp.
418 1930 472 1984 ime
497 1946 562 1984 vere
591 1929 699 1985 disertis
727 1929 818 1984 vorbis
851 1931 923 1986 seles
950 1929 1059 1984 concilii
1075 1930 1226 1986 Laodiceni
1244 1947 1335 1984 errore
1352 1928 1445 2000 petius
1463 1925 1576 1993 librarii,
1592 1944 1677 1999 qnam
1694 1929 1790 2002 aliqua

85 2014 233 2069 canonicos
257 2014 314 2085 legi
337 2015 446 2081 velunt,
473 2020 502 2069 61
526 2014 554 2069 in
578 2016 772 2071 canonicorum
795 2016 923 2086 catalogo
950 2022 1058 2085 patrum
1090 2016 1174 2086 culpa
1199 2015 1375 2087 evangelium
1399 2014 1494 2068 Lucae
1516 2012 1647 2069 emissum
1671 2013 1789 2084 videtur,

84 2099 160 2168 illes,
181 2099 217 2154 de
235 2098 336 2171 quibus
353 2100 578 2169 controvertitur,
596 2102 825 2171 praetermittunt.
861 2101 923 2156 Bel·
949 2116 1013 2154 nam
1043 2099 1071 2153 in
1099 2100 1220 2155 editione
1239 2099 1397 2154 Coloniensi
1422 2097 1545 2155 Severini
1571 2097 1646 2152 Binii
1671 2105 1736 2154 tem.
1766 2106 1788 2156 t.

85 2185 217 2241 lemnus
235 2185 295 2255 ipse
311 2183 362 2238 lib.
386 2184 924 2257 1.(166666611616.2111666111ςί1,
949 2183 1033 2239 Ceno.
1061 2202 1089 2254 p.
1111 2190 1169 2241 292.
1202 2185 1305 2240 diserte
1322 2185 1394 2238 inter
1411 2183 1557 2238 canonicos
1576 2182 1648 2240 Novi
1665 2183 1789 2242 Testem.

83 2271 226 2340 psalmam
254 2274 313 2325 151.
347 2271 427 2339 enjus
459 2271 560 2324 mentio
582 2273 618 2341 fit
645 2273 680 2324 ab
705 2273 865 2325 Athanasio
894 2273 923 2324 in
949 2269 1033 2325 hhros
1065 2276 1231 2325 numeratur.
1286 2269 1319 2323 ln
1350 2268 1475 2323 versione
1510 2267 1643 2323 Gentiani
1675 2268 1790 2326 Herveti

88 2356 224 2426 Spnepsi,
247 2373 303 2410 nen
321 2372 380 2410 esse
398 2356 576 2423 eanonicam,
600 2358 668 2425 6616
685 2357 832 2410 conciliem
850 2359 922 2411 Lae·
950 2354 1033 2409 etiam
1053 2354 1162 2408 Baruoh
1181 2355 1319 2410 Jeremiae
1340 2353 1503 2415 annectitur,
1521 2359 1550 2406 et
1563 2353 1697 2424 epistolae
1711 2354 1788 2411 1666-

87 2443 215 2497 166666
239 2459 300 2495 eram
323 2441 452 2495 Romane
477 2443 528 2494 661
550 2440 667 2495 Gelasio
685 2442 793 2505 tabita,
820 2451 845 2494 et
863 2461 923 2495 666.
949 2439 1021 2494 miae
1046 2439 1235 2506 nominantur,
1260 2456 1323 2494 cum
1347 2437 1429 2492 unica
1455 2437 1589 2492 duntaxat
1611 2437 1647 2492 sit
1666 2439 1695 2493 in
1715 2438 1788 2496 libre

87 2527 255 2582 Tridentino
278 2526 398 2579 concilio
421 2531 475 2580 150
492 2527 621 2596 psalraos
638 2529 667 2580 in
687 2545 793 2581 canone
806 2537 923 2597 ponant,
950 2524 1058 2578 Baruch
1076 2524 1201 2594 epistola,
1219 2525 1269 2578 sed
1288 2525 1317 2577 in
1335 2522 1456 2578 editione
1473 2522 1596 2579 Severini
1613 2523 1688 2578 Binii
1706 2524 1786 2580 omit·

86 2612 166 2678 Quod
197 2611 222 2665 si
248 2627 315 2684 erge
341 2611 465 2681 psalmus
494 2618 549 2666 151.
576 2629 609 2667 ex
637 2628 670 2667 ee
694 2619 768 2667 recte
791 2613 925 2682 probatur
949 2609 1024 2662 titur.
1068 2608 1254 2680 Apocalypsis
1280 2609 1309 2662 in
1337 2607 1463 2662 omnibus
1481 2606 1648 2663 editionibus
1665 2615 1787 2679 praeter·

86 2697 268 2770 apocryphus,
289 2696 355 2768 quia
374 2703 422 2752 150
444 2696 578 2751 duntaxat
596 2696 695 2768 psalmi
714 2696 875 2752 nominatim
894 2699 923 2752 in
950 2693 1058 2756 mittar,
1076 2694 1183 2765 quade
1204 2710 1233 2748 rc
1254 2693 1323 2764 quid
1342 2692 1534 2762 statuendum,
1554 2710 1603 2747 sue
1622 2694 1682 2749 loce
1701 2711 1786 2766 appa

86 2782 210 2838 conciliis
233 2788 388 2854 penuntar,
420 2782 481 2852 pari
508 2782 615 2837 ratione
639 2799 808 2853 consequens
832 2783 924 2851 fuerit,
949 2778 1028 2833 rebit-
1066 2778 1158 2843 Quare
1181 2794 1244 2832 cum
1268 2777 1445 2848 exceptiones
1461 2777 1515 2834 hae
1531 2777 1561 2832 in
1581 2778 1701 2835 medium
1720 2780 1788 2837 alla-

86 2868 168 2924 libres
185 2867 249 2923 illes
266 2884 314 2922 sex
333 2875 521 2922 controverses
539 2885 593 2923 nen
611 2884 671 2922 esse
683 2867 838 2938 canonicos,
857 2869 924 2940 quia
949 2871 994 2919 tae
1012 2863 1114 2917 nullius
1133 2863 1189 2917 sint
1206 2863 1336 2934 ponderis
1356 2878 1388 2916 ac
1405 2862 1525 2932 roboris,
1552 2863 1614 2920 ideo
1632 2865 1739 2921 Ederus
1758 2867 1787 2922 in

86 2952 247 3008 nominatim
273 2959 305 3008 22
334 2959 442 3008 tantum
462 2952 526 3007 libri
545 2969 562 3007 a
580 2952 695 3007 concilio
714 2952 873 3009 Laodiceae
893 2955 922 3008 in
948 2964 1087 3005 ottonom.
1106 2947 1200 3002 biblic-
1226 2948 1274 3002 lib.
1301 2955 1322 3003 1.
1348 2965 1412 3019 pag·
1433 2953 1474 3004 36.
1494 2949 1551 3003 tab·
1571 2955 1612 3005 42.
1633 2951 1729 3006 merite
1747 2951 1786 3007 fa·

85 3054 190 3094 canone
220 3043 367 3109 ponuntur.
410 3038 493 3093 Adde
527 3038 601 3108 qued
624 3056 679 3092 nen
703 3042 810 3092 tantum
829 3045 921 3108 patres
947 3041 1033 3103 tetur,
1055 3034 1085 3086 in
1104 3033 1224 3087 coneilio
1244 3032 1405 3093 Laodiceae
1423 3033 1530 3086 nattam
1548 3034 1664 3088 istorum
1678 3044 1785 3090 666166-

86 3122 196 3179 cencilii
207 3123 358 3179 Laodiceni
372 3140 422 3177 sue
435 3122 544 3177 silentio
562 3129 591 3176 et
608 3123 853 3193 praetermissione,
872 3125 920 3178 sed
947 3135 1088 3172 veraomm
1107 3119 1243 3172 librorum
1260 3118 1325 3181 fieri
1342 3119 1513 3172 1111111ἱο11111-

85 3207 169 3263 etiam
192 3208 292 3280 reliqui
316 3208 449 3263 ecclesiae
471 3207 611 3262 orientalis
634 3213 727 3278 patres
753 3208 856 3263 diserta
874 3225 921 3263 no·
983 3209 1025 3259 77.
1055 3204 1100 3257 Ab
1127 3202 1243 3257 ecclesia
1271 3203 1433 3255 Laodicena
1460 3203 1489 3254 in
1516 3203 1643 3270 Pbrppia
1670 3204 1887 3261 minoritatem.

86 3294 236 3349 minatione
259 3293 433 3364 apocryphos
460 3293 625 3361 excludunt,
654 3298 685 3346 ut
710 3298 808 3363 postea
837 3310 921 3364 appa·
949 3289 1036 3369 46166
1054 3289 1167 3357 repient
1182 3288 1384 3357 prepredimer
1402 3287 1593 3340 aeecclesiae
1606 3288 1739 3344 16616666
1755 3292 1787 3346 in

85 3378 164 3435 rabit.
183 3382 209 3435 3.
227 3376 356 3433 Cesterus
376 3378 405 3431 16
421 3376 533 3433 Ε661116.
552 3395 575 3431 6.
599 3383 620 3435 1.
641 3396 668 3449 p.
686 3384 727 3434 65.
748 3379 788 3432 616
806 3378 921 3448 excipit:
950 3375 1021 3426 Asia
1038 3375 1162 3441 najme,
1183 3391 1202 3426 a
1220 3373 1318 3440 11111111
1335 3374 1447 3424 verbum
1466 3373 1548 3426 DEI
1559 3375 1718 3442 profectum
1738 3385 1785 3433 est.

85 3466 185 3519 Patres
210 3463 257 3517 6111
281 3481 338 3517 nen
355 3464 516 3533 abjecerant
536 3465 586 3517 bes
605 3464 692 3517 libres
712 3472 847 3532 tamqnam
867 3481 922 3516 nen
952 3465 971 3513 1.
996 3458 1057 3514 Cor.
1081 3464 1120 3513 14.
1143 3475 1169 3510 v.
1189 3463 1230 3512 36.
1267 3456 1366 3511 Exstat
1392 3456 1468 3528 apud
1496 3457 1648 3514 Eusebium
1675 3460 1736 3517 libr.
1761 3468 1786 3519 4.

85 3567 191 3619 samer,
211 3566 260 3602 nec
277 3542 456 3603 6666666661
472 3567 528 3603 non
546 3566 605 3604 erse
623 3551 780 3613 canonicos,
800 3552 852 3603 sed
867 3568 922 3601 nen
948 3544 1050 3597 Hister.
1074 3544 1170 3599 eccles.
1194 3560 1217 3597 c
1243 3549 1282 3597 25.
1308 3541 1424 3614 epistola
1446 3543 1587 3599 Melitonis
1611 3545 1783 3604 Sardicensis

86 3643 300 3690 nammeeerant
328 3635 400 3689 inter
430 3634 513 3699 61166,
547 3636 598 3704 qni
625 3636 655 3688 ia
686 3635 805 3688 ecclesie
836 3643 923 3689 essent
947 3628 1070 3700 episcopi
1087 3628 1124 3683 ad
1134 3629 1302 3697 Onesimum,
1320 3629 1348 3683 16
1366 3646 1422 3700 qua
1440 3636 1580 3699 memorat,
1599 3646 1629 3686 66
1647 3632 1684 3689 ad
1696 3634 1785 3690 eccle·

87 3721 214 3791 iependi,
240 3721 324 3790 idque
348 3722 518 3791 praeamtrm
536 3729 655 3792 prepter
676 3721 806 3773 Judaees
831 3722 872 3774 ad
887 3723 923 3789 fi·
948 3715 1003 3769 sias
1019 3714 1146 3771 Judmos
1163 3714 1214 3769 hec
1232 3713 1287 3769 fine
1305 3714 1472 3785 profectum,
1494 3721 1526 3769 ut
1543 3715 1578 3770 de
1600 3719 1713 3773 canonis
1734 3719 1789 3775 sin·

87 3809 149 3862 dem
174 3823 320 3861 6661666666
341 3815 367 3860 61
378 3808 447 3875 sere
460 3808 655 3877 judaizantes,
680 3806 779 3876 quibas
798 3807 923 3876 Pbrppin
949 3802 1062 3856 66611616
1079 3800 1148 3854 certi
1168 3800 1235 3872 quid
1255 3807 1446 3872 cognesceret,
1477 3801 1501 3854 is
1533 3801 1652 3858 eundem
1677 3805 1789 3862 omnine

86 3894 120 3947 ab
146 3893 340 3964 apostoloram
365 3893 532 3962 temporibus
553 3892 724 3946 abundabat.
763 3893 924 3946 116666161-
950 3887 1143 3941 canonicorum
1160 3886 1293 3941 librorum
1311 3903 1456 3941 numerum
1476 3905 1540 3943 eum
1554 3889 1655 3944 6661616
1664 3891 1789 3947 ecclesiis

86 3997 146 4032 ram
169 3979 263 4032 666611
284 3978 332 4032 stis·
351 3985 450 4048 patres
478 3977 594 4031 irritare
611 3977 767 4045 noluerant,
786 3977 824 4030 iis
844 3977 925 4030 libret
949 3978 1083 4026 recenset
1120 3971 1244 4042 Rogatus
1270 3976 1330 4026 erat
1352 3971 1397 4026 hic
1422 3971 1518 4028 Melite
1536 3973 1572 4028 ab
1592 3973 1734 4046 Onesimo,
1758 3982 1791 4032 ut

93 4064 119 4118 V.
141 4062 173 4117 Τ.
195 4064 225 4117 in
246 4062 362 4117 eeclesia
381 4063 520 4131 lepontiis,
546 4079 614 4130 ques
634 4061 681 4114 illi
698 4063 728 4114 in
747 4079 852 4115 oenone
869 4064 924 4116 Hc·
949 4064 1073 4112 veterum
1090 4056 1222 4112 librorum
1239 4063 1342 4112 certam
1358 4075 1492 4113 summam
1504 4061 1713 4130 praescriberet,
1734 4079 1789 4134 que

87 4150 234 4203 16666666
246 4165 302 4201 nen
314 4147 458 4201 habebant.
487 4146 571 4217 Resp.
588 4146 781 4201 Decreverunt
792 4163 847 4202 666
865 4163 925 4202 6666
950 4142 991 4196 1111
1009 4144 1065 4196 6161
1084 4158 1197 4196 numero
1216 4149 1246 4197 et
1263 4159 1319 4213 que
1346 4144 1443 4198 ordine
1468 4144 1609 4214 dispositi,
1637 4145 1677 4199 illi
1704 4146 1790 4217 igitur

87 4232 219 4305 legendos
269 4232 344 4304 Ergo
376 4231 458 4287 etiarn
484 4231 666 4291 decreverunt
688 4249 744 4287 non
765 4249 824 4287 esse
843 4249 923 4287 cane-
950 4228 1022 4282 inter
1047 4228 1103 4282 alia
1132 4228 1172 4281 sic
1195 4227 1339 4283 rescribit:
1361 4230 1522 4297 Ditipenter
1546 4231 1577 4284 in
1601 4232 1653 4284 bec
1669 4232 1734 4298 fai,
1759 4240 1790 4286 ut

87 4318 170 4385 61666,
189 4317 257 4389 quia
273 4317 337 4372 libri
353 4318 382 4371 in
399 4316 518 4371 ecclesia
533 4316 645 4389 legendi
664 4323 692 4372 et
708 4318 836 4372 canonici
854 4319 923 4373 Lae·
951 4315 1003 4367 tibi
1027 4315 1060 4366 id
1078 4321 1255 4383 praestarem
1277 4315 1367 4367 sciens
1384 4315 1507 4367 stodiam
1526 4323 1602 4368 1666
1621 4332 1689 4384 erpa
1699 4317 1790 4386 fidem

88 4401 248 4459 dicensibus
273 4401 403 4456 dicuntur
423 4402 570 4473 reciproce.
606 4403 687 4466 Quod
715 4419 780 4458 vere
803 4403 832 4456 in
849 4402 925 4456 fave·
952 4407 977 4453 61
994 4399 1172 4467 ditipentiam
1189 4416 1224 4452 ac
1241 4401 1417 4454 arduitatem
1438 4401 1515 4454 circa
1528 4402 1695 4468 doctrinam,
1713 4404 1791 4472 qaod

87 4505 143 4544 rem
163 4487 336 4544 iudaeorum
352 4487 392 4541 ita
409 4487 593 4551 decreverint,
609 4486 788 4542 falsissimum
805 4495 861 4557 est,
879 4505 925 4542 ne·
952 4487 1006 4538 ista
1021 4485 1198 4554 potissimam
1216 4486 1373 4554 desiderio,
1390 4503 1445 4555 eae
1464 4503 1532 4555 erpa
1551 4489 1642 4541 Deam
1662 4489 1790 4558 afficeris

88 4590 140 4644 que
167 4573 241 4628 enirn
265 4589 355 4627 canen
379 4570 443 4628 fidei
468 4573 503 4627 ad
521 4572 655 4643 placitum
672 4572 814 4627 hominum
831 4572 924 4627 161166-
952 4580 978 4625 61
995 4588 1090 4625 amere
1109 4580 1241 4626 aeternae
1254 4572 1364 4637 salutis,
1379 4590 1435 4643 pre
1451 4574 1656 4643 mwdeeertas,
1672 4576 1789 4644 petiere

87 4663 193 4715 1666166.
236 4658 280 4713 Ac
308 4659 331 4713 si
355 4674 387 4713 ee
412 4657 523 4714 nomine
547 4658 582 4713 de
605 4657 648 4711 his
671 4656 750 4713 libris
767 4659 925 4726 tacuissent,
952 4658 1048 4709 decas.
1084 4658 1184 4726 Itaque
1201 4658 1233 4711 in
1253 4659 1385 4713 orientem
1403 4674 1530 4712 66666666
1549 4667 1625 4712 6166
1644 4659 1705 4714 1666
1724 4678 1788 4715 eea·

87 4761 179 4800 nenne
204 4743 298 4815 petius
321 4742 527 4813 prohibuissent
550 4744 682 4814 epistolas
705 4742 787 4798 Pauli
811 4743 867 4814 legi
893 4748 926 4798 ut
951 4743 1074 4806 61116166,
1098 4744 1145 4796 nbi
1161 4744 1217 4796 ista
1237 4753 1301 4797 6661
1318 4752 1344 4798 61
1355 4744 1528 4815 praeamata
1545 4752 1678 4815 6166616,
1703 4747 1731 4801 V.
1754 4748 1785 4800 T.

88 4829 245 4898 mnenicas,
262 4844 335 4901 quae
346 4828 464 4884 iudaeis
481 4828 568 4883 multo
585 4828 742 4894 ediosieres,
760 4845 842 4901 quam
860 4828 924 4884 libri
952 4827 1040 4880 libros
1066 4827 1217 4896 dilipenter
1238 4830 1362 4897 repnites
1385 4831 1415 4883 in
1436 4830 1564 4884 ordinem
1579 4831 1687 4901 subjeci
1704 4840 1729 4886 61
1747 4836 1790 4887 ad

87 4914 318 4971 Maccabaeerurn
349 4915 394 4970 vel
423 4914 589 4984 Sapientiae.
639 4914 673 4969 In
699 4930 759 4968 can.
791 4920 815 4970 2.
850 4915 924 4968 illins
953 4922 977 4966 16
994 4915 1072 4977 misi,
1091 4932 1208 4983 queram
1226 4916 1295 4970 baec
1310 4924 1374 4969 6661
1389 4917 1504 4970 nemina
1521 4924 1571 4970 616.
1589 4915 1618 4970 in
1637 4933 1693 4987 que
1713 4923 1786 4973 cata·

87 4999 197 5056 concilii
216 4999 383 5054 dsmnsntm
406 4999 676 5063 Tuseraderatitee,
701 5001 757 5054 rive
775 4996 1016 5070 quarteria-hlego
1043 5000 1083 5053 illi
1106 5001 1377 5070 praetermittuntur,
1405 5001 1439 5054 de
1464 5001 1564 5071 quibus
1592 5001 1664 5056 inter
1686 5019 1736 5058 nes
1759 5008 1788 5060 et

88 5085 203 5152 cemani,
236 5085 285 5155 qui
314 5084 382 5140 luna
411 5091 450 5142 14.
482 5084 564 5154 primi
591 5085 692 5140 1666616
720 5102 784 5139 cum
808 5084 924 5141 iudaeis
951 5084 1111 5142 Pontificios
1129 5086 1348 5142 conhovertitur
1377 5085 1474 5140 Melite
1491 5086 1545 5141 fuit
1564 5087 1710 5159 episcopus
1724 5086 1787 5145 Sar·

88 5170 191 5240 pascha
217 5168 390 5227 celebrarent
413 5166 561 5238 (referente
588 5170 659 5225 enim
679 5170 800 5227 Eusebio
825 5171 876 5229 lib
900 5178 924 5228 t.
951 5171 1070 5226 dioensis
1091 5171 1148 5240 (vel
1171 5178 1203 5226 61
1221 5171 1336 5226 Eusebii
1358 5171 1492 5243 interpres
1517 5172 1600 5228 vertit
1622 5171 1786 5243 Sardensis).

88 5254 158 5311 liist
185 5255 284 5311 eccles
312 5271 336 5310 6.
362 5260 403 5312 at.
427 5262 456 5311 61
474 5254 588 5312 Socrate
613 5255 661 5310 lib.
682 5262 704 5311 1.
731 5272 754 5311 c
775 5262 799 5313 6.
826 5257 873 5312 alii
891 5248 1014 5381 ex>Jam
1039 5273 1105 5311 vero
1131 5257 1249 5313 ecelesia
1272 5257 1442 5313 Sardicensis
1466 5264 1509 5312 est
1525 5274 1583 5313 una
1600 5275 1635 5313 ex
1652 5258 1707 5314 illis
1725 5276 1786 5331 sep·

89 5340 251 5397 Christianis
269 5342 456 5413 sequebantur
473 5357 575 5396 morem
593 5340 777 5409 iudaeorum,
794 5343 841 5398 alii
857 5359 938 5398 vero
949 5348 1004 5396 tem
1029 5341 1152 5397 ecclesiis
1176 5341 1273 5410 Asiae,
1298 5343 1399 5413 quibus
1422 5343 1564 5399 iohannes
1592 5361 1626 5399 ex
1654 5346 1787 5403 mandate

90 5424 131 5482 die
162 5425 302 5482 dominice
326 5425 449 5499 prexime
477 5433 517 5485 14.
541 5426 635 5482 lunam
661 5434 792 5498 sequente
817 5428 938 5498 paseha,
951 5427 1052 5483 Christi
1070 5427 1189 5500 scripsit
1224 5428 1313 5499 Apes
1335 5436 1358 5485 3.
1383 5449 1409 5485 v.
1431 5435 1454 5485 1.
1489 5428 1616 5487 metata
1636 5446 1704 5505 ergo
1720 5428 1784 5487 Sar·
