3984 6022
813 260 866 318 DE
883 261 1044 323 NATURA
1059 264 1135 322 ΒΗ
1754 277 1816 339 2g1

122 417 227 472 riniani
243 415 309 474 licet
330 415 458 473 notitiam
475 413 530 471 Dei
554 417 709 473 naturalem
732 417 818 489 plane
844 423 956 491 negent,
985 417 1064 477 Petri
1085 421 1230 489 tribuitur,
1254 440 1308 481 nec
1330 429 1439 480 mutum
1459 423 1528 480 dicit
1544 440 1622 495 enm,
1649 422 1697 498 qni
1715 423 1819 481 lfilium

122 502 208 558 selris
224 510 318 561 tamen
342 502 398 558 suis
415 501 618 577 hypothesibus
644 504 724 560 ulitur
750 509 873 561 stutnere
902 521 958 560 non
985 508 1153 564 contumelia
1171 508 1272 575 efficit,
1300 508 1382 566 stium
1399 509 1513 566 Patrem
1539 509 1819 582 blasphemumne

123 598 248 663 possunt,
266 605 348 662 quam
365 587 551 662 cognitionem
564 588 618 646 Dei
630 590 666 644 ed
685 591 802 647 runem
820 590 958 648 001110100-
984 592 1105 649 affirmat
1121 595 1193 651 adeo
1211 612 1298 651 unum
1315 602 1343 652 st
1361 594 1510 652 indivisum
1530 612 1591 652 esse
1602 596 1695 654 Petris
1715 594 1820 653 effiffi

124 682 182 733 tem
201 675 318 749 gentiles
336 674 422 733 etiem
438 680 516 730 extra
535 675 679 733 ecclesiam
701 676 805 735 bebere
827 677 958 749 putruisse.
984 679 1130 751 bonorem,
1147 686 1193 751 ut,
1215 681 1261 754 qni
1284 699 1341 739 non
1357 681 1474 739 honorat
1492 680 1608 754 Filium,
1636 699 1688 738 nec
1705 682 1819 741 Putrem

124 761 215 840 Socin.
240 763 269 818 in
293 761 373 835 epist.
401 762 521 836 quadam
549 762 585 819 de
609 761 663 820 buc
689 764 849 836 quaestione
873 773 960 838 neget
983 767 1072 838 possit
1086 767 1229 827 honorere.
1261 775 1283 825 1.
1301 768 1366 825 doh.
1379 774 1404 839 2,
1422 774 1505 826 ute:
1526 768 1584 833 Qui
1601 777 1684 838 nepat
1702 769 1818 840 Μίνωι,

125 865 185 905 esse
203 848 401 906 menendum.
436 847 536 906 Franc.
555 848 675 906 Puccins
692 849 838 916 Filiorum,
856 850 905 922 qui
921 851 958 906 ad
984 869 1033 908 nec
1049 854 1167 909 Putrem
1183 855 1272 909 habet.
1297 861 1321 913 1.
1337 854 1401 911 Joh.
1414 861 1438 925 5,
1455 873 1481 909 v.
1496 860 1542 911 11:
1565 856 1658 911 Vitem
1675 863 1819 913 artemon

124 935 303 992 Photinianos
318 934 433 993 tandem
449 932 600 993 eccemisee
617 935 735 1003 videtur,
753 942 786 993 ut
802 937 959 1009 exsumptis
985 940 1064 995 dedit
1080 941 1159 996 nobie
1178 942 1274 1009 Deris,
1301 950 1326 995 et
1352 942 1421 997 haec
1446 941 1505 996 uite
1528 949 1570 997 est
1592 942 1623 996 ιἰι
1644 940 1723 996 Folio
1749 942 1818 1013 qiua
1855 974 1861 988 ·

123 1021 195 1078 inter
213 1020 305 1093 ipsum
323 1028 352 1079 et
364 1019 495 1079 Socinum
511 1021 687 1079 commutetis
705 1022 885 1095 probabiliter
903 1023 958 1078 col-
984 1043 1010 1079 v.
1027 1031 1071 1082 tt:
1095 1026 1151 1090 err‘
1167 1027 1248 1082 hehet
1258 1028 1375 1093 Filium,
1392 1029 1473 1082 hehet
1489 1028 1585 1096 vium,
1602 1028 1652 1097 qui
1667 1045 1724 1082 non
1737 1027 1819 1087 110101

122 1108 238 1180 ligitur,
259 1107 349 1164 edidit
365 1108 485 1180 librum,
508 1109 538 1165 in
558 1127 613 1183 quo
631 1110 820 1168 demonstrare
844 1116 960 1165 conatur
985 1111 1092 1167 h'ilium
1111 1114 1185 1183 Dei,
1204 1113 1290 1168 chum
1307 1131 1362 1168 non
1381 1114 1468 1167 hahet.
1509 1111 1654 1170 Subsumn
1691 1112 1744 1179 Qui
1763 1131 1820 1172 non

123 1195 207 1249 011001
226 1196 343 1264 penicles
360 1197 421 1251 rina
433 1198 495 1266 fide
511 1197 542 1250 in
560 1195 700 1278 chrhtum
715 1199 807 1264 ιἰιίιιο
825 1197 957 1267 calcator,
985 1197 1113 1270 agnoscit
1125 1198 1236 1269 Filium,
1254 1199 1279 1254 is
1296 1215 1359 1255 sum
1379 1198 1541 1270 nonhabet,
1559 1215 1626 1273 ergo
1643 1217 1695 1256 nec
1706 1199 1820 1260 Putrem

122 1281 168 1337 oni
179 1280 375 1338 refutationem
386 1281 502 1338 solidam
514 1282 645 1354 opposuit
657 1283 800 1340 Osiander.
820 1283 958 1356 Georgius
984 1283 1083 1353 babet,
1110 1301 1177 1358 ergo
1195 1303 1247 1342 nec
1267 1302 1362 1341 verum
1381 1284 1490 1354 Deum,
1517 1285 1593 1341 uude
1614 1285 1697 1342 etiam
1715 1286 1819 1344 ethnici

123 1366 308 1423 Zamosecius
315 1367 439 1424 Polonns
448 1368 478 1423 in
488 1369 606 1441 praefat.
618 1370 715 1442 scripti
723 1371 871 1443 cujusdam
879 1370 958 1426 Anti·
985 1369 1115 1426 dienntur
1125 1370 1212 1427 fnisse
1226 1367 1307 1426 tent
1319 1372 1380 1426 eine
1394 1374 1457 1427 Deo
1470 1370 1541 1442 Eph.
1554 1376 1577 1439 2,
1591 1390 1616 1426 r.
1631 1376 1670 1441 12,
1689 1378 1822 1444 respectu

122 1453 437 1512 minuendorum
458 1455 571 1514 Nubere
589 1456 762 1513 Dentiscsno
780 1457 809 1512 in
829 1456 958 1513 Latinum
985 1456 1092 1513 scilicet
1107 1457 1235 1513 salutaris
1253 1475 1287 1513 ac
1304 1455 1445 1514 salvificae
1461 1456 1576 1513 notitiae
1590 1457 1671 1513 unius
1686 1457 1818 1531 veriDd,

124 1541 249 1599 conrasi
274 1547 305 1598 et
326 1540 455 1598 Dantisci
475 1561 548 1599 anno
566 1548 626 1601 eut.
646 1544 714 1601 editi
732 1545 902 1601 demonstrat
925 1561 959 1600 ex
985 1543 1116 1599 dicuntur
1132 1545 1277 1614 ipnoroese
1298 1545 1399 1599 Deum.
1437 1541 1500 1599 Gal.
1519 1550 1551 1608 4,
1574 1561 1599 1597 v.
1618 1549 1642 1601 8.
1666 1545 1767 1600 omissa
1787 1545 1819 1601 ιἰι

122 1626 352 1685 Photinianornm
368 1627 509 1701 theologia
526 1630 658 1703 consequi
683 1631 829 1701 quemlibet
855 1632 884 1685 in
905 1649 957 1684 100
985 1631 1153 1700 temporibus
1169 1630 1356 1696 ignorantiae.
1380 1628 1445 1687 Aet.
1467 1635 1506 1699 11,
1525 1647 1552 1683 v.
1571 1634 1613 1686 ³0.
1633 1631 1668 1684 dc
1685 1634 1746 1686 Deo
1763 1648 1819 1687 non

123 1715 272 1782 relrpione,
289 1732 478 1785 quamcunque
495 1719 607 1771 undem
625 1718 768 1787 amplexus
778 1718 884 1785 suerit,
902 1718 958 1771 rol·
985 1717 1136 1771 audiuisse.
1160 1714 1239 1772 Rom
1261 1722 1301 1786 111,
1316 1735 1344 1776 r.
1359 1721 1400 1773 14.
1420 1720 1446 1772 2.
1474 1715 1590 1788 Absque
1607 1716 1706 1772 notitia
1717 1715 1820 1774 Christi

123 1801 188 1855 nori
201 1818 287 1871 poste
304 1801 362 1856 eice
380 1802 418 1856 sit
434 1803 564 1856 Jndaenc
581 1802 638 1858 siue
659 1805 751 1857 Tucca
768 1805 826 1858 sice
845 1805 958 1858 Anabo-
985 1801 1143 1858 mediatoris
1161 1802 1280 1859 salutem
1297 1817 1353 1856 non
1370 1817 1453 1874 posse
1471 1799 1590 1859 obtineri
1601 1802 1683 1858 docet
1693 1801 1825 1861 serator

118 1887 210 1957 ptiete
226 1888 284 1941 eive
302 1888 430 1942 ,4νὶ0001
453 1889 512 1944 sive
530 1888 714 1945 Chrs'ota‘onus.
751 1889 815 1945 Huc
834 1889 959 1961 pertinet,
984 1889 1048 1945 Joh.
1071 1895 1111 1958 11,
1128 1907 1155 1944 v.
1173 1895 1202 1945 tr
1229 1888 1311 1943 Haec
1327 1896 1367 1943 eet
1384 1889 1442 1944 vitu
1461 1896 1590 1958 adorno,
1614 1897 1645 1942 ut
1664 1898 1819 1958 agnoscunt

123 1974 199 2046 quod
216 1972 345 2030 absolute
364 1973 418 2030 Dei
438 1973 625 2032 misericordie
642 1976 747 2032 debent
770 1976 872 2032 remitti
895 1993 959 2047 pec·
986 1984 1012 2030 tc
1028 1975 1119 2030 solum
1136 1992 1231 2030 suurn
1248 1976 1341 2030 Deum
1360 1983 1385 2029 et
1402 1992 1483 2045 quem
1501 1976 1604 2031 misisti
1619 1976 1719 2030 Jeeum
1739 1976 1818 2034 oue-

124 2065 196 2130 natn,
213 2060 288 2132 qnod
298 2066 403 2133 negant
413 2060 515 2118 Christi
532 2061 749 2119 satisfactionem
766 2081 799 2119 ec
810 2065 880 2119 talos
893 2063 958 2119 fidei
985 2070 1064 2116 stum.
1100 2063 1163 2118 Act.
1185 2066 1210 2131 4,
1229 2079 1253 2115 v.
1274 2065 1319 2117 12:
1336 2063 1403 2117 Non
1420 2071 1461 2117 ert
1477 2062 1511 2123 ιἰι,
1527 2062 1587 2118 olio
1605 2080 1713 2135 quoque
1731 2063 1818 2135 salu,

123 2146 433 2219 articulosproponnnt,
454 2148 502 2221 qni
519 2154 631 2220 praeter
649 2154 678 2204 et
694 2157 772 2205 extre
789 2150 868 2206 serbi
883 2167 957 2206 rese·
985 2164 1033 2204 nec
1050 2148 1135 2203 uliud
1159 2163 1258 2202 nomen
1282 2148 1378 2201 dutum
1405 2147 1568 2202 hominidei.
1605 2153 1629 2204 3.
1656 2147 1737 2206 Seius
1763 2165 1819 2207 non

122 2232 255 2289 lationem
274 2249 308 2288 ex
323 2239 440 2290 naturae
451 2235 556 2290 lumine
573 2234 705 2308 cognosci
722 2243 838 2308 possunt
846 2236 958 2293 Cstsch.
985 2233 1105 2307 obtingit
1122 2233 1229 2306 absque
1253 2230 1363 2289 Christo
1386 2236 1415 2288 et
1437 2239 1516 2289 extre
1535 2232 1683 2290 christum.
1718 2233 1820 2295 chere

123 2319 227 2375 Baeov.
236 2337 264 2391 p.
275 2325 316 2376 25.
327 2325 367 2377 26.
393 2321 569 2387 Quaestioni:
590 2322 731 2385 Quaenam
750 2332 821 2392 sunt,
836 2341 907 2393 quae
919 2327 959 2378 ad
985 2319 1119 2377 beneficia
1136 2320 1172 2375 ad
1196 2318 1319 2375 homines
1342 2335 1399 2375 non
1419 2318 1553 2389 redeunt,
1578 2320 1632 2376 nisi
1652 2339 1702 2393 per
1725 2321 1819 2379 media

123 2407 270 2460 essentium
290 2407 348 2460 Dei
360 2408 512 2477 pertinent,
527 2426 649 2478 prorsus
670 2410 711 2462 od
726 2410 844 2464 aubeterre
870 2428 958 2466 necea·
985 2406 1117 2463 divinitus
1136 2404 1265 2461 institute
1283 2412 1312 2463 et
1328 2405 1471 2475 ordinate,
1498 2422 1548 2477 per
1570 2406 1686 2463 verbum
1712 2407 1819 2466 mutuet

122 2493 213 2561 soma,
230 2493 378 2565 respondet
393 2493 447 2550 hoc
464 2495 561 2550 modo:
581 2495 651 2550 Sunt
669 2512 711 2561 eo,
730 2499 807 2566 quod
818 2498 897 2551 Deus
913 2500 958 2552 rit.
985 2492 1120 2566 evangelii
1140 2498 1169 2549 et
1185 2498 1358 2549 sumomonte
1378 2491 1404 2548 ei
1416 2491 1519 2547 addite.
1545 2492 1622 2565 Ergo
1639 2491 1745 2566 ubsque
1762 2511 1817 2552 me·

123 2582 201 2650 quod
216 2580 254 2634 eit
271 2588 377 2634 tontum
390 2599 470 2651 enus,
489 2583 566 2651 quod
584 2590 723 2651 aeternus,
742 2585 819 2652 qnod
834 2586 959 2654 perfecte
985 2581 1055 2651 diis,
1072 2596 1124 2652 per
1141 2597 1213 2652 quee
1231 2578 1334 2636 curisti
1350 2576 1485 2637 beneficia
1499 2578 1582 2650 juxta
1596 2577 1652 2636 Dei
1670 2580 1818 2639 ordimuo·

118 2669 227 2738 justris,
248 2670 375 2739 perfecte
394 2670 509 2738 cupiens
528 2676 554 2723 et
574 2671 701 2740 perfecte
721 2678 829 2739 potens.
869 2669 957 2727 Ostor.
985 2685 1047 2724 nem
1059 2665 1220 2736 offeruntur,
1229 2682 1286 2722 non
1296 2664 1419 2738 obtingit
1431 2664 1589 2745 hominibus
1600 2664 1685 2736 salus,
1700 2665 1780 2725 Beue
1794 2673 1818 2741 1,

122 2755 209 2812 instit.
226 2770 251 2810 o.
270 2759 294 2810 3.
310 2772 339 2826 p.
358 2761 407 2812 28:
436 2757 558 2811 Praeter
576 2756 643 2812 hoec
663 2756 735 2810 nita
753 2757 836 2812 aliud
858 2759 959 2812 ecimus
985 2772 1010 2808 v.
1040 2759 1085 2811 tu:
1116 2754 1304 2822 evangelion
1331 2760 1371 2808 eet
1391 2753 1521 2824 potentia
1534 2752 1606 2808 ·Dss'
1630 2754 1673 2808 ud
1699 2755 1819 2813 satuens

123 2842 238 2911 cognitu
254 2841 447 2911 maeonium,
467 2850 600 2913 quomens
617 2845 658 2897 od
675 2845 822 2898 atentiam
843 2845 904 2898 Dei
918 2853 958 2899 ot·
985 2840 1062 2897 omni
1086 2838 1219 2896 credenti.
1256 2845 1281 2897 4.
1312 2837 1378 2896 Sine
1405 2835 1461 2895 fide
1488 2837 1518 2895 in
1547 2837 1687 2896 Christum
1715 2840 1820 2899 nemini

126 2928 203 2982 tinet.
239 2927 327 3000 Atqui
344 2926 398 2983 istu
417 2928 509 2984 omnin
537 2945 571 2986 ex
593 2929 713 2985 nuturnli
737 2930 835 2986 notitia
857 2930 960 2986 hauriri
984 2927 1128 3000 obtingere
1146 2926 1265 2983 euntem
1286 2942 1413 2996 expresse
1431 2929 1568 2982 unomen
1591 2925 1686 2982 divina
1708 2927 1820 2985 orscule

123 3020 254 3086 possunt,
274 3030 340 3087 ergo
356 3014 439 3085 juxtu
455 3014 684 3070 Photinianornm
707 3015 874 3088 hypothesin
894 3035 960 3090 gen·
985 3015 1052 3073 solis
1068 3012 1154 3070 radiis
1175 3012 1287 3084 scripu,
1307 3011 1393 3069 Marc.
1415 3017 1453 3082 to,
1470 3030 1496 3072 r.
1517 3017 1563 3070 tu:
1585 3013 1639 3078 Qui
1654 3031 1710 3069 non
1728 3015 1818 3071 credi·

122 3101 189 3158 tiles
201 3117 305 3167 eorum,
322 3117 396 3174 quae
415 3100 452 3155 ud
470 3101 587 3157 salutem
604 3108 669 3157 sunt
682 3103 847 3167 necessaris,
866 3104 958 3175 cogni·
986 3101 1067 3170 derit,
1086 3099 1321 3155 condemnabitur.
1356 3096 1420 3153 Joh.
1440 3103 1472 3167 ³,
1491 3117 1517 3154 s.
1538 3104 1584 3156 te:
1614 3099 1672 3163 Qui
1688 3119 1744 3156 non
1761 3117 1818 3157 ors·

123 3189 228 3244 tionem
246 3205 279 3244 ex
290 3195 391 3244 ranna
403 3196 498 3259 petere
515 3194 671 3260 potuerunt
700 3194 725 3244 5.
745 3188 873 3262 Denique
886 3190 961 3245 idem
985 3189 1104 3258 ditjam
1114 3187 1322 3257 judicaturete.
1333 3202 1358 3238 v.
1368 3188 1415 3241 36:
1437 3184 1492 3249 Qui
1501 3185 1666 3241 incredulus
1680 3196 1720 3242 est
1732 3187 1820 3260 11110,

123 3273 223 3330 statuit
233 3272 435 3331 Muhemmetes
447 3275 476 3331 in
488 3276 581 3333 Aleor.
594 3292 695 3332 uacare
712 3277 847 3332 secunda:
868 3277 961 3332 Scien-
986 3294 1042 3330 non
1057 3274 1160 3329 uidebit
1183 3272 1277 3327 011010.
1310 3269 1375 3327 Joh.
1394 3275 1438 3340 14,
1463 3288 1489 3325 v.
1508 3275 1539 3328 b:
1567 3273 1656 3326 Nemo
1680 3275 1754 3329 oens't
1778 3276 1822 3331 ud

123 3362 192 3416 dum
207 3360 384 3431 ymnum,
401 3363 533 3432 quonium
545 3362 632 3416 omnir
643 3371 716 3416 recte
727 3363 820 3418 cicens
831 3364 961 3418 Judaeuc
991 3364 1110 3430 Putrem,
1127 3359 1186 3414 nini
1197 3375 1253 3431 per
1269 3374 1320 3427 me,
1339 3374 1372 3413 en
1386 3357 1467 3412 uerbo
1479 3355 1585 3413 scilicet
1594 3357 1731 3432 evangelii
1741 3359 1820 3432 agni·

122 3447 182 3502 0100
200 3445 378 3502 01111ιί0000
403 3465 453 3502 seu
473 3449 533 3518 tege
554 3449 654 3504 relicto
676 3448 706 3503 ιἰι
728 3449 816 3503 oliam
839 3453 960 3519 undans,
986 3455 1045 3503 tum
1063 3453 1091 3505 et
1106 3463 1174 3502 vers
1191 3444 1248 3501 fide
1265 3443 1476 3517 apprehensum.
1503 3442 1589 3501 Hebr.
1603 3450 1643 3515 tl,
1661 3463 1688 3504 r.
1703 3451 1732 3503 6:
1751 3445 1821 3503 Sine

124 3534 217 3588 omnis
235 3533 341 3613 00111001
358 3536 450 3589 Deum
473 3536 600 3589 odorans
626 3535 743 3605 bonique
769 3543 864 3605 postor
879 3538 960 3592 indu·
980 3536 1041 3605 fide
1058 3533 1230 3604 impossitsle
1249 3540 1289 3585 ert
1301 3533 1364 3586 Deo
1379 3532 1502 3602 placere.
1530 3538 1554 3588 5.
1566 3531 1642 3589 verr
1657 3530 1727 3590 fides
1744 3549 1819 3593 exte

124 3621 248 3675 dham
266 3621 392 3674 diuinum
409 3637 532 3675 umorem
549 3630 716 3692 assequetur.
985 3621 1022 3676 rit
1036 3639 1067 3677 se
1084 3636 1135 3691 per
1151 3619 1225 3674 bone
1235 3618 1352 3691 Deoqne
1370 3623 1452 3690 matu
1471 3635 1564 3691 opera,
1581 3618 1683 3691 Ephes.
1697 3624 1723 3689 2,
1740 3638 1766 3675 v.
1778 3625 1819 3679 to.

13 3718 58 3766 nn
72 3721 110 3766 er.
161 3711 203 3764 82.
240 3705 399 3779 Antequam
417 3723 483 3762 sero
497 3712 594 3762 contre
612 3707 685 3762 hene
704 3706 860 3779 opinionem
878 3723 960 3779 argu·
986 3707 1077 3763 Galat
1095 3713 1120 3776 5,
1138 3723 1164 3760 ι.
1184 3711 1208 3761 t.
1241 3703 1301 3761 Jac
1319 3710 1343 3775 2,
1361 3723 1389 3760 r.
1408 3711 1448 3762 14.
1482 3705 1558 3777 Ergo
1575 3704 1624 3761 ubi
1641 3722 1697 3761 non
1716 3707 1819 3764 udsunt

124 3799 218 3850 menta
244 3797 340 3848 nostre
368 3795 555 3864 proferemus,
581 3795 734 3848 notandum
766 3800 787 3849 1.
818 3811 873 3849 ιιοιι
900 3811 960 3851 esse
985 3795 1058 3850 boun
1076 3809 1162 3865 opere
1176 3791 1238 3848 Deo
1258 3795 1352 3864 grata,
1375 3791 1415 3849 ibi
1432 3809 1484 3848 nec
1500 3808 1567 3849 vera
1583 3790 1669 3865 tides3
1693 3793 1743 3849 ubi
1761 3810 1819 3851 nun

125 3879 316 3953 qneestionem
336 3879 370 3935 de
388 3878 538 3952 gentilibus
558 3880 595 3934 sd
613 3880 758 3935 ecclesium
777 3878 958 3936 Israeliticam
986 3888 1028 3937 est
1045 3897 1111 3937 vern
1127 3878 1207 3948 fides,
1224 3876 1265 3934 ibi
1282 3895 1334 3934 nec
1353 3894 1472 3950 persone
1487 3877 1550 3934 Deo
1568 3878 1678 3951 plaeere
1697 3886 1796 3951 potest.

123 3966 305 4039 congregatis.
334 3971 358 4021 2.
375 3981 427 4021 nee
445 3964 480 4020 de
497 3965 618 4020 nutureli
634 3964 734 4020 notitis
751 3965 841 4036 qualis
857 3965 913 4020 fuit
929 3965 958 4019 iu
1020 3972 1061 4025 81.
1096 3965 1259 4022 Assumtum
1274 3964 1371 4021 itidem
1387 3970 1502 4020 comtut
1530 3963 1656 4021 Gentiles
1677 3973 1700 4022 1.
1716 3983 1818 4038 eogno-

123 4051 215 4125 primo
233 4050 351 4116 homine,
369 4051 417 4106 sed
438 4051 474 4106 de
490 4050 641 4123 gentilibus
664 4058 742 4107 extra
766 4050 911 4107 ecclesiam
931 4059 960 4107 et
984 4059 1085 4109 verunt
1101 4051 1212 4124 quidem
1228 4051 1320 4107 Deum
1338 4067 1412 4122 esse,
1430 4051 1550 4107 eundem
1568 4067 1628 4107 esse
1645 4067 1739 4116 unum,
1757 4068 1817 4110 esse

123 4140 162 4194 de
184 4137 284 4196 notitia
306 4137 443 4205 nuturnli,
470 4138 560 4210 quelis
588 4145 630 4194 est
658 4138 685 4192 in
713 4136 870 4194 hominibus
896 4144 960 4210 post
981 4141 1097 4211 justum,
1117 4137 1255 4192 vindicem
1266 4137 1410 4206 scelernm,
1429 4137 1479 4191 sed
1496 4138 1616 4192 eundem
1634 4153 1693 4193 esse
1710 4138 1739 4192 in
1755 4154 1817 4210 per·

121 4225 233 4296 lapsum
252 4230 329 4279 extre
347 4223 425 4279 verbi
442 4224 652 4295 revelationem,
681 4240 764 4297 quum
786 4224 958 4282 adsalutem
984 4226 1058 4283 sonis
1074 4223 1191 4293 trinum,
1211 4221 1331 4278 normali
1349 4221 1448 4277 notitia
1465 4238 1633 4294 cognoscere
1650 4239 1706 4277 non
1720 4228 1817 4294 potne-

121 4310 335 4367 insufficientem
355 4328 416 4367 esse
433 4311 559 4382 dicimus,
578 4311 663 4384 idque
679 4311 828 4382 probamus
846 4311 899 4368 hoe
916 4329 959 4367 ar·
984 4321 1056 4379 runt,
1074 4309 1142 4383 quin
1161 4309 1216 4366 imo
1234 4325 1271 4364 ne
1289 4307 1402 4380 quidem
1419 4307 1540 4364 uatmnli
1557 4307 1607 4363 ills
1624 4307 1724 4364 notitia
1741 4314 1831 4393 recto¹

121 4404 271 4471 gumento:
299 4397 464 4469 Quicunque
490 4397 616 4453 destituti
644 4397 722 4454 fuere
754 4405 775 4454 1.
801 4398 959 4471 cognitione
984 4398 1027 4454 usi
1046 4401 1123 4466 sunt,
1152 4395 1201 4451 sed
1218 4395 1340 4464 pluriam
1360 4395 1419 4449 Dei
1436 4395 1657 4464 incorruptibilis
1674 4400 1817 4451 nuum

122 4484 208 4540 unitus
225 4483 284 4539 veri
301 4483 369 4553 Dei,
395 4483 442 4556 qui
463 4489 506 4539 est
521 4483 620 4555 Peter,
642 4484 730 4539 Filius
748 4491 777 4539 et
798 4483 917 4557 Spiritus
935 4502 957 4540 a.
984 4485 1014 4537 in
1032 4481 1156 4546 formans
1173 4481 1292 4536 hominis
1303 4480 1495 4550 corruptibilia
1512 4487 1565 4536 ete
1584 4479 1665 4536 Rom
1684 4483 1706 4550 1,
1724 4499 1752 4537 r.
1766 4485 1816 4538 ta:

123 4579 149 4629 2.
175 4569 275 4626 notitia
294 4568 396 4625 Christi
420 4569 585 4626 mediatoris.
631 4580 656 4628 3.
680 4554 790 4639 mediis,
815 4588 866 4642 per
886 4587 958 4644 quoe
984 4568 1059 4625 unde
1076 4567 1215 4623 Lutherus
1234 4567 1338 4640 inquit3
1367 4567 1485 4622 Ethm‘ci
1510 4575 1694 4635 copnooerunt
1714 4568 1816 4623 diuini·

123 4656 228 4714 curisti
246 4655 381 4713 beneficis
398 4656 551 4713 offeruntur
573 4661 678 4712 trena
694 4657 723 4710 in
740 4655 878 4711 Christum
895 4655 958 4713 fide
983 4665 1079 4723 tatem,
1101 4657 1153 4709 red
1170 4655 1251 4709 111001
1273 4673 1328 4710 ιιοιι
1344 4663 1417 4710 recte
1433 4654 1607 4718 dior'serunt,
1631 4655 1817 4711 mecoenas

124 4752 149 4801 5.
170 4742 300 4815 operibus
323 4759 387 4799 sere
405 4743 485 4799 bonis
510 4760 543 4797 uc
562 4743 623 4799 Deo
647 4741 837 4813 placentibus,
859 4742 900 4797 illi
926 4736 959 4800 ex
984 4743 1057 4799 enim
1069 4741 1137 4796 Diis
1148 4740 1249 4808 salcis.
1272 4739 1398 4797 cnunc
1417 4739 1465 4795 lib.
1478 4745 1503 4795 4.
1523 4737 1608 4795 instit.
1629 4744 1690 4796 et
1709 4757 1737 4810 p.
1753 4745 1816 4797 1111
1828 4759 1869 4801 m
1882 4756 1917 4800 ee

122 4829 248 4887 nuurrsli
263 4828 317 4884 Dei
341 4827 440 4885 notitia
462 4829 580 4884 sulutem
603 4834 744 4885 ueternum
769 4828 880 4884 haurire
902 4846 957 4885 non
984 4827 1165 4898 Philosophi,
1184 4827 1319 4897 patricos
1337 4827 1443 4894 colunt,
1468 4825 1576 4880 similes
1593 4833 1658 4879 runt
1675 4834 1725 4881 001
1742 4825 1818 4894 ,111111

121 4922 283 4990 potnertmt
314 4914 403 4988 Atqui
421 4914 540 4988 gentiles
557 4920 636 4970 extru
653 4914 797 4970 eeclesiam
815 4913 959 4970 constituti
984 4915 1123 4971 addicatis
1141 4922 1190 4967 out
1204 4913 1292 4966 seroie
1307 4913 1450 4981 fugitiuis,
1472 4912 1541 4982 quio
1566 4928 1616 4965 nec
1641 4911 1689 4967 itti
1704 4919 1819 4982 putrent

121 5001 253 5060 omnibus
275 5001 331 5057 illis
349 5006 503 5057 senuerunt.
539 5000 623 5073 Ergo.
658 5001 748 5073 Major
765 5000 904 5072 probetur.
935 5007 957 5056 1.
983 5008 1129 5074 quaerunt,
1147 5017 1197 5053 nec
1215 5000 1246 5053 hi
1263 4998 1413 5054 dominum.
1442 4998 1482 5050 Et
1499 4996 1817 5055 cicutubdr'catihoere·

121 5092 216 5148 vens
235 5087 312 5144 Dens
330 5087 358 5141 in
377 5087 461 5144 verbo
478 5104 538 5143 sese
556 5087 596 5142 sic
614 5087 762 5157 patefecit,
783 5087 856 5158 quod
874 5088 910 5143 sit
928 5069 1101 5172 miditatem
1117 5085 1217 5139 Patris
1232 5102 1287 5138 non
1305 5090 1491 5152 assequuntur
1508 5091 1534 5136 et
1549 5082 1674 5151 suqs'tios'
1697 5082 1817 5152 impeni-

120 5174 246 5235 essentia
262 5191 351 5242 unus,
375 5173 404 5229 in
426 5173 552 5246 personis
570 5172 672 5227 trinus:
698 5171 798 5242 Pater,
824 5172 912 5228 Filius
930 5180 958 5230 et
983 5183 1075 5242 tatem,
1094 5172 1135 5224 r'tn
1149 5185 1236 5239 ncqrsc
1243 5167 1408 5238 philosophi
1420 5168 1657 5223 immortalitatem
1669 5168 1817 5238 occipiunt,

121 5260 243 5336 Spiritus
261 5277 283 5314 e
319 5260 373 5327 Qui
390 5277 457 5333 ergo
474 5278 531 5316 non
555 5260 681 5332 ugnomit
704 5275 767 5314 enm
791 5259 843 5315 isto
867 5261 958 5330 modo,
983 5278 1055 5332 quoe
1073 5266 1112 5312 eet
1131 5256 1212 5326 rcpnc'
1228 5255 1352 5310 coelestis
1369 5255 1539 5333 1001011101,
1557 5255 1575 5312 ι’.
1590 5272 1612 5311 e.
1625 5254 1817 5310 mmmumbo·

120 5349 146 5405 is
173 5365 229 5403 non
249 5346 377 5419 egnosdt
398 5364 493 5403 verum
511 5348 611 5403 Deum.
647 5346 709 5402 doh.
728 5353 756 5416 5,
780 5363 805 5401 v.
825 5351 873 5402 23:
903 5348 959 5410 Qui
983 5365 1057 5414 num,
1075 5344 1152 5415 quod
1169 5341 1497 5411 iltinnctncqmcnrnt,
1516 5357 1603 5410 neque
1620 5341 1740 5396 cultores
1751 5342 1817 5397 dro-

120 5453 181 5492 nost
197 5435 322 5488 honorat
338 5433 462 5501 dilium,
481 5435 506 5487 is
524 5451 572 5488 nec
595 5434 711 5487 Patrem
734 5434 861 5487 honerat.
895 5432 958 5490 Non
984 5450 1046 5486 rum
1059 5447 1184 5500 poenam
1201 5428 1384 5498 sempiternae
1402 5427 1501 5481 mortis
1519 5427 1662 5497 effispient,
1687 5443 1760 5499 queue
1778 5431 1819 5481 est

117 5525 232 5582 tnntm
250 5517 320 5576 dicit
337 5519 454 5575 eundem
472 5518 603 5576 honorem
620 5534 703 5592 posse
715 5518 800 5578 tribui
810 5517 891 5590 11110,
908 5519 957 5592 qui
986 5515 1194 5574 animaduersio
1218 5514 1280 5570 uer-i
1303 5513 1413 5571 domini
1437 5514 1572 5571 adeunte
1587 5512 1728 5583 jupr'tisoe
1749 5527 1818 5569 aene
