3984 6022
247 266 308 324 stt
941 263 1065 324 Locus
1081 264 1246 323 TERTIUS

246 416 373 475 παιδείας
401 413 475 469 ἐστὶν
505 412 632 488 ἆνωιίροι
659 417 705 483 τῆς
731 419 862 490 κοσμικῆς
891 417 1077 488 καταλήψεως.
1103 426 1175 475 cont.
1193 421 1304 477 Fruntz.
1343 422 1408 476 Suis
1432 425 1561 492 propriis
1586 424 1685 477 nititur
1708 424 1818 499 (οόνίνίὶ
1838 425 1939 493 relipio

245 500 346 557 lustin.
372 498 674 557 hennentonam.
700 511 804 575 quaest.
828 522 856 575 p.
879 511 941 561 163:
968 504 1000 560 ab
1021 503 1078 578 χρὴ
1101 507 1261 576 principiis,
1289 526 1339 560 nec
1370 508 1458 562 alictii
1486 510 1581 578 operis
1608 509 1669 564 ullo
1698 498 1795 564 nostro
1825 509 1937 578 indipet.

246 593 303 646 τοῖς
320 585 459 661 ἡμετέροις
475 585 653 661 ἐνθυμήμασι
664 596 776 660 μετρεῖν
791 592 841 644 ιοῦ
859 593 928 646 θεοῦ
948 592 979 645 τὰ
1000 593 1076 663 ἔργα,
1103 591 1226 649 Pisecius
1258 593 1288 646 in
1319 593 1435 663 praefat
1469 611 1540 666 resp.
1575 594 1612 649 ud
1641 594 1762 651 rationes
1794 593 1938 665 campiani

247 671 315 740 inip
344 674 411 726 νοῦν
436 674 489 742 γὰρ
516 677 563 726 κιο
588 679 720 743 αἴσθησιν
744 679 791 729 καὶ
819 674 904 746 λόγον
931 679 980 730 τοῦ
1008 677 1076 731 θεοῦ
1101 676 1173 731 Alii:
1198 679 1306 733 Veritas
1324 681 1482 735 divinorum
1495 699 1551 735 non
1569 700 1588 734 a
1607 689 1720 751 οοίιιοιι,
1737 699 1796 736 nen
1813 700 1834 736 a
1852 698 1938 751 νοονο,

246 759 321 832 ἔργα.
342 757 376 813 In
389 759 447 813 ns.
464 765 581 821 οίοιιως
599 779 626 832 p.
640 768 705 818 304:
726 760 793 816 ὅιιιν
806 761 860 833 lya)
874 764 957 831 ζητῶν
973 762 1076 817 innno-
1102 781 1158 818 non
1175 783 1193 817 a
1212 765 1390 820 theorematis
1402 767 1536 836 physicis,
1553 769 1606 820 ssd
1625 785 1644 820 a
1662 768 1736 836 Deo,
1752 769 1808 821 sesi
1824 768 1862 822 ab
1879 786 1937 821 ora-

245 844 326 915 ρήσω,
348 844 404 900 ιόιε
416 846 464 900 ιοῦ
471 857 623 920 μυσιηρίου
633 849 689 902 τῶν
700 850 875 922 Χριοιιοινιῦν
889 847 1031 922 ἀνακράζω
1045 844 1076 902 sd
1103 848 1173 902 catu
1199 859 1225 904 et
1250 852 1357 920 lepibns
1382 854 1486 907 divinis
1510 855 1656 924 dependet.
1689 852 1727 907 Et
1751 859 1868 924 postem
1894 857 1939 909 Ad

243 933 355 1004 θοῦμιι,
373 931 415 986 ὅτι
433 932 502 1007 ὑπὲρ
522 937 605 999 νοῦν,
625 933 694 1009 ὑπὲρ
713 934 810 1004 λόγον,
833 935 900 1010 ὑπὲρ
922 934 1077 1004 κατάληψιν
1103 933 1194 1002 lepum
1216 937 1376 992 divinornm
1402 941 1512 1004 firmam
1538 948 1565 993 at
1594 940 1716 994 sobriam
1743 939 1937 994 auctoritates

244 1021 348 1086 κιιοιῆς
367 1017 477 1091 uictum
489 1020 521 1073 mi
537 1019 664 1095 ἡμίιιριι,
677 1020 744 1076 isar
761 1023 792 1075 di
804 1029 852 1075 καί
864 1040 906 1076 οοι
920 1022 951 1076 ιὰ
965 1024 1075 1076 scrabra
1103 1021 1238 1091 ριιίοριιίιί
1250 1032 1291 1077 est
1303 1026 1565 1090 controuersiarum,
1577 1026 1608 1079 in
1621 1026 1758 1094 relipione
1775 1026 1936 1080 Christiana

244 1107 362 1172 ζηιοῦνιι
380 1104 484 1176 iuopia
504 1127 543 1168 τις
557 1108 649 1182 incip,
675 1107 799 1181 πρόφερε
821 1115 876 1170 sois
902 1113 1077 1181 ζητουμένοις
1105 1108 1291 1177 supendimus.
1319 1109 1406 1183 Atqui
1419 1111 1441 1165 si
1456 1112 1518 1167 solu
1527 1111 1670 1182 Scriptum
1682 1117 1726 1167 est
1737 1111 1936 1167 mouendarum

243 1192 355 1262 ἑτοίμην
374 1191 452 1246 λύσιν
472 1192 522 1260 τὴν
539 1200 640 1251 πίστιν.
669 1194 701 1248 Ρ.
715 1200 779 1252 2971
802 1195 944 1257 Quomodo
963 1196 1077 1248 trinitas
1103 1194 1215 1265 regula,
1238 1195 1261 1250 si
1279 1196 1308 1250 in
1325 1196 1427 1251 divinis
1443 1197 1537 1253 diviua
1556 1203 1665 1253 tantum
1681 1197 1851 1255 sucmuuts
1866 1203 1936 1252 stau·

244 1281 274 1332 in
286 1280 392 1334 mndata
410 1288 435 1334 et
452 1280 483 1333 in
506 1281 632 1335 trinitate
651 1282 746 1335 sanitas
767 1300 853 1352 nepae
872 1301 905 1335 es
925 1282 991 1335 aliis
1009 1299 1075 1350 per-
1104 1279 1177 1349 dum,
1197 1298 1246 1336 cur
1260 1280 1345 1353 igitur
1357 1283 1472 1339 rationis
1486 1283 1624 1353 judicium
1641 1284 1672 1338 in
1685 1283 1789 1339 divinis
1801 1280 1936 1354 mysteriis

234 1367 371 1420 mactari
382 1367 442 1436 ipsc
462 1368 544 1422 telins
562 1385 649 1438 neone
664 1369 734 1422 ιοίίιιΙ
750 1369 808 1438 ipsi
819 1371 994 1438 passoriere
1010 1386 1077 1436 pos·
1103 1370 1275 1437 sequuntur?
1295 1375 1317 1424 t.
1335 1375 1440 1441 negant
1452 1370 1506 1426 Dei
1514 1370 1622 1444 judicio
1640 1370 1747 1426 ratione
1765 1368 1937 1425 mmuusnds

242 1453 294 1506 eim
309 1471 404 1506 rerum
424 1472 595 1508 arcanarum
622 1463 647 1509 et
671 1455 856 1524 ineffabilium
882 1455 1020 1508 rationem
1046 1462 1077 1507 at
1103 1469 1170 1508 esso.
1207 1453 1298 1511 Sosin.
1318 1455 1346 1511 in
1368 1457 1448 1512 solut.
1473 1458 1594 1528 serupul.
1617 1473 1688 1527 resp.
1714 1457 1752 1512 ud
1780 1463 1819 1513 11.
1844 1475 1872 1528 p.
1892 1461 1935 1513 tt:

242 1538 341 1606 linpaa
364 1539 441 1593 lutea
469 1549 494 1593 ct
519 1558 603 1594 carne
628 1541 763 1610 squalida
785 1543 921 1610 proferre
948 1541 1074 1594 οιιιίοαιο.
1103 1541 1169 1593 Non
1188 1544 1324 1596 serrstDei
1341 1544 1596 1613 imperscrutabilia
1607 1544 1724 1613 judicia
1737 1544 1879 1598 hnmanae
1893 1559 1934 1595 ra·

243 1622 327 1696 Greg.
354 1624 485 1681 stiunz.
512 1625 541 1682 in
568 1632 635 1681 orat.
662 1626 690 1680 in
715 1626 825 1683 leudem
852 1626 985 1683 Neronis:
1014 1626 1077 1679 Hoc
1103 1626 1309 1681 tionmmodnlo
1324 1630 1470 1683 metienda.
1498 1629 1576 1686 idem
1588 1629 1650 1685 adv.
1664 1629 1844 1686 Mennonites
1855 1646 1882 1701 p.
1894 1634 1934 1683 st:

242 1710 656 1784 Pateretbilinset,Spirituse.
671 1715 927 1782 commmtcbabeut‚
940 1715 1017 1783 quod
1027 1713 1077 1766 rni-
1102 1711 1352 1768 Natura'lrnrnana
1364 1733 1416 1769 sua
1434 1725 1532 1785 οροιιίο
1544 1716 1669 1785 frapilis
1686 1726 1712 1771 et
1728 1715 1881 1770 insbect'llit
1898 1722 1934 1767 aa

242 1800 315 1853 nime
333 1801 423 1855 creati
439 1807 503 1853 sant
521 1802 647 1871 ροοιίιμιο
660 1801 807 1855 divinitate
817 1802 978 1869 inseparatur.
1013 1801 1078 1853 Hac
1103 1800 1133 1853 in
1152 1801 1188 1851 iis
1206 1803 1401 1871 exsequendis,
1427 1820 1497 1871 qnae
1515 1803 1589 1856 bona
1606 1808 1669 1855 οιιιιί
1687 1808 1715 1855 st
1729 1803 1797 1855 Deo
1816 1808 1934 1870 accepta,

238 1886 415 1955 proprietate
434 1888 507 1940 inter
522 1906 552 1940 sc
571 1888 788 1956 distinpnnnttcr,
808 1887 982 1956 quorlI'ater
1002 1887 1077 1956 inpe-
1103 1887 1205 1956 qnippe
1217 1887 1315 1955 puilia
1329 1888 1497 1957 plerumque
1514 1906 1570 1943 non
1588 1888 1730 1957 appetitae
1743 1889 1839 1955 motio,
1854 1887 1902 1956 qui
1910 1887 1933 1938 in

240 1971 324 2040 nitus,
343 1973 436 2026 bilius
453 1974 571 2043 penitus,
593 1974 717 2043 spirim
733 1993 755 2027 s.
770 1975 935 2043 procedens.
971 1973 1079 2035 Quodsi
1103 1972 1211 2026 ltorstinc
1223 1973 1474 2028 velrcrnentissirnus
1486 1983 1535 2044 set,
1551 1977 1603 2029 sed
1618 1982 1749 2043 exparte
1770 1974 1857 2028 etiam
1867 1972 1934 2026 ratio

241 2061 354 2113 modum
373 2077 508 2129 qssaerere
520 2062 628 2131 perois,
646 2061 716 2131 ριιίιί
732 2061 769 2114 iis
786 2062 936 2116 relicturus
954 2078 991 2128 es,
1007 2077 1077 2130 qnos
1104 2059 1167 2129 ι’ριο
1182 2068 1324 2129 repupnet,
1342 2061 1422 2129 cujus
1440 2063 1484 2114 rei
1500 2062 1684 2116 testimonium
1704 2060 1933 2115 evidentissimum

240 2145 317 2199 solos
330 2154 423 2200 mutuo
437 2164 466 2201 se
477 2165 640 2215 capnoscere
658 2156 741 2216 atque
758 2166 777 2199 a
794 2164 823 2201 se
835 2155 929 2201 οιιιιιιο
947 2147 1075 2215 capnosci
1103 2144 1132 2197 in
1151 2147 1213 2212 ι’ριο
1224 2147 1336 2199 Adonea
1359 2147 1489 2201 bubastus
1508 2148 1622 2216 ejusque
1640 2147 1779 2216 conjape‚
1797 2147 1850 2217 qni
1865 2153 1932 2199 ants·

243 2232 394 2305 Scriptura
413 2240 529 2288 testatur
546 2241 595 2287 aut
612 2234 649 2287 iis
667 2235 751 2287 etiarn
766 2241 906 2301 nostrum,
930 2234 1027 2303 quibas
1047 2233 1076 2285 in
1102 2249 1185 2300 qnam
1193 2242 1356 2302 peccassent
1374 2242 1399 2287 et
1419 2236 1461 2287 ita
1480 2243 1627 2304 antequam
1646 2234 1736 2286 labens
1760 2233 1889 2302 aliquam
1905 2249 1932 2284 ee

241 2317 333 2372 altero
351 2335 420 2373 aevo
438 2320 571 2373 divinitas
598 2320 741 2374 illustrari
763 2320 904 2387 cortinpit.
941 2319 1019 2375 tdsm
1047 2319 1076 2374 in
1097 2327 1213 2387 pccccsto
1236 2321 1451 2388 casanatensem,
1470 2322 1543 2374 adeo
1561 2329 1653 2374 tamen
1671 2320 1796 2388 frapiles
1816 2328 1842 2374 et
1859 2319 1931 2373 imbe·

241 2408 308 2458 orat
329 2403 364 2458 de
380 2403 450 2461 fids:
486 2406 566 2461 Haec
594 2414 634 2460 est
658 2424 745 2461 cansa
762 2407 881 2473 mores,
907 2407 976 2460 ltaec
994 2407 1074 2475 oripo
1101 2405 1181 2459 cillcs
1192 2407 1328 2472 fuerunt,
1356 2414 1385 2459 ut
1410 2414 1506 2476 spreta
1530 2414 1631 2476 aperta
1649 2406 1710 2459 Dei
1732 2406 1886 2459 monitione
1904 2421 1931 2457 ee

240 2491 384 2545 ίιοονοιιοι
396 2492 533 2560 Arianae,
550 2495 617 2547 dum
633 2513 688 2549 οοο
703 2494 861 2562 intellipnnt
874 2493 933 2547 Dei
948 2493 1075 2547 virtatem
1100 2491 1185 2545 uetita
1207 2492 1263 2545 sibi
1279 2493 1384 2547 'arbore
1400 2493 1508 2562 partim
1532 2493 1658 2561 appetitu
1681 2491 1818 2560 impulsi,
1832 2491 1929 2562 partim

240 2593 328 2646 neque
345 2578 420 2632 tanti
436 2581 604 2633 sacramenti
622 2581 832 2650 dispositionem
850 2589 1025 2650 coprwscant,
1046 2589 1075 2633 nt
1100 2578 1208 2631 satiasse
1229 2581 1364 2646 permansi
1388 2579 1557 2634 consederint
1587 2596 1621 2631 ae
1644 2578 1811 2646 pravissime
1835 2595 1927 2646 pecca

240 2665 334 2718 Deum
363 2665 492 2719 bunmnis
516 2667 721 2720 conddionibus
748 2675 917 2736 comparent.
957 2666 1073 2722 Psoelus
1101 2664 1198 2718 verint.
1234 2665 1325 2721 Sosin.
1340 2666 1376 2721 sd
1398 2666 1498 2736 object
1519 2663 1631 2720 Cutteui
1653 2681 1681 2734 p.
1702 2669 1754 2719 92:
1778 2665 1843 2719 Nos
1869 2665 1926 2717 riri·

240 2748 359 2821 archiep.
379 2750 522 2805 constent
540 2769 621 2808 serm.
642 2751 677 2807 de
696 2750 753 2808 fide
769 2753 806 2805 ad
822 2752 969 2809 Armenios
983 2771 1011 2824 p.
1024 2758 1073 2809 31:
1102 2751 1152 2803 bns
1172 2752 1351 2806 rratnrcslibus
1367 2770 1474 2820 piarum
1493 2752 1524 2805 in
1544 2752 1645 2804 ‹boinis
1671 2751 1756 2804 rebus
1779 2752 1929 2816 tribuimus,

242 2836 426 2905 Spllopismos
439 2839 567 2907 rationis,
582 2839 633 2908 qni
643 2840 719 2908 fidei
730 2839 860 2893 artimslis
878 2840 913 2892 ab
927 2841 1076 2894 haereticis
1101 2837 1215 2891 scientes
1234 2846 1302 2891 teste
1320 2840 1448 2908 apostolo
1466 2838 1603 2891 bominem
1620 2837 1774 2892 animalem
1795 2856 1854 2895 οοο
1871 2854 1930 2907 per-

241 2931 432 2991 opponuntur,
454 2930 536 2979 vocat
559 2923 679 3000 ἀράχνης
702 2924 917 3000 determinans
942 2934 969 2983 et
996 2926 1076 2982 addit
1102 2923 1203 2992 cs'piere,
1222 2942 1294 2993 quae
1311 2932 1375 2978 sarit
1394 2924 1519 2992 Spiritus
1538 2925 1602 2978 Dei.
1630 2921 1791 2979 Sommerns
1808 2923 1839 2978 in
1855 2923 1928 2981 reiut

239 3011 337 3082 λημιῦν
357 3008 506 3084 ὀρθαλμὸς
523 3010 602 3079 ἡλίου
625 3010 737 3073 ἀκτῖνας
755 3014 885 3085 καθαρῶς
909 3012 941 3068 οὐ
966 3016 1075 3084 δέχεται
1100 3007 1132 3063 P·
1153 3008 1274 3065 Carolini
1290 3028 1318 3081 p.
1338 3019 1379 3067 50.
1399 3011 1433 3067 b:
1453 3013 1518 3067 Non
1536 3020 1599 3065 sunt
1616 3012 1676 3065 oa
1694 3013 1821 3073 actiones
1838 3013 1929 3066 adbo-

240 3100 287 3149 καί
312 3094 471 3153 dubitabam
495 3097 605 3154 διάνοια
630 3106 747 3160 πίστεως
771 3098 804 3154 οὔ
828 3105 971 3171 προσίεται
995 3098 1075 3169 ὕψος.
1101 3098 1205 3150 minum
1223 3098 1337 3165 reputas
1358 3099 1570 3153 eaaminandae.
1606 3097 1695 3168 Atqui
1712 3097 1738 3151 si
1757 3097 1814 3153 Dei
1829 3097 1930 3170 judicis

239 3182 350 3251 Lippus
369 3184 466 3238 curlus
485 3185 555 3239 solis
573 3187 672 3240 radios
690 3202 746 3240 οοο
764 3186 863 3255 recipit
885 3194 910 3240 et
929 3204 1005 3241 mens
1033 3187 1075 3240 in·
1101 3190 1130 3237 et
1146 3183 1267 3237 actiones
1285 3200 1340 3238 non
1352 3191 1416 3239 sunt
1434 3185 1470 3239 sd
1484 3184 1595 3256 regulus
1608 3184 1723 3239 rationis
1742 3185 1927 3252 examinum

233 3269 322 3334 firma
341 3270 536 3325 sublimitatem
549 3272 624 3339 fidei
640 3290 696 3326 non
718 3271 934 3343 comprehendit.
970 3271 1074 3328 Hamil.
1101 3275 1206 3341 quanto
1223 3270 1315 3325 minus
1331 3271 1393 3341 ipse
1408 3270 1463 3327 Dei
1485 3270 1737 3328 cancerationis
1755 3273 1869 3329 modulo
1885 3271 1929 3327 erit

239 3354 269 3408 in
281 3354 405 3428 transfig.
417 3355 497 3411 Dom.
510 3375 537 3428 p.
551 3362 599 3414 86:
613 3363 639 3413 st
649 3361 794 3432 λογισμοῖς
806 3356 994 3431 ἀνθρωπίνοις
1006 3366 1075 3413 sat·
1101 3355 1256 3427 metiends;
1284 3364 1307 3413 3.
1331 3357 1431 3413 radoni
1445 3357 1582 3428 judicium
1599 3357 1628 3412 in
1646 3357 1750 3413 divinis
1770 3359 1929 3430 quandoque

240 3447 353 3517 νρρίζιις
371 3441 404 3496 τὰ
424 3450 501 3509 θεῖος
527 3444 583 3498 Gur
604 3446 732 3499 inmanis
749 3447 1012 3501 ratiocinationibus
1028 3464 1075 3499 res
1102 3441 1244 3513 derogant
1297 3443 1425 3499 Eniedin.
1448 3444 1478 3498 in
1501 3445 1551 3499 loe.
1575 3444 1674 3515 Soript.
1701 3462 1730 3515 p.
1758 3451 1822 3502 178:
1849 3446 1929 3501 Nato

240 3531 353 3585 divinas
374 3533 522 3599 irsfamasi
545 3532 686 3605 Chrysost.
710 3533 804 3591 homil.
831 3540 854 3590 5.
882 3533 911 3587 in
940 3540 961 3589 l.
987 3533 1072 3588 Tim:
1102 3528 1212 3583 alienas
1230 3537 1257 3583 et
1271 3531 1485 3600 pbilosoplticas
1504 3531 1753 3600 contemplationes
1770 3535 1814 3586 ad
1830 3532 1928 3602 simpli-

240 3618 567 3674 Nibilcommnnebabet
584 3621 706 3676 bumana
724 3622 799 3676 ratio
817 3639 878 3675 curn
896 3621 1000 3675 divinis
1018 3621 1075 3674 col·
1102 3631 1160 3668 tom
1184 3616 1376 3684 opotiolorum
1398 3634 1551 3671 termonem
1582 3625 1607 3672 tt
1638 3618 1799 3672 doctrinam
1828 3621 1928 3690 afferat

241 3703 310 3767 lata,
330 3706 448 3774 ideoque
466 3706 640 3774 blasphemia
658 3715 700 3761 est
718 3708 873 3762 rationibra
888 3707 960 3761 velle
977 3707 1076 3761 divina
1101 3700 1246 3756 Praefatur
1265 3702 1408 3758 Eniedini:
1436 3706 1473 3759 ίο
1491 3721 1522 3758 re
1540 3714 1598 3759 tam
1616 3706 1712 3759 ardua
1736 3723 1793 3760 non
1819 3706 1930 3761 tomice

241 3791 386 3846 decutere.
423 3790 541 3864 August.
561 3798 601 3847 12.
620 3792 656 3847 de
679 3809 703 3847 a.
722 3792 756 3847 D.
781 3810 804 3848 c.
826 3799 875 3849 tt:
904 3794 968 3847 Has
989 3812 1074 3862 arpa·
1102 3789 1382 3858 ratiocinationibus,
1407 3792 1459 3844 secl
1479 3791 1618 3860 imprimis
1644 3808 1774 3861 eapse-rm
1801 3809 1873 3864 opus
1896 3799 1929 3845 set

240 3879 421 3932 mentatioues
437 3881 465 3931 si
481 3880 557 3932 ratio
575 3881 702 3943 refutare
720 3897 776 3934 non
792 3889 904 3950 posset,
915 3881 991 3949 fides
1008 3882 1074 3934 irri-
1100 3877 1182 3930 verbo
1190 3877 1369 3944 iuntaillncl:
1384 3880 1425 3931 ad
1437 3880 1524 3946 lepern
1536 3888 1562 3933 et
1578 3879 1732 3947 oraculum,
1752 3880 1782 3932 in
1795 3880 1857 3949 ispe
1868 3879 1930 3950 ataid

146 4003 153 4017 .
205 4003 211 4017 .
241 3965 310 4017 dere
321 3965 437 4018 deberet.
456 3963 490 4019 In
506 3964 607 4022 enchir.
625 3983 648 4021 c.
661 3973 694 4022 t:
711 3967 792 4021 Haec
809 3976 874 4021 sant
892 3969 1075 4035 defendenda
1101 3963 1234 4032 scriptum
1252 3972 1299 4017 est.
1335 3963 1415 4019 Idem
1432 3963 1462 4018 in
1479 3963 1583 4020 defens.
1601 3965 1740 4022 animadv.
1765 3974 1866 4022 conus
1882 3964 1929 4019 Eu·

242 4051 362 4115 ratione,
381 4068 452 4120 puae
471 4052 516 4106 rel
534 4070 553 4106 a
571 4054 695 4108 senmbus
712 4055 855 4124 corporeis
872 4055 1005 4110 inchoata
1029 4056 1074 4110 rel
1100 4050 1220 4120 tropium
1235 4069 1261 4122 p.
1282 4058 1331 4107 49:
1359 4053 1406 4105 Ea
1427 4050 1588 4107 C'lsrirtiano
1607 4052 1714 4106 bomini
1736 4053 1773 4106 de
1792 4054 1859 4108 Deo
1879 4069 1929 4106 cre·

239 4137 276 4190 ab
303 4138 488 4206 entellipentia
520 4141 618 4194 mentis
645 4142 764 4195 incensa.
803 4142 878 4205 Quae
906 4151 997 4197 autem
1022 4160 1074 4198 nse
1102 4139 1197 4191 denda
1208 4147 1280 4206 sunt,
1300 4138 1363 4192 licet
1374 4139 1482 4191 rationi
1499 4139 1590 4192 minus
1603 4146 1800 4208 consentanea,
1819 4138 1929 4209 quaeat

237 4241 374 4295 corporeo
393 4242 477 4279 sensa
488 4228 595 4296 teperti
610 4244 703 4281 samm
720 4245 769 4281 nec
788 4236 876 4282 mente
895 4230 1009 4299 assequi
1024 4248 1072 4284 va·
1100 4225 1162 4293 ν’ρεο
1183 4226 1246 4278 tica
1264 4242 1320 4278 non
1339 4225 1449 4292 quidem
1462 4228 1614 4295 patefacta
1633 4243 1691 4280 esse
1709 4235 1865 4296 putantur,
1885 4226 1930 4279 ue

237 4311 339 4366 ίιιίοιοι
358 4321 408 4366 ant
424 4313 564 4377 οαίοοοοι,
590 4316 632 4368 eis
652 4316 713 4370 sine
737 4316 799 4369 atla
823 4317 995 4371 αοοίιοιῑοηι
1014 4335 1072 4371 cre·
1099 4329 1197 4365 revera
1226 4320 1289 4365 sunt
1315 4313 1473 4381 patefacta.
1510 4311 1637 4367 Ostorod
1664 4312 1694 4366 in
1720 4312 1815 4369 instit.
1844 4330 1867 4369 u
1893 4318 1929 4378 tt,

177 4450 183 4461 ,
238 4400 405 4455 dandarum
421 4404 541 4472 testibus,
560 4421 579 4456 a
597 4404 1074 4474 quibusoa‚q1msdivinavooari
1099 4416 1127 4469 p.
1157 4404 1221 4454 196:
1266 4399 1360 4452 Nimis
1380 4400 1571 4467 perimrlosnns
1594 4401 1672 4462 foret
1695 4416 1754 4453 rem
1780 4401 1858 4454 tanti
1881 4419 1928 4453 sso-

237 4489 339 4541 tneruit
357 4489 518 4558 Scriptum,
542 4494 671 4549 confecta
697 4500 744 4547 est.
776 4491 877 4546 Bernh.
903 4492 983 4562 epist
1005 4498 1070 4548 190:
1099 4486 1184 4540 metii
1206 4487 1293 4557 (quod
1311 4485 1442 4542 hoefflficl
1462 4486 1618 4557 mittimllter
1642 4486 1792 4556 puniendi)
1816 4485 1928 4543 limi*

238 4574 314 4638 uim
329 4578 419 4645 mapis
436 4585 534 4630 contra
550 4577 688 4630 canonem
705 4596 789 4648 qnam
806 4580 916 4633 ratione
934 4580 1072 4634 rationem
1098 4574 1191 4640 citam,
1205 4574 1261 4626 irno
1279 4581 1422 4626 aeternam
1440 4574 1558 4627 salutem
1569 4582 1780 4627 correernentesn
1797 4574 1928 4629 annasse

236 4663 336 4716 conari
354 4666 585 4717 transscendere!
606 4666 720 4733 etquid
744 4667 834 4734 mapis
858 4674 955 4720 contra
973 4668 1070 4736 fidem,
1096 4662 1205 4715 rationi
1222 4662 1373 4730 eijudt'ct'o
1390 4661 1567 4715 tvmmt'iitrt·
1603 4659 1681 4715 Idem
1706 4667 1807 4717 contr!
1823 4659 1925 4717 Tulei

236 4768 320 4820 qaam
329 4752 444 4804 medere
453 4752 535 4816 troile,
543 4755 619 4821 quod
626 4770 681 4806 non
689 4754 784 4822 possis
795 4755 904 4807 ratione
914 4755 1071 4822 attinperet
1097 4755 1167 4819 part.
1189 4756 1210 4805 1.
1236 4766 1259 4804 e.
1285 4756 1316 4817 7,
1339 4766 1367 4819 ρ.
1393 4754 1439 4803 53:
1466 4749 1496 4802 in
1520 4749 1617 4802 ultimo
1640 4758 1807 4817 aronmenta
1834 4751 1926 4804 doda·

270 4842 310 4893 35.
368 4843 407 4892 11.
445 4839 490 4890 En
527 4841 592 4907 ipsa
628 4841 855 4894 &versariorum
885 4843 1068 4905 confessione.
1092 4854 1199 4906 passus
1215 4844 1255 4891 est
1274 4853 1303 4888 sc
1327 4854 1345 4888 a
1370 4835 1480 4888 ratione
1502 4835 1615 4909 redemi,
1634 4837 1690 4889 secl
1712 4836 1851 4891 cubuisset
1866 4836 1893 4889 l.
1908 4834 1924 4888 l.

235 4922 368 4989 Quemvis
392 4924 465 4979 enim
492 4926 654 4997 mysterium
679 4927 810 4981 trinitatis
837 4929 1008 4999 argumentis
1036 4947 1069 4985 ex
1093 4925 1213 4992 plapsica
1235 4931 1412 4992 postponere.
1466 4921 1613 4978 Schmalts.
1640 4923 1675 4977 de
1699 4921 1805 4979 Christi
1829 4921 1926 4979 divinit

233 5011 445 5082 tutionepstitis
456 5012 619 5084 impugnare
637 5030 692 5067 nou
710 5012 845 5082 desinant,
864 5021 958 5069 temen
976 5016 1069 5070 multis
1096 5030 1122 5082 p.
1143 5017 1184 5067 91.
1207 5016 1252 5066 92:
1282 5011 1422 5064 Desinant
1441 5011 1472 5064 in
1489 5011 1653 5078 hujusmodi
1677 5012 1761 5065 rebus
1780 5012 1814 5067 in
1836 5012 1926 5067 asco·

235 5099 324 5153 modis
341 5098 404 5152 huic
422 5099 543 5170 ipsorum
563 5101 641 5171 praxi
660 5108 798 5171 repugnat
813 5101 933 5156 theoria:
962 5109 984 5158 1.
1004 5103 1070 5175 quis
1095 5099 1249 5167 inquirere,
1275 5097 1373 5166 quiores
1392 5099 1472 5151 Deris
1488 5114 1555 5149 ιιιιιι
1572 5105 1612 5151 est
1631 5104 1656 5150 st
1674 5115 1745 5167 quos
1769 5105 1803 5152 ut
1826 5099 1926 5168 ipsese-

236 5183 344 5254 docent,
362 5185 449 5240 solnm
468 5186 638 5257 Scripturnm
658 5204 765 5242 sacram
784 5204 843 5243 esse
861 5187 926 5242 fidei
945 5206 1068 5244 normam
1094 5203 1171 5251 nius,
1197 5203 1256 5239 mm
1279 5201 1335 5239 nan
1352 5184 1412 5239 eine
1429 5203 1516 5238 carna
1539 5185 1659 5238 solcum
1683 5188 1863 5241 stammam
1885 5193 1927 5237 est

235 5286 269 5324 se
286 5273 418 5343 regulam.
455 5273 602 5329 Sehmsitn.
621 5282 718 5331 contre
736 5276 866 5346 Scopper.
885 5293 913 5346 p.
936 5282 968 5331 3:
998 5277 1067 5332 Sota
1095 5273 1216 5325 Ducant
1236 5273 1410 5340 acquiescere
1428 5272 1457 5325 in
1475 5272 1638 5326 testimoniis
1660 5289 1813 5327 sacrarum
1836 5273 1926 5327 tusc

238 5358 388 5427 Scriptura
405 5368 446 5414 ert
464 5362 534 5425 ndei
548 5378 648 5414 norma
667 5370 691 5415 et
709 5363 808 5415 divina
824 5371 932 5415 tantum
947 5364 1067 5417 auctori·
1093 5377 1156 5411 rum
1176 5360 1339 5423 manifestis.
1364 5357 1443 5413 idem
1460 5367 1558 5413 eontra
1577 5358 1688 5413 Fruutn
1704 5375 1733 5428 p.
1754 5364 1819 5417 165:
1838 5360 1926 5415 ous-

234 5452 294 5499 tate
326 5448 457 5501 ιίοοάοιο
489 5450 586 5518 precari
619 5449 768 5502 medenda.
816 5448 859 5502 Id.
891 5447 920 5501 in
948 5449 1064 5519 praeiet.
1094 5452 1145 5504 slat
1162 5452 1241 5506 nobes
1259 5450 1410 5505 stannus
1427 5466 1460 5504 se
1476 5450 1568 5502 sacris
1585 5448 1675 5502 liten's
1690 5465 1764 5519 puae
1785 5450 1928 5520 opiniones
