3984 6022
837 323 889 380 DE
908 321 1070 382 NATURA
1086 322 1162 382 DEI.
1770 333 1832 394 285

136 475 284 529 reducitur
305 475 336 529 in
359 475 480 547 cupiosi
502 494 602 547 penas,
628 496 684 532 non
705 492 735 531 se
758 478 879 532 emuniit
896 480 973 533 altra
999 495 1158 551 possumus,
1186 480 1322 553 quomodo
1340 480 1427 553 igitur
1442 480 1558 536 eandem
1576 479 1699 551 perfecte
1717 479 1833 538 definire

137 560 214 614 illud
238 579 338 632 penae,
363 561 404 617 sic
424 572 561 633 punctam
585 581 640 620 non
664 571 705 618 est
724 565 898 635 principiam
917 565 975 618 nisi
997 566 1161 636 possemus?
1189 565 1277 621 Exod.
1299 572 1340 636 33,
1357 585 1381 621 v.
1400 571 1442 623 111.
1463 573 1484 622 1.
1504 565 1566 622 Cor.
1589 572 1628 636 13,
1645 585 1671 621 v.
1692 571 1732 622 13.
1758 564 1832 624 Vide

137 649 303 717 quantitatis
326 649 480 704 conannas.
521 652 601 705 Dera
625 658 717 705 oasin
740 657 781 704 ast
800 651 973 733 principiam
998 651 1109 707 omnino
1127 653 1201 725 Aug.
1219 651 1282 708 libr.
1307 652 1342 708 de
1368 669 1447 724 cogn.
1471 667 1554 707 verae
1575 650 1624 709 vit.
1649 668 1673 710 c.
1694 657 1718 710 3.
1753 650 1833 708 Idem

138 734 221 787 tatisss
237 750 302 788 esee.
320 732 399 791 Haec
429 734 508 790 Tom.
526 734 625 791 Scotus
644 736 756 809 quidem
778 741 800 793 1.
820 742 889 793 sent
908 734 972 792 dist
997 735 1045 793 lib.
1064 744 1088 796 ’1.
1110 738 1146 795 de
1165 738 1242 793 'Prin
1261 755 1285 794 c.
1303 747 1328 796 4.
1352 745 1438 810 negat
1458 737 1631 792 substantiae
1650 756 1749 793 nonen
1766 739 1832 794 Dea

138 825 163 875 ³.
182 825 288 893 quaest
310 824 332 877 5.
350 819 487 894 disputat,
513 825 591 894 qaod
608 840 656 880 ass
672 825 710 879 sit
726 841 812 895 penae
828 823 973 877 univocam
998 833 1162 894 competere,
1181 844 1242 880 mim
1259 844 1314 880 non
1334 826 1402 879 insit
1420 826 1450 879 ia
1468 841 1499 879 eo
1510 824 1631 894 aliquid,
1647 832 1784 896 tanquam
1800 826 1832 880 in

137 907 201 959 Dec
231 915 257 960 et
283 907 433 978 asaarie,
463 914 493 965 ct
518 908 621 964 format
644 908 716 965 banc
743 908 972 982 propositionem:
998 911 1130 979 abjecto,
1149 928 1262 982 campas
1275 910 1554 981 sitsimplicissimas.
1579 911 1832 965 &conducentem

135 991 253 1046 Daldis
269 1001 309 1048 est
325 1002 486 1066 conceptas,
512 1013 584 1050 anae
601 997 753 1051 commanis
769 996 833 1051 Deo
852 1003 877 1050 et
894 1013 972 1050 crea·
998 1014 1097 1052 nomen
1115 1001 1157 1052 ita
1175 999 1234 1068 ipsi
1251 1007 1414 1070 conpetere,
1431 1006 1463 1052 at
1479 997 1559 1053 solas
1577 998 1637 1052 dici
1649 1005 1777 1067 spartea
1790 1015 1831 1052 es·

135 1078 206 1132 sara
224 1080 445 1151 praedicabilis,
473 1084 509 1137 de
530 1084 570 1137 eis
592 1082 623 1136 in
645 1083 716 1154 qaid
736 1090 762 1137 at
775 1082 870 1152 primo
888 1084 972 1137 moda
998 1085 1098 1149 sentia,
1118 1092 1160 1139 est
1179 1085 1250 1139 enim
1267 1102 1330 1140 uere
1348 1085 1433 1149 solas,
1453 1084 1521 1155 qaia
1533 1084 1765 1140 incommutabili
1782 1090 1831 1139 set.

130 1181 186 1234 per
201 1182 239 1221 ss.
274 1166 355 1221 Deus
373 1167 444 1222 enirn
455 1176 552 1239 potest
568 1187 587 1223 a
605 1168 684 1224 nobis
703 1169 846 1238 capnosci,
866 1166 972 1222 nonin
997 1169 1188 1228 Damascenue
1203 1179 1226 1226 1.
1246 1171 1281 1227 de
1294 1170 1401 1226 orthod.
1418 1169 1474 1227 fide
1490 1188 1513 1227 c.
1528 1176 1573 1227 16:
1590 1168 1731 1227 ἀδύνατον
1743 1168 1832 1244 φύσιν

133 1268 176 1321 ee,
196 1252 264 1323 pria
280 1252 349 1308 tnta
366 1255 486 1323 copat'tt'o
505 1263 544 1309 eet
562 1256 692 1310 {etaiam
710 1263 736 1310 et
752 1255 893 1324 beatifica,
921 1269 972 1307 aec
997 1260 1106 1318 τελείως
1121 1259 1228 1328 γνῶναι
1246 1257 1297 1328 τὴν
1322 1256 1524 1333 ὑπερκειμένην
1552 1256 1654 1330 φύσιν,
1679 1261 1704 1312 ri
1727 1258 1757 1312 di
1784 1260 1830 1310 nai

135 1337 165 1391 in
182 1347 315 1410 corwepta
331 1339 457 1411 simplici
470 1342 590 1412 proprio
609 1342 673 1412 sibi,
694 1343 763 1412 qaia
779 1342 852 1396 nait
871 1341 912 1395 sio
930 1341 972 1394 in·
996 1342 1053 1399 r'oic
1069 1342 1160 1398 ὄντων
1180 1346 1211 1398 ai
1228 1342 1351 1415 γνώσεις,
1363 1336 1401 1400 ’τὸ
1420 1339 1591 1412 turpatam
1608 1347 1666 1405 πῶς
1686 1340 1826 1412 ysauriae·

134 1425 284 1495 tellipitar,
302 1426 360 1481 nisi
372 1427 457 1497 prius
476 1428 507 1481 in
523 1444 553 1482 ee
571 1437 765 1498 copaeecatar,
784 1446 849 1498 erpo
868 1428 898 1481 in
917 1426 971 1480 ali·
995 1449 1049 1487 ras.
1085 1429 1157 1487 Scal.
1179 1448 1221 1487 ex.
1240 1435 1299 1487 365.
1317 1435 1383 1487 sect
1403 1438 1427 1488 4.
1465 1432 1502 1485 In
1521 1431 1623 1501 prisca
1644 1428 1829 1499 philosophia

135 1528 189 1581 qao
207 1520 340 1583 concepta
362 1515 502 1568 communi
517 1514 573 1569 sibi
589 1522 615 1569 et
631 1515 778 1570 creaturis.
814 1513 896 1571 seon
915 1511 971 1567 suf-
997 1515 1830 1591 dicitarDeasinsposicscr,qaodoocabalamipsansoman·

135 1595 261 1669 iragatnr
278 1596 406 1655 Piscator
421 1599 523 1657 volum.
551 1606 573 1657 1.
590 1601 660 1657 thes.
689 1601 772 1659 theol
796 1600 868 1673 disp.
886 1605 911 1657 2.
930 1599 970 1656 tb.
997 1604 1048 1656 <tot
1066 1621 1157 1675 snpra
1176 1619 1282 1658 omnem
1294 1602 1486 1672 maantam,
1504 1604 1572 1672 qaia
1584 1620 1640 1656 nors
1652 1609 1692 1655 est
1704 1602 1829 1655 substan

135 1689 159 1739 ³.
176 1702 203 1755 p.
223 1689 270 1740 te:
304 1685 473 1741 Vocabulum
490 1687 617 1758 spiritas,
635 1688 734 1761 inquit,
751 1689 900 1742 stataimas
913 1704 970 1757 pro
996 1689 1051 1754 tia,
1075 1691 1213 1758 quomoda
1232 1698 1340 1768 naara.
1376 1688 1473 1746 Thon.
1495 1697 1517 1746 1.
1540 1695 1608 1745 sent
1626 1687 1688 1742 dist.
1709 1692 1733 1744 8.
1753 1705 1778 1760 q.
1797 1693 1830 1744 4:

133 1787 232 1838 penore
256 1772 287 1825 in
309 1772 469 1838 definitione
486 1775 557 1845 Dee',
583 1775 652 1846 quia
675 1777 711 1830 ds
729 1777 794 1830 Deo
814 1784 839 1831 et
862 1775 972 1844 anpels‘s
997 1777 1077 1830 Dcas
1096 1777 1214 1846 proprie
1238 1776 1394 1830 adstantia
1418 1776 1477 1830 dici
1498 1775 1606 1845 nequit,
1629 1775 1712 1843 larpo
1737 1773 1833 1828 tamen

135 1864 161 1910 et
179 1858 325 1914 animabar
343 1861 484 1915 bominum
500 1860 671 1938 συνωνύμως
682 1863 879 1932 praedicatur.
916 1859 972 1917 Sed
996 1863 1080 1915 modo
1100 1862 1337 1918 emantiadici
1348 1868 1450 1932 potest,
1471 1878 1542 1931 qaas
1558 1860 1727 1928 intellipitar
1745 1875 1831 1930 saper

135 1950 211 1999 recte
233 1951 326 2001 monet
344 1945 449 2003 Bielius
470 1955 492 2007 1.
510 1955 580 2005 sent.
598 1949 660 2005 dist
677 1954 701 2005 2.
726 1954 831 2023 quaest.
850 1952 873 2005 8.
898 1945 972 2001 cheu
997 1965 1104 2002 omnem
1124 1950 1310 2004 substantiata
1330 1957 1463 2004 acutam.
1499 1952 1526 2003 3.
1544 1965 1577 2002 aa
1596 1947 1750 2015 sufficienti
1766 1962 1830 2000 eua-

135 2028 230 2086 finem:
257 2031 406 2088 Unioocam
423 2034 517 2105 accepi
534 2036 591 2090 late
612 2043 637 2089 et
655 2035 758 2090 stricte.
795 2035 830 2090 Si
845 2040 972 2087 sanata
996 2037 1157 2089 mantione.
1185 2034 1214 2091 si
1227 2037 1305 2092 Deus
1321 2035 1432 2109 proprie
1451 2032 1557 2090 definiri
1573 2039 1674 2105 posset,
1693 2032 1743 2088 illa
1758 2032 1830 2088 foret

52 2120 68 2162 ¹·
84 2119 120 2162 oe.
135 2115 236 2182 stricte¹
250 2135 309 2187 pro
327 2128 460 2191 concepta
471 2121 665 2192 praedicabili
682 2122 718 2175 da
722 2120 857 2191 planitas
872 2119 972 2174 timeli-
996 2120 1041 2176 vel
1059 2122 1217 2176 mssnaalis
1230 2121 1275 2178 vel
1286 2123 1411 2176 causalis
1430 2120 1562 2177 definitio.
1587 2118 1750 2176 Essentialis
1770 2135 1831 2176 esse

136 2206 261 2259 tadinsm
273 2207 434 2277 perfectam
451 2209 493 2262 aa
510 2208 624 2262 inuicem
637 2208 808 2273 samaias,
827 2215 892 2262 tanc
909 2207 970 2261 nal·
997 2207 1110 2281 nequit,
1130 2207 1196 2281 quie
1212 2208 1261 2264 illa
1278 2214 1388 2264 constat
1406 2225 1507 2281 genere
1523 2212 1552 2263 et
1569 2206 1725 2264 differentia
1742 2206 1829 2279 speci·

136 2290 194 2345 lam
213 2301 372 2363 comeptam
389 2312 448 2349 sees
464 2295 611 2349 aniaocam
629 2296 693 2350 Deo
711 2302 737 2349 st
755 2295 900 2349 creaturis
941 2293 972 2351 Si
996 2294 1058 2350 ficu.
1096 2292 1161 2350 iam
1179 2310 1244 2350 vero
1261 2294 1339 2350 Dens
1359 2312 1414 2350 non
1439 2291 1526 2349 babet
1542 2294 1691 2349 univocum
1716 2290 1830 2364 aliquod

136 2376 227 2449 dicas,
255 2379 336 2434 babet
360 2388 452 2435 tamea
476 2398 562 2449 penas
583 2382 743 2452 analopam.
786 2381 871 2454 Resp.
894 2380 970 2435 Deus
996 2399 1084 2454 genua
1104 2398 1166 2436 cum
1184 2379 1298 2453 reliquis
1318 2379 1445 2450 entibus,
1468 2397 1520 2437 nec
1539 2378 1742 2450 simplicissima
1768 2378 1828 2449 ejus

136 2470 178 2520 est
195 2465 325 2534 infinitus,
346 2473 388 2522 est
407 2466 633 2540 simplicissimus,
652 2485 704 2524 nec
722 2467 852 2524 mutarim
870 2473 898 2523 et
915 2466 969 2522 ior·
996 2467 1116 2524 essentia
1133 2485 1166 2524 ex
1183 2484 1285 2541 genere
1302 2474 1331 2524 st
1348 2466 1504 2525 differentia
1516 2474 1558 2523 est
1569 2465 1729 2539 composita.
1757 2463 1828 2521 Oen-

134 2568 205 2621 mss,
225 2569 277 2607 nec
294 2553 402 2625 generis
420 2561 449 2609 et
465 2552 652 2625 differentiae,
669 2571 721 2611 nec
738 2553 857 2625 subjecti
878 2559 906 2609 et
923 2570 969 2608 ac·
996 2553 1062 2610 selis
1090 2553 1213 2611 delinitio
1240 2554 1336 2611 itidem
1363 2572 1423 2612 esse
1444 2552 1556 2627 nequit,
1586 2553 1653 2625 qnia
1680 2553 1757 2609 Deus
1786 2558 1829 2609 est

135 2633 297 2709 cidentium,
326 2656 378 2695 nec
405 2646 483 2694 actus
510 2645 539 2695 et
564 2640 717 2711 potentiae,
745 2657 797 2696 nec
821 2638 917 2702 οὐσίας
942 2646 970 2695 ct
997 2641 1118 2697 omnium
1135 2658 1227 2697 rerum
1246 2657 1339 2703 causa.
1358 2640 1408 2697 sed
1422 2638 1478 2696 Dei
1494 2640 1572 2695 nulle
1584 2639 1665 2697 datur
1676 2655 1768 2708 causa,
1787 2642 1830 2694 cst

135 2722 221 2794 slva,
246 2741 298 2780 nec
321 2725 458 2798 suppositi
480 2732 509 2782 et
531 2733 647 2782 naturae
671 2726 898 2799 compositionem
920 2725 969 2779 ad·
997 2725 1135 2793 ἀναίτιος,
1161 2725 1282 2802 ἄναρχος
1300 2733 1351 2784 etc
1387 2730 1412 2783 l.
1439 2744 1472 2782 en
1495 2734 1618 2781 ceteram
1641 2727 1829 2781 consensione.

135 2810 255 2867 mittens.
291 2810 431 2884 Quicquid
446 2830 511 2869 vero
527 2813 668 2886 proprium
684 2813 770 2869 habet
786 2829 883 2886 genus,
898 2811 969 2868 illud
995 2813 1171 2888 Pythagorae
1180 2812 1273 2871 Deum
1284 2811 1445 2871 definiturus
1457 2813 1528 2869 dixit
1544 2830 1602 2868 esse
1613 2831 1752 2868 acosma
1769 2829 1829 2866 ma·

135 2903 178 2954 est
194 2898 396 2971 quodammodo
410 2898 520 2955 finitum
538 2906 568 2955 et
583 2901 773 2973 compositum.
809 2901 887 2958 Deus
905 2900 968 2955 sim·
994 2903 1132 2956 simorum
1144 2919 1325 2956 canteranum
1336 2918 1425 2970 capra
1431 2901 1601 2971 proximam,
1620 2916 1676 2974 qua
1689 2897 1828 2970 aenigma·

133 2983 245 3057 pliciter
265 2984 398 3042 infinitus.
437 2986 521 3057 Eugo.
570 2986 600 3044 si
617 2986 695 3042 Deus
719 2994 748 3042 et
763 2986 857 3060 angeli
882 2985 966 3043 habe·
995 2989 1053 3044 tice
1069 2987 1238 3043 obscuritate
1255 2986 1412 3059 significare
1430 2986 1520 3042 voluit
1536 2986 1640 3041 trusus
1649 2984 1755 3059 quaeri,
1765 2983 1828 3057 quie

133 3080 197 3127 rent
224 3090 312 3146 genus
341 3072 536 3146 analogicum,
564 3079 637 3128 esset
663 3073 801 3147 quaedem
825 3073 967 3146 proportio
995 3075 1031 3131 sit
1048 3076 1134 3132 Deus.
1168 3074 1243 3132 Nota
1262 3078 1304 3128 est
1320 3071 1436 3129 bistone
1452 3072 1619 3136 Simonidis,
1639 3072 1688 3143 qui
1708 3070 1827 3143 explica·

132 3158 206 3215 inter
222 3159 314 3215 Deum
333 3165 362 3216 et
376 3158 498 3232 angelos.
534 3158 623 3232 Atqui
646 3159 720 3216 inter
740 3159 848 3215 finitum
873 3168 901 3217 et
926 3160 966 3216 in·
994 3168 1073 3218 turus
1090 3161 1150 3235 regi
1168 3160 1299 3225 Hieroni,
1317 3161 1443 3230 quidest
1462 3161 1550 3227 Desa,
1568 3155 1827 3230 spatiomaddeli·

132 3243 242 3300 iinitum
267 3245 344 3300 nulla
372 3244 454 3301 datur
479 3245 629 3317 proportio.
682 3245 745 3303 Vox
773 3245 887 3319 spiritus
911 3264 968 3319 que
994 3246 1147 3306 herandum
1159 3245 1269 3318 accepit
1278 3244 1403 3307 biduum,
1419 3245 1549 3314 triduum,
1566 3251 1594 3300 et
1606 3261 1668 3299 cum
1680 3242 1827 3317 aliquoties

133 3330 241 3388 ratione
266 3330 396 3387 tribuitur
412 3330 490 3402 Dec,
518 3349 552 3389 ea
570 3331 677 3389 ratione
694 3350 750 3389 non
766 3331 899 3389 tribuitur
918 3349 965 3389 an·
993 3352 1138 3391 numerum
1156 3331 1340 3405 duplicasset,
1361 3334 1474 3386 tandem
1493 3330 1579 3386 dixit:
1610 3330 1718 3395 Quanto
1736 3329 1827 3398 racpis

133 3417 214 3492 galis,
231 3416 298 3491 quia
313 3416 343 3473 in
361 3416 423 3474 Deo
440 3435 496 3473 non
511 3425 553 3475 est
571 3418 726 3476 aliudesse
752 3419 889 3493 spiritum,
906 3437 967 3479 esse
994 3421 1098 3490 capito,
1123 3419 1312 3474 tantominus
1334 3418 1453 3472 invenio.
1490 3414 1616 3472 Socrates
1638 3415 1687 3470 lib.
1705 3422 1735 3486 ³,
1758 3433 1782 3470 c
1801 3421 1826 3470 5.

133 3503 292 3573 murm,
317 3520 377 3560 esse
401 3499 539 3559 infinitum
559 3508 610 3562 etc.
631 3512 673 3562 cst
690 3506 764 3562 enim
781 3506 843 3580 ipsa
858 3523 910 3562 sua
925 3506 966 3562 in·
993 3507 1023 3561 in
1041 3506 1157 3562 historia
1179 3505 1286 3577 tripart.
1309 3502 1357 3559 lib.
1380 3509 1409 3574 t,
1438 3519 1462 3559 c.
1488 3508 1530 3560 31.
1563 3501 1681 3574 Nicepb.
1707 3500 1756 3557 lib.
1786 3507 1825 3570 to,

132 3589 234 3647 linitas.
271 3589 346 3663 Ergo
364 3608 420 3646 non
438 3589 528 3645 solum
546 3590 729 3664 excellenter,
747 3594 797 3650 sed
809 3595 893 3667 plane
913 3594 967 3650 sin·
994 3611 1017 3649 c.
1040 3599 1079 3649 15.
1099 3593 1134 3647 de
1150 3590 1271 3663 Evagrio
1287 3589 1420 3659 referunt,
1448 3588 1523 3662 quod
1541 3595 1645 3646 amere
1662 3593 1691 3645 et
1707 3585 1825 3645 inconsi-

132 3676 386 3752 gulariterdeDeo
403 3677 587 3749 praedicatur.
616 3682 967 3753 semiperfectum.
994 3679 1089 3735 derata
1110 3678 1144 3735 de
1164 3677 1225 3734 Deo
1250 3675 1392 3749 disputare
1414 3674 1599 3746 prohibuerit,
1623 3673 1736 3731 definire
1760 3689 1825 3730 vero

131 3762 211 3820 Deus
228 3769 271 3821 eet
289 3768 425 3819 summum
443 3780 491 3819 ene
513 3772 542 3821 et
565 3771 609 3822 est
633 3782 725 3822 merus
748 3783 783 3824 uc
801 3767 966 3841 purissimus
994 3765 1166 3821 divinitatem
1183 3763 1272 3821 modis
1291 3761 1419 3818 omnibus
1436 3760 1616 3819 interdixerit.
1652 3762 1767 3830 lteram,
1784 3760 1825 3817 in·

132 3855 221 3906 actos.
259 3848 331 3914 Quia
350 3857 394 3905 est
411 3868 548 3907 summum
568 3867 632 3922 ens,
655 3852 719 3909 ideo
735 3870 791 3911 non
810 3853 897 3911 habet
918 3855 967 3910 ali
994 3852 1069 3926 quit,
1092 3852 1309 3923 compositarum
1326 3858 1392 3904 sant
1410 3850 1593 3920 dssindionss.
1631 3848 1728 3903 Omnis
1753 3849 1825 3903 enirn

132 3935 208 4010 quod
227 3936 367 4008 sumus,
388 3937 449 4010 jam
468 3955 533 3994 vero
551 3938 683 4013 quicquid
699 3940 810 4013 propris
829 3941 965 4006 definitur,
989 3939 1151 4012 propositio
1170 3945 1219 3992 aat
1237 3954 1325 4009 penas
1342 3937 1434 4005 babet,
1458 3938 1536 4008 qaod
1550 3937 1749 4008 praedicatur,
1776 3944 1826 3990 aat

132 4021 163 4077 id
180 4040 231 4095 per
257 4021 334 4095 prius
358 4023 493 4080 definitur.
533 4032 556 4083 6.
576 4025 647 4098 Tap.
666 4032 689 4083 ³.
713 4027 780 4099 quia
803 4028 966 4100 purissimus
993 4028 1113 4097 speciem
1138 4033 1188 4081 aat
1215 4024 1403 4096 differentiam
1430 4031 1479 4076 aat
1498 4023 1650 4092 propriam
1678 4031 1727 4077 aat
1753 4022 1825 4077 acci-

133 4113 221 4179 asem,
238 4107 301 4165 ideo
311 4109 824 4186 nihilpotentialitatissirepctentiae
839 4115 965 4187 passivae
994 4114 1063 4166 dens
1086 4119 1136 4165 aat
1163 4128 1195 4164 ea
1213 4110 1257 4165 bis
1276 4111 1458 4179 compositam
1476 4110 1637 4164 mationem.
1675 4109 1734 4163 Sed
1753 4108 1825 4162 aibsl

132 4195 286 4250 admixtm
302 4195 400 4266 habet,
422 4198 565 4269 jamvero
583 4198 613 4254 in
631 4198 792 4257 definitione
814 4218 902 4273 genus
926 4207 967 4257 est
994 4199 1024 4252 ia
1042 4207 1140 4252 sancta
1162 4197 1300 4251 Trinitate
1318 4196 1424 4263 taam,
1444 4212 1515 4264 qaae
1534 4194 1612 4249 dicta
1629 4201 1701 4263 eant,
1719 4193 1825 4263 poterit

131 4281 220 4338 instar
228 4282 406 4353 potentiaeet
417 4283 556 4354 mammae,
569 4284 726 4343 diffmentia
736 4287 868 4360 specifica
878 4287 967 4344 instar
992 4283 1197 4353 competendi,
1214 4284 1301 4351 ipitar
1318 4280 1395 4351 qaod
1403 4280 1546 4352 ineffabile
1566 4288 1614 4345 ert,
1631 4280 1742 4334 scientio
1755 4280 1823 4334 ado·

132 4374 213 4425 actus
231 4373 259 4425 et
275 4368 388 4426 formae.
427 4369 593 4428 Differentia
609 4390 665 4430 non
682 4380 724 4430 est
750 4373 870 4431 essentia
891 4374 964 4430 idem
991 4378 1077 4425 ratur.
1090 4368 1185 4440 .Cypr.
1203 4367 1233 4423 in
1249 4368 1355 4440 prolog.
1373 4365 1422 4421 lib.
1441 4366 1477 4421 ds
1494 4365 1622 4438 operibus
1642 4364 1744 4422 Christi
1763 4381 1822 4421 car·
1834 4385 1875 4428 111.
1889 4384 1922 4431 ta.

132 4454 209 4527 qnod
221 4472 317 4528 genus,
335 4456 385 4512 sed
399 4455 550 4512 secundum
561 4460 711 4515 sacntim
723 4477 741 4514 a
752 4477 854 4533 genere
865 4458 965 4515 differt.
993 4453 1133 4510 dinalibns
1148 4472 1175 4525 p.
1189 4459 1251 4511 288:
1271 4454 1416 4508 Divinitas
1427 4470 1484 4507 non
1496 4461 1536 4506 sa
1548 4452 1707 4521 definibilis.
1733 4451 1822 4508 Hilur.

132 4541 174 4597 At
195 4558 262 4598 vero
288 4540 446 4598 essentiales
473 4542 527 4599 Dei
553 4545 736 4617 proprietates
765 4545 886 4603 essentia
910 4563 966 4602 non
993 4540 1041 4596 lib.
1066 4541 1101 4596 de
1124 4540 1179 4595 Dei
1203 4538 1294 4595 Patris
1318 4547 1347 4596 et
1369 4538 1436 4595 Filii
1458 4539 1526 4595 unit.
1548 4556 1575 4611 p.
1595 4545 1658 4596 766:
1691 4540 1823 4611 Nomina,

132 4626 266 4684 differunt
283 4628 319 4684 eb
337 4628 400 4700 ipse
427 4628 544 4701 deitate,
571 4630 620 4687 sed
637 4632 748 4688 realiter
765 4640 831 4689 sunt
847 4633 909 4704 ipsa
926 4632 966 4688 di·
993 4644 1064 4698 cuat
1082 4627 1145 4681 Deo
1164 4626 1329 4696 tribuantur,
1346 4635 1411 4680 caat
1429 4626 1648 4696 &abdicationes
1665 4627 1823 4698 dispositio·

131 4714 199 4770 rina
216 4714 342 4771 essentia.
377 4713 453 4786 Ergo
472 4716 631 4774 essentiales
650 4717 704 4774 Dei
728 4719 912 4792 proprietates
936 4719 967 4774 in
993 4733 1058 4768 aum
1076 4723 1102 4768 et
1119 4730 1235 4784 weram
1252 4713 1419 4783 divinorum,
1437 4731 1494 4767 non
1512 4721 1605 4767 tamen
1622 4713 1713 4783 ipsam
1730 4714 1824 4769 Deam

132 4800 197 4873 ipse
228 4800 331 4858 deitate
359 4801 464 4857 nullam
492 4802 596 4858 realem
624 4803 808 4862 differentiam
836 4809 965 4878 arguunt.
988 4809 1142 4873 propterea
1160 4800 1303 4868 definiant.
1336 4798 1414 4855 Idem
1435 4801 1469 4856 de
1486 4798 1601 4867 Trinit:
1623 4799 1702 4855 Certe
1720 4799 1772 4854 boc
1784 4808 1824 4855 set

131 4887 212 4947 Sicut
228 4887 344 4944 materia
360 4887 450 4958 prima
466 4905 522 4943 non
546 4895 638 4959 potest
660 4892 772 4963 proprie
794 4897 824 4948 et
844 4892 966 4964 perfecte
993 4891 1080 4953 Dona,
1098 4906 1160 4942 cans
1177 4887 1291 4957 dicitur,
1308 4904 1364 4942 non
1370 4895 1464 4956 potest
1480 4888 1555 4956 dici,·
1574 4906 1634 4943 cam
1651 4886 1823 4959 satiantur,

132 4972 250 5042 definiri,
271 4973 393 5047 quisset
408 4976 637 5047 mesapotsntia,
657 4984 685 5033 et
694 4982 808 5050 propter
824 4977 966 5033 minimam
992 4993 1047 5030 non
1061 4981 1155 5044 potat
1173 4974 1321 5029 aestimari
1322 4994 1335 5039 ;
1359 4991 1421 5027 cans
1439 4974 1583 5042 definitur,
1607 4974 1667 5044 epse
1685 4992 1737 5028 saa
1756 4974 1823 5044 defi·

131 5062 289 5132 entitatem,
313 5061 353 5117 ita
377 5078 488 5135 quoque
507 5079 540 5117 ax
564 5062 680 5120 adverso
697 5063 775 5120 Deus
797 5082 853 5121 non
874 5072 967 5137 potest
991 5062 1097 5116 aseae
1125 5061 1230 5116 nescit.
1265 5058 1351 5115 Bait
1377 5058 1425 5114 lib.
1454 5067 1550 5116 contra
1574 5058 1691 5116 Eunom.
1716 5079 1744 5133 p.
1766 5066 1823 5120 111.

131 5146 259 5212 definiri,
286 5148 352 5222 quie
368 5155 410 5204 est
428 5167 521 5202 maus
538 5157 633 5214 naas,
656 5156 684 5204 et
700 5156 815 5223 propter
832 5169 966 5207 summam
994 5151 1085 5203 Deam
1103 5166 1153 5202 nec
1169 5153 1255 5201 ments
1273 5145 1471 5217 comprobandi
1486 5164 1536 5200 asc
1554 5147 1714 5213 definitione
1737 5149 1823 5219 septi

132 5236 286 5292 entitatem.
333 5233 498 5290 Damascen.
526 5233 556 5288 in
582 5234 646 5291 dial
673 5253 735 5308 cap.
761 5244 785 5294 4.
820 5238 896 5295 Deus
924 5245 967 5296 est
993 5235 1056 5289 cari
1068 5251 1153 5306 posse
1170 5232 1263 5288 maltis
1281 5230 1391 5303 probat.
1416 5230 1565 5309 Angustin.
1584 5232 1632 5290 lib.
1652 5238 1676 5290 1.
1694 5231 1729 5290 de
1747 5233 1824 5291 trin

131 5323 216 5379 uiola
230 5321 399 5397 insputatur,
417 5321 454 5378 ad
466 5320 573 5377 nullum
582 5322 653 5377 entis
666 5340 754 5395 genus
767 5325 966 5381 determinatus
992 5340 1019 5394 p.
1035 5329 1079 5379 15:
1099 5322 1233 5391 Perfecta
1249 5319 1366 5374 scicntia
1385 5328 1432 5392 est,
1450 5320 1491 5375 sic
1504 5326 1596 5376 Deam
1612 5321 1693 5387 scire,
1711 5330 1742 5376 at
1759 5322 1825 5378 licet

97 5438 105 5453 ι
132 5417 162 5467 et
173 5407 328 5483 restrictus,
345 5408 395 5466 sed
410 5409 503 5466 omnia
516 5409 619 5466 entium
633 5427 736 5482 genera
747 5409 862 5467 infinitis
876 5412 965 5468 modis
991 5427 1047 5463 non
1067 5406 1266 5476 ipuorabilsm,
1291 5413 1384 5461 tamea
1403 5405 1619 5463 inenarrabilem
1637 5408 1720 5466 scias.
1760 5408 1824 5464 aa

131 5494 162 5553 iu
179 5511 210 5552 se
230 5497 422 5569 complectens.
458 5494 513 5552 Dei
530 5495 677 5553 mundam
694 5513 746 5553 nec
763 5497 852 5554 oculis
864 5499 965 5557 intueri
992 5496 1101 5551 anda
1117 5502 1172 5564 sa,
1189 5491 1386 5565 inteliipsndas
1403 5503 1458 5562 est,
1477 5494 1642 5551 αάοναπάω
1660 5505 1712 5567 set,
1735 5504 1762 5551 et
1778 5494 1823 5550 lis
1856 5482 1861 5491 ’

131 5597 185 5639 nec
201 5590 295 5675 mepte
312 5580 472 5654 complecti,
491 5598 542 5640 nec
559 5576 657 5655 lingua
674 5582 769 5658 eloqui
787 5584 818 5640 in
834 5583 887 5641 hac
905 5586 965 5642 vite
987 5585 1094 5656 officiis
1111 5580 1290 5652 eloquenda.
1314 5576 1394 5638 Idem
1409 5578 1440 5638 in
1456 5576 1503 5638 lib
1521 5579 1558 5640 ds
1577 5598 1657 5657 cogo.
1675 5598 1758 5640 verse
1773 5580 1823 5637 vit.
