3984 6022
174 245 244 309 '518
877 235 1000 294 LOCUS
1020 233 1199 301 QUARTUS

183 405 304 451 naturae
324 411 378 465 per
400 410 429 448 se
449 392 533 447 etiam
555 392 585 446 in
607 393 708 445 unione
726 392 786 445 aeis
799 391 1023 461 proprietatibus
1049 390 1188 461 personali
1207 391 1308 445 unione
1327 391 1507 447 resultantem
1530 387 1691 452 stannum,
1718 387 1784 443 ideo
1802 387 1890 443 Deum

186 485 337 537 distinctae
355 482 427 534 citra
444 480 533 532 ullam
551 480 640 532 aliam
659 478 940 531 communicationem.
966 477 1023 531 Ad·
1051 494 1110 533 esse
1137 477 1292 544 hominem,
1324 484 1351 532 et
1376 476 1516 531 hominem
1546 493 1606 531 esse
1630 475 1725 531 Deum
1758 475 1891 550 dicimus3

185 547 300 624 nionitio
319 565 450 621 Neostad.
471 582 498 634 p.
519 570 567 619 to:
588 565 775 617 Praedicotio
792 565 976 617 lusitanorum
989 565 1024 616 de
1051 570 1074 620 2.
1094 563 1227 635 quicquid
1251 580 1313 616 cum
1340 561 1472 618 alterutro
1495 560 1561 615 καθ’
1584 562 1685 616 ἕνωσιν
1705 560 1892 615 communica·

186 653 455 710 Deoeteiioinorum
467 651 620 704 delondm
633 651 952 718 qnantumadnotnrae,
965 657 1025 702 tan·
1051 656 1105 718 tur,
1123 666 1179 703 non
1195 649 1225 703 in
1242 648 1391 718 abstracto,
1407 649 1457 703 sed
1475 649 1504 702 in
1517 655 1646 702 concreto
1664 663 1697 701 ae
1718 646 1893 718 παρωνύμως

186 750 243 794 tum
267 747 307 791 est
329 736 457 789 vestales.
494 734 672 788 trahamur.
696 735 836 789 Panstrat.
858 735 937 790 Cath.
960 741 1025 789 tom.
1052 738 1088 790 de
1112 737 1160 791 illo
1179 734 1364 805 praedicatur.
1400 734 1505 806 Regius
1526 734 1572 788 lib.
1594 739 1615 788 1.
1642 733 1714 802 disp.
1736 732 1838 805 Logia.
1862 733 1893 786 de

186 832 210 882 2.
231 824 278 878 lib.
299 829 321 877 t.
341 839 363 875 c.
383 826 405 875 2.
424 838 451 890 p.
467 828 507 876 56.
529 820 752 874 Communioncm
767 830 893 889 respectu
906 830 1027 874 naturae
1053 822 1204 892 praedicat
1234 840 1260 891 p.
1287 827 1344 876 260.
1394 822 1486 886 Quare
1515 837 1578 875 cnm
1604 819 1823 875 communicatio
1851 820 1893 873 illa

181 912 271 982 plane
295 909 435 961 verbalem
460 924 516 960 esse
539 908 652 960 unitati
675 907 876 960 consentienter
904 909 963 960 dici
985 924 1027 960 ns·
1054 914 1223 972 nattuarum,
1242 924 1325 979 quam
1338 908 1368 961 in
1385 905 1661 972 Christostatuimus,
1679 903 1758 960 faita
1777 905 1817 959 sit
1834 906 1890 958 καθ’

188 996 306 1052 soriti*
345 994 470 1048 Medulla
495 993 607 1048 Catach.
633 1010 677 1048 an.
704 999 762 1048 606.
786 993 930 1064 Marpurgi
953 993 1031 1048 edita
1055 994 1162 1058 ironic,
1181 1010 1230 1064 per
1248 1000 1276 1049 et
1286 999 1399 1063 propter
1412 993 1540 1047 unionem
1555 992 1738 1062 personalem,
1758 992 1824 1046 ideo
1841 1009 1893 1048 non

188 1101 215 1154 q.
234 1089 276 1137 tir.
297 1080 432 1134 Herborn.
451 1079 480 1132 in
499 1078 566 1149 spic.
584 1097 611 1149 p.
633 1087 674 1134 25.
693 1078 905 1149 reprehendunt,
926 1079 949 1132 si
967 1078 1030 1149 quie
1055 1081 1172 1134 dicimus
1191 1082 1221 1133 in
1238 1081 1394 1133 monneto.-
1411 1078 1541 1133 divinitas
1560 1085 1602 1133 est
1615 1077 1787 1142 humanitas,
1806 1079 1855 1134 sed
1867 1080 1894 1132 in

189 1167 264 1222 dicet
282 1165 330 1219 τὸν
349 1165 448 1235 Aiyor
466 1166 644 1217 incarnatum
662 1166 780 1218 realiter
797 1165 898 1217 habere
919 1181 1031 1217 earnem
1056 1174 1194 1220 consertio:
1212 1165 1290 1220 Deus
1310 1171 1352 1220 est
1369 1164 1463 1234 h0m03
1483 1171 1506 1220 3.
1519 1165 1756 1235 quemadmodum
1769 1165 1807 1219 ob
1825 1177 1894 1219 com·

191 1264 217 1309 et
236 1253 406 1321 sanquinem.
432 1250 565 1305 Danaeus
578 1252 606 1304 in
619 1269 705 1306 exam.
716 1250 763 1305 lib.
774 1250 915 1305 Chemnic.
932 1268 959 1320 p.
973 1257 1031 1306 290:
1057 1252 1270 1307 munientionem
1287 1249 1467 1321 hypostaseos
1486 1250 1562 1314 dico,
1581 1249 1656 1320 quod
1672 1257 1777 1305 natura
1796 1249 1895 1304 Christi

191 1339 412 1394 Communicatio
438 1339 487 1390 τοῦ
510 1337 609 1407 Λόγου
638 1346 664 1391 et
688 1337 826 1390 humanae
850 1344 968 1389 naturae
993 1344 1032 1388 est
1056 1338 1177 1392 humana
1194 1338 1230 1391 eit
1249 1335 1441 1399 ironiarnroe,
1461 1335 1604 1389 incertior
1618 1334 1738 1405 irnsirqi
1751 1337 1790 1405 τῷ
1803 1335 1893 1404 Λόγῳ,

189 1425 392 1496 appellationis
417 1432 523 1477 tantum
542 1442 591 1477 reu
607 1425 723 1478 ionort'e
740 1424 863 1477 verbalis
881 1425 1031 1476 communi·
1058 1431 1086 1478 et
1110 1431 1142 1478 ut
1164 1424 1204 1494 pii
1221 1430 1327 1478 veteres
1347 1423 1514 1493 loquuntur,
1539 1425 1714 1492 λογωθεῖσα,
1740 1429 1893 1492 enutriam

190 1513 264 1565 catio
279 1519 400 1580 propter
417 1509 640 1562 indissolubilem
659 1511 739 1562 illum
756 1511 897 1562 unitorum
916 1517 1032 1562 natura-
1057 1517 1089 1563 ut
1107 1508 1271 1565 scholastici
1286 1517 1461 1577 personata5
1486 1523 1541 1561 non
1560 1514 1653 1563 autem
1674 1508 1753 1579 quod
1777 1509 1814 1562 sit
1834 1509 1895 1579 ipsa

189 1617 252 1651 nem
275 1614 382 1650 nerum.
417 1595 541 1650 Perseus
566 1594 678 1666 quidem
702 1596 730 1648 in
749 1595 856 1650 ironico
874 1595 926 1650 hoc
945 1595 1031 1649 telum
1058 1595 1215 1665 hypostasis
1233 1597 1283 1648 τοῦ
1301 1593 1414 1664 Λόγουτ
1435 1594 1474 1648 ita
1493 1593 1529 1648 ob
1549 1595 1828 1649 communicationem
1845 1611 1893 1648 na·

190 1700 208 1737 a
232 1699 261 1737 se
286 1687 315 1737 ct
338 1681 420 1736 sociis
445 1682 501 1735 suis
520 1681 654 1751 repellero
672 1687 788 1735 conatur
810 1699 839 1750 p.
859 1687 924 1736 264:
953 1680 1031 1733 Utri·
1058 1687 1182 1735 turanum
1197 1697 1253 1734 non
1271 1680 1349 1749 dico,
1375 1680 1449 1750 quod
1466 1679 1588 1734 humana
1613 1687 1717 1735 natura
1740 1681 1777 1734 sit
1795 1681 1895 1748 divina,

191 1778 264 1824 mum
288 1769 424 1821 nominem
449 1784 508 1821 esse
525 1770 619 1821 Deum
643 1785 697 1820 non
715 1768 878 1834 verbaliter,
903 1769 954 1820 secl
969 1784 1031 1819 rca-
1058 1773 1087 1821 et
1104 1767 1178 1837 qnod
1196 1766 1292 1820 divina
1309 1767 1346 1819 sit
1364 1766 1495 1834 humana,
1512 1766 1561 1820 sed
1575 1768 1650 1837 qnod
1662 1767 1743 1820 Deus
1755 1766 1793 1820 sit
1810 1767 1895 1835 homo,

195 1856 267 1919 liter,
286 1856 342 1907 imo
361 1855 532 1921 reclinatae,
552 1854 620 1921 quia
639 1856 760 1906 duarum
779 1862 947 1906 naturantm
965 1854 1032 1907 unio
1058 1858 1087 1906 et
1103 1852 1184 1906 homo
1201 1851 1237 1905 eit
1251 1851 1344 1920 Deum
1370 1857 1395 1906 t.
1414 1851 1485 1905 sicut
1504 1851 1541 1906 ob
1559 1852 1690 1907 unionem
1704 1852 1772 1906 ferri
1785 1859 1815 1906 et
1827 1853 1894 1923 ignis

193 1941 305 1994 diuinae
324 1947 351 1992 et
369 1940 507 2004 humanae
527 1939 555 1994 in
570 1955 695 2007 persona
717 1938 824 1992 Christi
840 1957 896 1992 non
916 1947 956 1992 est
972 1956 1032 1991 oer-
1059 1937 1127 1993 κατὰ
1140 1934 1360 1993 συνδὺασινηοη
1374 1936 1552 1992 dicoierrum
1565 1942 1607 1992 est
1625 1938 1708 2009 ignis,
1728 1939 1779 1994 sed
1796 1938 1895 1993 ferrum

192 2028 281 2095 balio,
308 2028 360 2079 eeol
379 2027 480 2092 realis,
501 2027 556 2079 imo
575 2026 752 2092 realissima,
772 2027 862 2092 adde,
883 2026 910 2077 si
928 2025 1033 2092 coirent,
1059 2031 1101 2079 est
1118 2024 1251 2096 ignitum3
1269 2031 1382 2094 propter
1400 2023 1528 2078 unionem
1543 2024 1652 2080 animae
1665 2025 1895 2095 etcorporisnon

193 2110 468 2165 minentialissima.
513 2109 567 2165 Sed
601 2115 797 2181 praeterquam
831 2109 905 2180 quod
932 2111 1032 2164 incom-
1059 2111 1135 2165 dico:
1160 2110 1252 2164 anima
1275 2116 1316 2164 est
1339 2126 1455 2179 corpus,
1484 2117 1512 2163 et
1530 2126 1629 2180 corpus
1651 2116 1694 2164 est
1719 2111 1827 2179 anima,
1850 2111 1894 2165 sei

193 2197 274 2253 mode
299 2195 438 2267 loquitur,
464 2195 530 2249 dum
554 2195 684 2248 unionem
708 2203 789 2250 vocat
813 2197 1032 2271 substantialem,
1058 2213 1157 2266 corpus
1176 2202 1218 2250 est
1235 2195 1400 2262 animatum,
1421 2195 1564 2268 ἔμψυχον,
1591 2203 1620 2250 et
1639 2196 1737 2250 anima
1755 2205 1801 2251 est
1818 2194 1894 2250 troci

194 2283 250 2337 imo
273 2283 580 2349 substantiolissimam,
602 2298 675 2351 quae
700 2287 742 2334 est
758 2282 926 2352 personalis,
950 2283 1032 2336 meris
1057 2302 1156 2357 paroc:
1187 2281 1226 2335 ric
1251 2288 1363 2351 propter
1387 2282 1515 2336 unionem
1542 2282 1717 2351 personalem
1743 2283 1846 2352 Λόγου
1871 2291 1895 2337 et

192 2369 339 2423 verborum
363 2367 522 2438 praestigiis
542 2366 614 2420 ludit
631 2370 660 2420 ct
677 2366 875 2422 incautioribus
892 2367 1033 2438 imponere
1059 2368 1150 2423 carnis
1167 2384 1222 2421 non
1243 2367 1318 2421 dico:
1343 2367 1500 2421 humanitas
1518 2372 1560 2421 cst
1575 2367 1679 2444 deitas,
1700 2373 1730 2422 et
1748 2369 1841 2423 deltae
1858 2373 1895 2423 sn

194 2458 318 2509 conatur.
355 2452 453 2508 Statim
480 2452 553 2507 enim
577 2458 698 2508 mentem
722 2469 801 2506 suam
820 2454 929 2522 plenius
949 2452 1033 2524 cipli·
1059 2453 1229 2520 humanitas,
1248 2453 1297 2506 sed
1315 2451 1396 2506 homo
1415 2458 1458 2506 est
1474 2451 1564 2515 Deus,
1588 2470 1644 2508 non
1663 2451 1812 2514 οὐσιωδῶς
1829 2454 1894 2508 scili·

193 2539 283 2594 cando
301 2539 460 2609 subjungit:
480 2539 610 2592 Reale'ter
628 2539 888 2593 etsuletantialiter
905 2540 1034 2593 Gloriatur
1060 2545 1120 2602 cet,
1142 2539 1191 2593 sed
1210 2538 1414 2601 ὑποστατικῶς,
1439 2537 1560 2591 humana
1576 2543 1678 2592 natoue
1700 2545 1745 2594 est
1761 2539 1895 2607 deificata

193 2627 273 2680 homo
301 2633 341 2678 est
360 2628 439 2678 Deus
464 2626 569 2678 donate
593 2642 659 2693 sua,
682 2632 707 2677 ct
733 2624 860 2678 Olristue
890 2627 968 2678 Deus
993 2634 1034 2678 est
1060 2631 1144 2678 uncta
1161 2624 1274 2691 deitate,
1294 2639 1394 2692 corpus
1411 2628 1455 2677 est
1468 2622 1635 2690 deificatum,
1653 2624 1760 2681 deitate
1778 2627 1895 2697 plenum,

193 2713 273 2765 homo
290 2711 461 2764 humanitate
480 2729 540 2764 esta.
580 2711 657 2772 Quid
673 2711 768 2764 volunt
786 2712 929 2780 ampliari
947 2730 985 2765 an
1003 2720 1033 2764 ut
1060 2713 1172 2773 trecor,
1190 2725 1255 2763 caro
1273 2715 1488 2775 senescerere,
1516 2708 1646 2764 deificata
1664 2717 1721 2768 etc.
1739 2711 1813 2767 hacc
1830 2712 1895 2769 emm

196 2797 336 2852 Christum
359 2796 493 2849 hominem
515 2797 643 2849 dicamus
669 2814 727 2849 esse
744 2798 838 2849 Deum
861 2797 1033 2851 inmanitate
1060 2796 1191 2867 loquendi
1208 2795 1345 2851 formulae
1370 2813 1464 2849 omnes
1484 2796 1559 2867 apud
1583 2796 1644 2866 pios
1667 2804 1779 2852 veteres
1804 2815 1894 2854 occur·

194 2900 247 2936 aera
275 2890 300 2934 et
321 2880 460 2934 Christum
479 2883 573 2934 Deum
598 2898 655 2934 esse
673 2882 809 2936 hominem
834 2884 916 2936 etiam
937 2885 1033 2937 tuma·
1059 2889 1131 2938 runt.

194 2971 282 3022 nitate
307 2969 384 3020 saal
408 2967 557 3020 anniano
578 2968 732 3036 Eutpcieti.
768 2968 807 3022 At
831 2969 854 3023 si
878 2970 960 3024 homo
978 2986 1034 3023 non
1096 2975 1153 3024 154.
1201 2968 1272 3021 Ucres
1298 2969 1443 3037 practicae
1472 2977 1511 3022 est
1542 2969 1761 3025 consolatorius.
1808 2970 1942 3041 ipsumam

195 3060 238 3110 est
249 3053 326 3108 Deus
334 3051 506 3107 humanitate
518 3069 569 3106 sua
581 3053 792 3123 (personaliter),
804 3055 941 3125 quomodo
954 3055 1034 3110 realis
1059 3054 1237 3109 redemtionis
1260 3054 1398 3108 humanae
1421 3054 1582 3124 mysterium
1609 3060 1638 3109 et
1663 3055 1766 3109 salutis
1792 3039 1942 3119 nostraeffi

194 3146 311 3195 naturae
342 3136 554 3193 communicatio
581 3138 680 3207 stabit,
707 3140 845 3210 quomodo
869 3141 956 3195 Filius
981 3139 1034 3195 Dei
1059 3141 1271 3195 fundamentum
1293 3155 1375 3193 verse
1402 3146 1431 3194 et
1455 3140 1522 3194 reali
1548 3146 1711 3194 naturarum
1739 3142 1771 3195 in
1793 3142 1896 3197 Christo

195 3242 273 3280 suam
291 3223 456 3295 hypostasin
480 3223 592 3278 realiter
613 3223 690 3278 cerni
708 3226 925 3280 communicasse
943 3226 1034 3281 dicen·
1060 3224 1300 3281 communicationi
1328 3224 1462 3278 innititur.
1506 3226 1579 3291 Quia
1604 3226 1676 3280 enim
1704 3227 1784 3282 inter
1806 3228 1897 3300 Λόγον

196 3312 247 3365 dus
275 3312 343 3377 erit,
374 3309 511 3379 quomodo
534 3307 623 3363 Maria
652 3310 703 3364 erit
725 3310 870 3378 θεοτόκος,
898 3313 1035 3381 quomodo
1061 3318 1246 3367 assumentem
1264 3317 1292 3365 et
1305 3316 1433 3364 naturam
1451 3311 1599 3366 humanam
1610 3318 1766 3367 msumtam
1782 3321 1897 3372 cavera

194 3396 305 3451 Christo
328 3396 431 3449 homini
454 3394 551 3449 datum
574 3395 628 3448 erit
655 3411 768 3462 nomen,
794 3396 868 3465 quod
891 3402 934 3450 est
951 3414 1036 3467 supra
1061 3406 1089 3455 et
1108 3399 1189 3454 realis
1208 3398 1433 3465 communicatio,
1458 3397 1522 3452 ideo
1540 3415 1631 3451 semen
1651 3400 1785 3454 mutiem's
1812 3403 1897 3471 potuit

195 3499 276 3536 omne
299 3481 418 3535 nomen?
444 3480 481 3533 Et
503 3480 570 3550 quid
591 3481 704 3534 multis?
731 3481 880 3552 Nunquam
904 3489 1036 3553 poterunt
1061 3495 1201 3540 conterere
1218 3491 1303 3552 caput
1319 3485 1456 3552 serpentis
1474 3482 1545 3538 Gen.
1564 3490 1593 3552 3,
1616 3489 1711 3551 r.16;
1739 3485 1807 3541 ideo
1831 3487 1897 3542 filius

196 3567 365 3637 iptodoitnr
390 3567 425 3620 de
448 3583 514 3620 vera
538 3572 566 3620 et
590 3566 658 3620 reali
684 3575 845 3622 namtarum
871 3569 900 3623 in
926 3568 1034 3624 Christo
1061 3570 1183 3627 hominis
1201 3587 1312 3623 carnem
1330 3586 1410 3622 mam
1430 3571 1501 3621 dare
1519 3569 1610 3638 potuit
1631 3587 1689 3639 pro
1717 3575 1824 3626 munch
1846 3574 1898 3627 nita

196 3653 444 3707 communicatione
462 3651 547 3719 tueri,
572 3653 620 3723 qui
643 3661 663 3707 1.
684 3653 866 3723 hypostaseos
884 3656 1035 3709 communi·
1061 3656 1181 3712 lohann.
1201 3661 1230 3723 6,
1254 3662 1343 3720 r.51;
1371 3653 1433 3709 ideo
1458 3657 1621 3722 sanquinem
1647 3673 1730 3709 suum
1759 3662 1896 3729 effundere

197 3737 334 3792 ostionem
355 3744 472 3808 negant,
495 3754 529 3792 ac
553 3738 587 3792 de
606 3738 706 3792 unione
729 3740 867 3808 personali
886 3756 941 3793 non
961 3747 1035 3796 recte
1061 3743 1151 3813 potnit
1168 3742 1198 3793 in
1217 3741 1408 3794 remissionem
1427 3748 1607 3807 peccatorum
1625 3741 1725 3796 Matth.
1745 3750 1789 3813 26,
1810 3763 1836 3799 r.
1856 3750 1899 3810 283

197 3824 333 3886 sentiunt;
353 3828 378 3878 2.
392 3824 549 3893 personales
567 3824 767 3894 propositiones
785 3827 937 3897 peregrinis
956 3843 1035 3896 expo·
1063 3830 1125 3884 idco
1143 3829 1259 3895 nonpeis
1279 3826 1385 3879 Consti
1401 3843 1453 3879 nos
1471 3828 1608 3880 mundare
1625 3835 1717 3896 potest
1736 3848 1756 3882 a
1777 3832 1899 3899 peccatis

197 3908 343 3963 sitionibus
355 3914 529 3978 pervertunt3
549 3915 572 3964 3.
586 3910 746 3964 idiomatum
762 3912 1036 3967 communicationem
1066 3924 1086 3971 1.
1105 3915 1225 3969 lohann.
1245 3919 1273 3979 1,
1298 3927 1323 3964 v.
1344 3919 1367 3966 t.
1404 3911 1508 3967 Contra
1532 3928 1596 3967 vero
1612 3914 1644 3966 si
1667 3931 1726 3968 non
1753 3924 1799 3971 est
1823 3917 1899 3972 realis

197 4000 320 4066 negant,
339 3993 368 4046 id
386 3994 460 4064 qnod
479 3994 655 4049 calvinianos
672 3996 765 4052 iacere
782 3998 883 4066 partim
904 4016 937 4052 ex
957 3999 1037 4053 dictis
1062 4007 1224 4055 naturarum
1242 3997 1461 4061 communicatio,
1481 4013 1536 4052 non
1552 3999 1644 4067 potnit
1662 4017 1759 4055 semen
1781 4002 1899 4058 mulieris

198 4087 315 4147 constat,
335 4081 436 4150 partim
456 4098 489 4135 ex
507 4081 632 4136 dicendis
649 4083 758 4152 plenius
777 4084 932 4153 apparebit.
1064 4093 1204 4140 conterere
1229 4091 1315 4153 caput
1341 4082 1491 4153 serpentis,
1518 4101 1574 4138 non
1598 4083 1690 4153 potuit
1715 4102 1785 4142 caro
1804 4087 1899 4144 Christi

234 4173 291 4223 ¹53.
327 4167 475 4231 Quaeritur
493 4167 521 4222 h.
540 4166 558 4220 l.
593 4169 641 4223 An
658 4177 778 4238 propter
797 4171 902 4223 realem
920 4189 1038 4226 commn-
1064 4171 1125 4225 dari
1145 4187 1195 4241 pro
1213 4170 1308 4223 mundi
1329 4169 1400 4230 vita,
1426 4184 1476 4223 nec
1496 4170 1611 4240 sanguis
1633 4172 1693 4241 ejus
1718 4171 1747 4225 in
1767 4174 1898 4230 remissie

197 4255 365 4308 nicationem
384 4261 552 4306 naturarum
571 4255 630 4306 dici
648 4255 747 4306 debeat
759 4256 804 4307 ret
812 4258 916 4324 possit:
934 4266 1038 4312 natura
1064 4275 1127 4313 nem
1143 4263 1319 4327 peccatorum
1339 4254 1460 4319 effundi,
1485 4272 1537 4309 nec
1555 4261 1647 4325 potest
1662 4259 1784 4328 sangnis
1802 4259 1898 4315 Christi

197 4342 297 4394 diuino
321 4349 361 4393 eet
386 4341 510 4393 tamena
535 4347 560 4391 et
586 4340 708 4392 tamena
735 4349 839 4393 nonna
863 4352 903 4396 est
921 4345 1039 4398 divinat
1064 4362 1113 4400 nos
1133 4342 1266 4397 mundare
1286 4358 1303 4395 a
1321 4341 1459 4411 peccatis,
1477 4342 1544 4411 quia
1562 4342 1674 4412 sanguis
1695 4343 1838 4400 humanae
1856 4362 1897 4400 ns·

197 4426 242 4480 Ita
268 4426 321 4481 sibi
347 4431 545 4494 persuaserunt
569 4423 694 4479 lesuitae
721 4432 748 4479 et
766 4425 937 4497 Ualeriani,
964 4431 1037 4501 quia,
1064 4437 1162 4498 turae,
1186 4445 1256 4500 quae
1276 4445 1327 4482 neo
1346 4427 1530 4482 essentialiter
1548 4427 1625 4482 Deus
1643 4436 1703 4496 est,
1722 4432 1898 4486 nec²resliter

197 4517 347 4584 propterea
367 4511 442 4582 quod
467 4509 596 4563 divinitae
620 4511 655 4564 de
678 4509 850 4566 humanitate
869 4521 897 4568 et
914 4514 1038 4570 humani·
1064 4534 1128 4571 cum
1145 4515 1206 4571 Deo
1218 4513 1441 4568 communionem
1459 4512 1552 4582 habet,
1570 4530 1625 4568 non
1643 4520 1737 4582 potest
1756 4517 1899 4572 affundiin

197 4606 241 4653 tas
272 4598 307 4651 de
334 4596 479 4651 dimnitate
506 4596 535 4650 in
563 4594 705 4650 abstracto
729 4598 884 4666 praedicari
909 4610 1037 4671 nequeat,
1064 4601 1252 4659 remissionem
1280 4606 1476 4671 peccatorum3
1510 4614 1575 4652 caro
1607 4600 1747 4656 humanae
1779 4611 1898 4666 naturae.

197 4684 300 4740 realem
336 4687 498 4736 naturarum
530 4681 805 4738 communicationem
833 4692 953 4756 negant,
989 4689 1037 4742 scd
1065 4706 1137 4761 quae
1162 4704 1214 4741 neo
1231 4685 1413 4741 essentialiter
1430 4684 1507 4740 Deus
1526 4690 1568 4739 est
1587 4701 1639 4740 nec
1656 4687 1763 4742 realem
1782 4706 1845 4743 cum
1863 4688 1900 4742 di·

199 4785 333 4843 perquam
373 4767 552 4829 ἀπαιδεύτως.
607 4768 679 4823 Nam
710 4773 732 4822 1.
769 4768 845 4824 alind
877 4780 919 4826 est
948 4789 1037 4827 essen-
1064 4775 1129 4828 vina
1151 4777 1251 4827 natura
1270 4770 1488 4825 communionem
1512 4769 1610 4838 habet,
1638 4786 1694 4825 non
1720 4780 1818 4843 potest
1844 4774 1900 4829 dari

198 4856 272 4912 tialis
309 4854 426 4908 mutatio
468 4870 502 4907 ac
543 4853 700 4921 conversio,
744 4854 822 4908 aliud
856 4874 922 4912 vero
957 4860 1038 4913 realis
1064 4876 1114 4930 pro
1133 4858 1230 4913 mnndi
1243 4858 1315 4924 vita,
1334 4855 1492 4910 destituitur
1508 4855 1582 4909 enim
1601 4855 1710 4911 infinita
1728 4858 1780 4914 ills
1800 4860 1899 4916 virute

198 4940 419 4996 communicatio.
474 4938 503 4994 Si
539 4938 669 4992 divinitas
700 4938 730 4991 in
763 4938 962 4997 humanitatem
998 4960 1038 4998 ee·
1065 4954 1092 5001 et
1110 4943 1244 5012 efficacia,
1262 4959 1334 5014 quae
1352 4941 1389 4995 ad
1408 4940 1624 4996 sansiactionem
1644 4941 1757 4999 dirim
1777 4947 1900 5017 justitiae

199 5026 354 5082 eennaliter
382 5029 490 5078 mnmta
519 5040 552 5078 ec
579 5040 712 5079 conversa
738 5031 823 5095 esset,
853 5030 897 5082 vel
915 5028 1038 5085 hnmani·
1063 5030 1260 5103 praestandam
1276 5027 1434 5098 requiritur.

200 5120 243 5167 tas
271 5112 375 5167 deitate
403 5110 547 5179 absorpta,
579 5115 646 5164 tunc
676 5110 785 5164 demum
816 5120 890 5168 recte
919 5120 947 5168 et
974 5133 1039 5171 vere

204 5197 354 5252 diceretur:
374 5194 504 5251 divinitas
522 5203 565 5250 est
582 5196 756 5258 humanitas.
780 5203 808 5253 et
824 5197 979 5256 hnmanitas
997 5208 1039 5257 est

202 5281 305 5351 deitas,
332 5283 380 5337 sed
402 5281 539 5352 quianon
556 5287 717 5336 namtarum
735 5283 955 5353 conversmnem,
982 5303 1038 5340 non
1329 5315 1332 5319 ·
1380 5305 1588 5315 -’-···

201 5366 336 5422 essentiae
354 5365 543 5434 mutationem,
563 5384 619 5421 non
639 5367 799 5422 alterutrius
819 5376 934 5426 naturae
952 5370 1037 5426 aboli-

86 5476 125 5518 111.
141 5471 187 5515 stt.
200 5453 318 5522 tionem,
344 5453 393 5506 sed
410 5453 512 5509 realem
530 5462 690 5509 naturarum
709 5455 982 5512 communicationem
1004 5473 1037 5511 ex
