3984 6022
171 303 230 360 XII
497 302 503 313 '
773 304 960 364 EPISTOLA
977 304 1250 362 DEDICATORIA.

171 461 386 533 honorandus,
410 463 464 542 qui
484 462 612 525 bonetto
633 461 669 523 dc
691 462 841 526 chartulis
862 463 943 525 bisce
964 463 1039 526 meis
1061 466 1095 526 in
1117 463 1214 527 literis
1236 464 1301 525 suis
1323 462 1448 542 prolato
1466 462 1588 543 judicio
1607 460 1766 542 subiunpit
1781 463 1855 524 baec

170 571 281 635 acrba:
324 567 482 654 Quicquid
508 569 550 634 sit
574 568 614 634 de
641 569 775 636 aliorum
801 569 836 635 in
861 570 1021 638 catechesi
1042 571 1232 639 Rueoviensi
1255 569 1469 638 examinanda
1490 569 1649 654 instituto,
1678 567 1780 635 labori
1802 575 1855 634 tuo

130 665 133 671 ’
170 679 371 747 sanctissimo
393 701 434 747 ex
458 701 495 747 eo
517 679 596 745 nihil
617 679 766 767 dcccdct3
798 701 897 767 pergo
924 683 1032 768 itaque
1059 689 1091 749 et
1120 682 1204 748 hunc
1230 687 1400 748 tractatum
1421 701 1517 764 quum
1539 681 1675 765 primum
1697 679 1730 745 in
1752 678 1854 745 lucem

170 791 330 875 publicam
359 790 482 875 emitte,
514 791 655 858 facturus
683 813 750 858 rem
774 794 844 860 Deo
864 803 989 878 gratum
1010 802 1042 860 et
1064 794 1220 861 ecclcsiae
1243 791 1361 858 Christi
1384 792 1511 875 utilem,
1541 791 1599 857 tibi
1618 811 1693 857 vero
1715 790 1777 875 ipsi
1803 789 1856 856 ho-

122 972 125 978 ,
170 901 347 984 aurificum,
370 902 488 986 iisque,
510 902 564 986 qui
585 909 617 967 tc
639 903 691 969 vel
712 902 845 969 audiunt
867 904 918 970 vel
938 906 1065 991 legunt,
1088 905 1271 972 salutarem.
1316 904 1401 967 Haec
1421 905 1488 976 illc,
1516 922 1594 984 quac
1615 907 1649 967 in
1670 905 1739 984 ipso
1765 904 1858 983 nujus

171 1016 280 1095 scripti
300 1014 498 1094 frontispicio
520 1016 618 1096 cippei
639 1016 742 1079 instar
765 1018 907 1081 omnibus
930 1017 1187 1081 obtrectatoribus
1209 1033 1384 1096 proponere
1406 1014 1502 1078 volui.

253 1122 338 1187 Tuae
356 1142 445 1199 cero,
470 1121 671 1189 serenissime
692 1125 824 1204 Elector,
851 1125 1033 1192 celsitudini
1055 1130 1137 1192 bunc
1155 1126 1294 1207 primum
1316 1125 1556 1206 tlteolopicorum
1578 1125 1718 1188 locorum
1740 1134 1857 1187 tomum

170 1234 388 1316 subjectissime
409 1235 577 1299 inscribere
598 1236 689 1299 debui
711 1237 747 1299 ob
771 1255 882 1301 causas
905 1256 1035 1301 numero
1056 1238 1231 1318 plurimus,
1253 1236 1390 1318 pondere
1409 1237 1622 1317 pronissimus.
1666 1232 1766 1298 Natus
1788 1252 1858 1296 sum

170 1355 241 1410 ante
274 1362 374 1408 annos
397 1344 438 1409 ut
467 1344 693 1427 Oucdlinburqi
716 1345 900 1419 Senonum,
936 1349 1018 1428 quod
1048 1349 1197 1428 oppidum
1227 1344 1375 1412 Sereniss.
1400 1345 1500 1410 Celsit.
1526 1344 1555 1409 V.
1576 1345 1707 1426 imperio
1728 1354 1755 1408 et
1780 1363 1859 1425 pro-

172 1456 299 1520 tectione
325 1455 453 1536 qaudet:
487 1457 651 1520 institutus
681 1475 749 1520 sum
775 1476 834 1538 per
865 1459 1034 1522 triennium
1063 1459 1096 1520 in
1118 1457 1236 1522 illustri
1255 1455 1403 1522 Sereniss.
1429 1455 1503 1522 Cels.
1533 1455 1564 1519 V.
1585 1456 1745 1520 academia
1771 1453 1859 1518 Wite-

171 1565 317 1646 desponsi,
348 1584 442 1646 quam
464 1576 498 1630 ut
520 1566 697 1631 studiorum
719 1578 850 1633 matrem
871 1570 983 1632 merito
1005 1587 1154 1641 ueneror,
1184 1568 1335 1649 siquidem
1357 1586 1393 1631 ea
1411 1569 1517 1647 primo
1540 1567 1677 1631 coelestis
1698 1566 1858 1629 doctrinae

171 1675 247 1738 lacte
275 1694 322 1738 me
349 1676 500 1739 imbutum
528 1677 568 1739 ad
595 1677 676 1741 alias
703 1687 810 1758 postca
838 1679 1204 1759 academiasablepaait:
1235 1676 1357 1742 illustri
1382 1679 1511 1758 insuper
1531 1676 1650 1740 Domui
1670 1674 1857 1747 Saconicac,

170 1786 352 1866 cumprimis
373 1803 446 1849 vero
472 1786 586 1850 lllustr.
609 1798 636 1851 ct
659 1785 832 1851 Celsissimo
858 1787 998 1869 principi
1021 1806 1057 1851 ac
1080 1787 1232 1863 Domino,
1260 1786 1323 1850 Du.
1343 1787 1482 1851 Jobauni
1507 1786 1661 1852 Casimiro
1685 1783 1856 1859 Sauoniae,

169 1895 284 1969 Iuliae,
310 1894 424 1961 Cliniae
446 1915 483 1960 as
503 1895 661 1963 Montium
682 1897 774 1970 Daci,
809 1898 1008 1979 Londpraaio
1035 1896 1234 1978 Tburinpiac,
1257 1897 1435 1962 Marcbiom'
1456 1897 1602 1970 Misniae,
1626 1906 1677 1961 etc.
1714 1896 1858 1975 Principi

171 2025 208 2071 ao
232 2016 387 2087 eacrpetac
415 2024 482 2070 meo
507 2005 746 2071 Cicnrentissimo
776 2027 832 2089 per
860 2009 1102 2089 quadriennium
1129 2009 1163 2072 in
1187 2007 1318 2071 ecclesiis
1341 2020 1368 2072 et
1396 2008 1508 2072 sobolis
1531 2009 1660 2071 seruitia
1680 2025 1749 2070 mea
1771 2007 1858 2087 [uere

170 2119 315 2181 botlenus
337 2114 555 2197 subjectissime
572 2127 701 2197 paratu,
725 2128 754 2182 et
775 2129 811 2183 ut
833 2136 924 2200 spero
946 2137 982 2182 ac
1002 2137 1122 2200 precor,
1145 2137 1209 2182 non
1228 2119 1355 2181 omnino
1371 2118 1578 2201 intruqtfcra:
1599 2117 1755 2197 prodeunt
1771 2117 1858 2179 deni-

171 2244 228 2310 que
256 2229 314 2291 bae
343 2226 460 2306 opellae
487 2226 644 2292 electorali
671 2225 818 2292 Sereniss.
845 2228 939 2294 Vestr.
970 2228 1070 2294 Celsit.
1097 2230 1262 2310 pricileqio
1289 2229 1438 2292 munitae.
1493 2226 1578 2292 Tuae
1608 2246 1679 2309 erqo
1707 2224 1856 2319 Sereniss.

173 2335 371 2411 celsitudini,
404 2346 555 2418 tanquam
582 2336 743 2400 lllustriss.
774 2336 952 2403 Sauonicae
980 2338 1101 2403 Domus
1131 2338 1232 2420 Capiti
1262 2341 1319 2402 bae
1345 2339 1504 2404 ctartuiae
1524 2341 1635 2403 meritc
1657 2338 1856 2408 debebantur,

170 2465 306 2530 quarmn
326 2455 439 2511 auctor
459 2447 566 2510 omnio
588 2449 715 2510 omnino
740 2449 837 2512 eidem
860 2468 891 2512 se
911 2450 1018 2513 debere
1040 2450 1144 2514 tabens
1167 2451 1337 2533 profitetur.
1384 2447 1468 2526 Quid
1497 2451 1580 2531 quod
1600 2450 1778 2513 institutum
1799 2449 1856 2510 bac

169 2575 271 2621 meum
302 2555 465 2621 uidebatur
490 2556 592 2637 [acere
611 2557 652 2620 od
669 2557 791 2637 publice
813 2560 987 2623 testandum
1009 2577 1192 2623 consensum
1214 2560 1319 2632 illum,
1349 2577 1438 2641 quem
1464 2570 1530 2623 tum
1551 2561 1585 2622 in
1607 2559 1678 2622 aliis
1702 2558 1854 2629 omnibus,

171 2668 347 2733 tumetium
370 2667 404 2729 in
425 2684 546 2729 summa
568 2667 727 2748 reliqionis
752 2669 850 2749 capite
871 2688 926 2751 per
947 2669 1136 2750 sinqularcm
1155 2668 1213 2733 Dei
1237 2671 1373 2751 pretium
1395 2671 1539 2734 omnibus
1560 2668 1754 2732 simultatum
1768 2667 1855 2750 fibris

169 2778 321 2842 radicitus
344 2775 456 2840 evulsis
478 2775 640 2842 lllustriss.
664 2774 843 2842 Sauonicae
866 2778 985 2843 Domus
1008 2781 1097 2843 bodie
1119 2791 1233 2851 tuetur,
1258 2799 1294 2844 oc
1315 2791 1350 2844 ut
1370 2798 1469 2861 porro
1494 2788 1628 2856 tucatur,
1651 2779 1740 2842 scriis
1760 2781 1854 2856 pemi-

170 2889 250 2953 tibus
272 2903 376 2950 omncs
398 2885 472 2948 boni
493 2905 529 2950 ac
551 2888 673 2951 cordati
690 2897 870 2968 precantur.
915 2887 1043 2970 suscipe
1065 2908 1135 2971 erqo
1159 2888 1361 2954 Sereaissime
1386 2889 1515 2964 Elector,
1538 2888 1597 2953 tta.
1619 2888 1855 2954 clementissime

169 3001 364 3063 cbartaccum
386 2998 456 3069 boc,
479 2997 562 3078 quod
583 2997 666 3078 lero,
690 3000 920 3072 munusmclum,
946 3018 984 3063 ac
1003 3009 1119 3081 patere,
1147 3010 1182 3064 ut
1203 3020 1243 3064 ea
1265 3001 1427 3080 splendore
1448 3001 1596 3071 nominis,
1621 3000 1854 3081 quodpropter

167 3119 338 3190 spectatum
359 3108 393 3170 in
414 3105 536 3171 coelesti
555 3109 685 3171 acritate
705 3109 821 3181 zelum,
849 3111 1027 3191 sinpularia
1048 3112 1227 3194 mapnipcac
1249 3111 1477 3193 munificentiae
1498 3113 1532 3174 in
1553 3111 1693 3175 ccclesias
1715 3119 1743 3173 et
1765 3110 1853 3173 sebo-

168 3219 215 3283 las
235 3218 429 3289 documenta,
449 3218 618 3297 procidam
638 3218 724 3297 pacis
744 3217 884 3300 publicae
905 3223 1179 3298 conservationem
1202 3223 1355 3285 sinceram
1371 3221 1516 3302 justitiae
1537 3222 1853 3290 administrationem,

82 3333 85 3340 '
168 3328 286 3392 aliosve
314 3328 455 3392 beroicas
482 3329 613 3392 virtutes
641 3329 768 3392 electore
797 3328 907 3410 dipntts
937 3327 1087 3395 sereniss.
1118 3331 1146 3393 V.
1173 3330 1270 3396 Celsit.
1301 3331 1386 3412 apud
1415 3348 1519 3394 omncs
1542 3332 1612 3412 jam
1637 3331 1757 3410 pridem
1779 3348 1852 3393 con-

155 3447 273 3503 ,sccuta
293 3447 347 3511 est,
370 3438 464 3500 ctiam
484 3438 555 3500 buic
578 3439 727 3519 opusculo
752 3439 810 3502 lua
830 3439 939 3521 aliqua
961 3442 1156 3518 concilietur,
1190 3452 1217 3505 et
1244 3443 1351 3523 plures
1382 3441 1423 3505 ad
1450 3440 1528 3504 illud
1550 3439 1749 3505 evolvendum
1771 3441 1838 3503 inci

132 3600 134 3604 »
169 3559 282 3614 tentur.
315 3545 398 3612 Deus
420 3558 535 3624 noster,
558 3549 613 3628 qui
632 3549 720 3612 ualde
742 3549 902 3614 exaltatur
923 3553 1007 3632 apud
1029 3552 1149 3633 clypeos
1174 3565 1275 3618 terrae
1296 3552 1345 3617 Ps.
1365 3551 1416 3635 47,
1439 3573 1466 3616 o.
1485 3552 1524 3616 10
1545 3552 1690 3620 concedat
1707 3549 1855 3615 Sereniss.

173 3657 204 3722 t.
236 3657 335 3724 Celsit.
363 3658 460 3721 citam
485 3656 665 3738 prolixam,
699 3661 866 3740 imperium
892 3678 1049 3733 securum,
1084 3663 1209 3726 domum
1236 3673 1351 3739 tutam,
1386 3664 1539 3726 coercitus
1571 3663 1682 3744 (ortes,
1713 3670 1855 3724 senatum

167 3769 299 3852 fidelem,
335 3768 487 3849 populum
510 3768 660 3848 probum,
695 3769 799 3833 orbem
828 3771 980 3852 quietum,
1008 3782 1034 3835 et
1062 3791 1258 3854 quaecunque
1283 3774 1419 3837 bominis
1446 3782 1474 3836 et
1497 3773 1651 3853 principis
1680 3782 1753 3835 octo
1780 3782 1853 3834 sunt

170 3877 296 3960 (quibus
326 3877 427 3942 verbis
460 3879 494 3941 in
522 3879 684 3958 primitiva
712 3879 837 3943 ecclesia
859 3899 921 3961 pro
949 3883 1175 3962 imperatorum
1202 3884 1301 3948 salute
1326 3882 1392 3947 Deo
1422 3883 1599 3964 supplicare
1616 3891 1853 3952 consueverunt,

168 3998 241 4053 teste
266 3987 392 4054 Tertull.
411 3989 446 4052 in
467 3988 595 4069 Apolcp.
617 4008 641 4054 c.
662 3987 740 4069 sd).
782 3988 947 4072 Perscript.
967 3991 1138 4075 lleidburpi
1161 3992 1223 4058 Col.
1242 3993 1342 4074 April.
1364 4011 1438 4057 ann.
1461 3990 1593 4058 MDGX.

393 4275 548 4343 Sereniss.
572 4276 608 4344 V.
631 4277 740 4344 Celsit.

873 4567 1100 4635 subjectissimus

1195 4933 1423 5004 IOANNES
1450 4933 1773 5003 GERHARDUS
1807 4935 1854 5001 D.
