3984 6022
138 350 142 355 ,
218 285 278 342 ror
312 338 317 344 .
377 266 380 271 ’
909 272 1212 332 mensuramus

219 432 268 483 bue
293 433 398 486 danda.
433 429 518 501 Resp.
540 436 562 485 1.
582 431 660 496 Quae
680 429 725 484 vel
746 430 830 485 semel
852 429 880 483 in
897 429 1046 501 scripturis
1073 427 1223 483 absurdum
1246 429 1276 483 in
1294 429 1431 500 judicium
1452 430 1565 485 rationis
1587 430 1731 485 incurrens
1756 428 1871 484 dieosffit
1885 446 1907 484 a

217 517 363 584 docentur,
390 516 513 586 aequalis
537 523 603 572 sunt
623 516 747 571 veritatis
770 533 804 571 ac
827 515 964 572 firmitatis
982 533 1045 571 eum
1072 514 1146 569 clara
1165 515 1323 586 Scripturas
1341 516 1429 584 litera,
1448 533 1518 589 quae
1536 516 1638 572 Filium
1656 520 1740 571 vocat
1756 518 1902 589 μονογενῆ.

215 601 282 671 illis,
312 619 381 673 quae
401 601 511 671 saepius
533 601 562 656 in
584 602 639 656 illis
657 609 833 673 repetuntur,
862 619 955 658 eorum
973 601 1045 657 enim
1071 605 1094 655 3.
1111 599 1153 654 Er
1171 618 1219 670 ec,
1242 603 1317 673 quod
1335 602 1363 656 in
1382 603 1468 658 saeris
1485 604 1572 660 literis
1590 604 1658 657 reri
1677 602 1763 676 ῥητὸν
1779 608 1811 657 et
1827 601 1902 656 miso-

215 688 315 742 vsritae
339 704 372 741 ac
394 687 478 742 robur
495 705 549 742 non
564 689 667 758 pendet
684 706 703 742 a
720 689 856 745 crebriore
872 688 1045 759 repetitione,
1071 690 1140 748 latei
1164 704 1220 743 non
1247 687 1379 744 asseritur
1401 689 1537 746 essentiae
1554 689 1665 745 divinae
1687 689 1781 744 unitae
1801 695 1831 744 et
1846 704 1903 759 pcr-

214 773 263 826 sed
282 790 300 828 a
319 772 411 827 divina
430 774 604 828 revelatione.
623 774 687 829 Vid.
707 774 759 831 loc.
779 775 814 829 de
831 773 924 829 Justif.
945 771 971 848 ξ.
986 779 1045 841 tlt,
1070 789 1198 827 sonarum
1219 773 1340 838 trinitus,
1364 775 1524 831 Photiniani
1541 775 1641 832 inferre
1668 783 1827 847 nequeunt,
1852 775 1902 830 boc

211 858 259 914 ubi
277 859 314 912 ad
332 858 420 914 simile
440 859 580 931 quoddam
596 859 758 915 Bellermini
776 859 915 930 sophisma
933 876 1044 930 respon·
1071 860 1172 930 dogma
1194 877 1249 915 non
1274 877 1334 916 esse
1356 879 1406 932 pro
1423 862 1489 918 fidei
1506 862 1622 917 articulo
1639 861 1814 932 babendum,
1841 861 1902 933 quia

210 944 311 1014 simus,
330 946 376 999 eui
392 946 493 1000 mirum
510 946 627 1011 adsto,
645 948 730 1001 semer
747 954 854 1000 asum
871 947 902 999 se
920 945 1044 1015 ampsu-
1070 946 1209 1000 caesam
1228 964 1286 1002 aas
1296 949 1411 1015 sacrem
1430 951 1529 1018 nam,
1559 936 1698 1002 ceream
1722 950 1764 1002 aa
1789 950 1901 1002 amase

208 1031 251 1084 ria
270 1033 330 1084 dici
346 1033 415 1085 rard
434 1031 533 1106 ῥητόν,
552 1035 630 1102 qaod
642 1032 770 1086 Christus
784 1050 841 1102 pro
856 1033 934 1086 nobee
950 1034 1045 1094 factare
1069 1033 1145 1086 disse
1162 1034 1192 1086 sit
1209 1035 1324 1099 coelum,
1343 1036 1484 1090 Christum
1503 1051 1727 1115 acepsimam
1743 1035 1900 1103 maan,

211 1118 248 1170 sit
264 1126 418 1186 peceatum,
437 1134 500 1172 cum
517 1123 610 1173 tamen
628 1117 845 1173 fundamentalis
861 1117 927 1172 fidei
944 1117 1044 1171 articu-
1070 1119 1137 1172 dari
1154 1120 1270 1173 liberum
1289 1121 1444 1190 arbitrium,
1463 1139 1519 1175 eoa
1537 1129 1758 1190 mpetratum
1777 1122 1902 1189 eripede,

212 1202 256 1257 lue
283 1203 428 1274 imputatio
455 1204 581 1274 justitiae
606 1204 708 1259 Christi
738 1221 756 1259 a
789 1204 869 1259 nobie
897 1210 1041 1259 statuatur.
1068 1211 1121 1260 etc.
1153 1212 1217 1261 eunt
1240 1206 1307 1277 ipsis
1331 1206 1398 1261 fidei
1421 1207 1543 1276 articuli,
1569 1224 1638 1278 quos
1662 1214 1757 1264 tamen
1789 1207 1902 1263 totidem

213 1296 237 1345 2.
268 1289 296 1345 si
324 1290 368 1344 vel
398 1289 486 1346 milies
520 1291 549 1344 in
577 1291 662 1345 sacris
688 1290 775 1346 literis
804 1297 877 1346 esest
904 1289 1044 1360 scriptum,
1070 1290 1162 1346 verbis
1186 1291 1215 1346 in
1233 1292 1376 1363 Scriptura
1395 1298 1504 1348 exstare
1526 1293 1650 1348 nondum
1672 1292 1902 1364 demonstrarunt,

212 1375 304 1430 Deum
316 1392 377 1431 esse
390 1394 475 1431 unum
492 1377 521 1431 in
541 1377 668 1439 essentia,
685 1377 787 1432 trinum
804 1377 833 1431 in
850 1376 980 1448 personis,
998 1375 1045 1429 ad·
1071 1393 1122 1432 nec
1141 1376 1328 1434 dmnonstrare
1344 1384 1474 1449 possunt,
1496 1395 1552 1449 qua
1569 1377 1604 1434 de
1620 1395 1650 1433 re
1669 1378 1699 1433 in
1716 1379 1850 1450 praelect
1868 1379 1901 1434 de

212 1461 326 1517 versarii
350 1468 442 1518 tamen
467 1479 501 1517 er
523 1463 607 1532 priori
634 1468 788 1518 everterent
806 1461 956 1535 posterius,
982 1478 1044 1516 cum
1069 1461 1149 1517 Phot.
1167 1464 1275 1534 plenius
1300 1465 1414 1536 egimus
1442 1462 1569 1521 Ostorod.
1588 1465 1648 1536 ipse
1666 1465 1694 1521 d
1712 1465 1743 1521 l:
1774 1465 1901 1528 Quamvis

212 1548 285 1603 enim
304 1549 375 1605 ratio
392 1567 448 1604 non
465 1550 552 1619 poenit
569 1549 638 1604 haec
655 1549 710 1603 duo
728 1548 889 1617 conciliare,
908 1548 971 1603 ideo
989 1552 1044 1601 sta·
1070 1552 1279 1620 conaequeretice
1297 1553 1478 1623 nonpossint
1493 1553 1658 1622 simpliciter
1674 1553 1838 1622 repudiari,
1855 1569 1903 1607 aec

32 1618 41 1642 ⁸
138 1638 147 1655 ⁶
212 1640 294 1690 munt
317 1653 335 1691 a
356 1635 458 1691 literali
477 1635 624 1690 verborum
643 1652 727 1691 sensu
743 1635 772 1689 in
791 1633 956 1706 quibusdam
973 1632 1045 1689 Scri·
1071 1653 1105 1689 eu
1122 1637 1152 1689 ire
1175 1644 1259 1705 parte
1287 1639 1372 1700 pissia
1401 1640 1619 1708 superstitiosum
1650 1656 1710 1692 aare
1740 1657 1901 1710 wmqueaa

212 1727 310 1793 pturae
328 1722 408 1776 dictis
427 1721 631 1799 discedendum*
644 1738 712 1789 eeee,
731 1738 802 1792 qnae
819 1719 919 1775 unitati
935 1720 965 1774 in
982 1720 1044 1776 aliis
1071 1730 1212 1791 oporteat,
1238 1725 1321 1792 quasi
1346 1724 1446 1777 iisdem
1467 1724 1558 1778 serbis
1576 1725 1606 1779 ia
1626 1724 1780 1795 &reperere
1798 1733 1901 1780 mere

213 1808 294 1862 dictis
311 1807 451 1864 stabilitae
468 1806 598 1863 videntur
615 1807 763 1862 adversari
798 1806 887 1863 Socim
909 1807 945 1861 de
963 1811 1043 1861 tract
1071 1808 1182 1877 debeat,
1210 1811 1286 1879 quod
1308 1812 1474 1865 eredeodm
1494 1811 1683 1881 proponitur,
1712 1811 1792 1866 illm
1815 1821 1900 1866 taran

213 1893 248 1949 de
265 1893 326 1949 Deo
344 1913 371 1965 p.
389 1901 418 1950 δε
445 1895 494 1950 Vel
513 1912 545 1948 ee
563 1912 595 1949 so
615 1895 683 1962 eolo,
703 1896 779 1964 quod
796 1897 876 1949 Dece
894 1906 966 1947 arm
985 1909 1044 1948 esee
1071 1903 1184 1948 estsere
1205 1899 1418 1965 aeceptmtdem,
1445 1905 1579 1967 qveatem
1597 1900 1814 1967 comaquerste‘ee
1836 1899 1900 1952 allae

212 1990 309 2051 aperte
328 1983 462 2046 traditur,
482 1982 580 2036 merito
597 1982 829 2050 coschsdipotert
847 1998 908 2034 eum
919 1998 975 2034 nore
985 1995 1044 2033 esee
1070 1982 1100 2035 in
1122 1983 1204 2035 serbo
1223 1983 1282 2036 Dei
1299 2001 1352 2036 ersa
1369 1984 1517 2053 principie
1539 2001 1573 2037 ee
1590 2001 1671 2038 eumn
1682 1986 1900 2052 fundamenta·

210 2069 322 2122 trinum.
360 2068 497 2138 Opposita
516 2069 588 2122 enim
607 2069 678 2122 iuter
701 2086 730 2123 ee
753 2076 816 2121 eunt
835 2084 893 2121 aare
916 2085 1000 2120 enum
1018 2073 1044 2119 et
1070 2067 1221 2135 edoceant,
1250 2068 1326 2122 alica
1343 2070 1430 2123 iibere
1449 2078 1480 2123 ut
1497 2079 1650 2125 commeta
1673 2071 1819 2126 bominum
1837 2089 1899 2142 poe

212 2155 323 2207 trinum.
357 2156 433 2207 Nam
456 2155 598 2208 distinctio
620 2154 676 2208 illa
699 2171 770 2207 eoae
795 2153 928 2219 arentia,
954 2152 1044 2205 trinua
1069 2161 1133 2206 meat
1149 2155 1306 2224 repudiari.
1330 2155 1482 2212 Subsumo:
1501 2157 1604 2228 dogma
1621 2157 1757 2213 minitatis
1774 2159 1805 2213 in
1820 2157 1899 2213 verbo

207 2241 349 2311 persona,
367 2258 417 2295 ree
433 2258 552 2311 usquam
570 2249 658 2295 certet
676 2241 706 2293 irs
724 2239 923 2295 socialitatis
941 2246 1045 2291 etcum
1071 2237 1124 2293 Dei
1148 2256 1199 2294 sua
1222 2239 1307 2296 habet
1328 2241 1477 2313 principia,
1504 2247 1536 2298 nt
1556 2250 1755 2316 argumentum
1782 2251 1899 2301 nestmrr

211 2327 366 2381 corebama
398 2328 509 2382 reticos
542 2345 576 2382 ae
604 2328 720 2382 estare
750 2326 898 2391 manifeste
923 2332 1042 2393 pugnat.
1070 2326 1199 2397 generale
1210 2326 1339 2382 ostendit
1363 2327 1439 2400 Ergo
1456 2328 1676 2400 consequentiae,
1694 2346 1772 2400 qnae
1787 2348 1839 2403 pro
1852 2331 1900 2385 boe

212 2410 402 2468 Certissimem
420 2415 492 2468 seim
511 2423 552 2468 est
569 2432 625 2468 nors
635 2413 788 2484 pauciores
806 2430 864 2466 esse
882 2411 1044 2465 individuas
1070 2411 1199 2482 dogmate
1221 2412 1387 2468 stabiliendo
1409 2413 1574 2482 formentur,
1602 2431 1659 2469 non
1680 2422 1805 2487 possunt
1824 2433 1899 2488 repn-

212 2502 356 2572 araeretiee,
384 2518 467 2570 quem
480 2518 632 2571 personae,
655 2519 717 2555 essm
732 2517 857 2571 persone
873 2497 946 2552 cibel
963 2497 1045 2551 aliud
1070 2497 1148 2552 diari.
1190 2504 1215 2554 4.
1241 2498 1287 2552 Ad
1314 2499 1475 2570 mysterium
1499 2500 1629 2556 trinitatis
1656 2501 1898 2559 demonstremur

211 2587 249 2640 eit
276 2604 359 2656 quem
385 2588 536 2642 individae
560 2588 680 2642 essentie
706 2585 871 2654 intellipem.
908 2583 955 2639 Sic
977 2600 1044 2654 ergo
1069 2583 1208 2653 pertinent
1235 2584 1328 2664 omnia
1355 2585 1512 2656 Scripturas
1537 2586 1624 2651 dicta,
1655 2587 1685 2642 in
1712 2589 1817 2658 quibas
1842 2595 1897 2644 tun

213 2671 329 2728 Socinus
344 2690 378 2728 ex
394 2690 441 2742 eo,
459 2673 534 2745 qnod
552 2673 623 2728 ratio
641 2673 747 2740 doceat,
767 2679 806 2725 tot
824 2687 885 2725 ease
902 2671 1043 2733 errectos,
1070 2669 1160 2737 Patri,
1185 2675 1244 2724 tum
1266 2669 1351 2735 Filio,
1378 2677 1438 2726 tum
1455 2671 1571 2743 Spiritui
1595 2678 1691 2728 sancto
1715 2673 1773 2731 Dei
1795 2691 1897 2744 nomn,

213 2766 279 2826 quet
298 2775 452 2827 personas,
481 2759 578 2828 infert,
607 2759 682 2813 dista
700 2758 872 2829 scripturae,
901 2773 972 2828 quae
993 2774 1044 2827 pro
1069 2755 1212 2825 attributa,
1230 2773 1321 2827 opera,
1340 2757 1430 2812 cultus
1448 2764 1477 2813 et
1493 2758 1582 2829 glorie
1599 2757 1694 2814 divim
1710 2760 1853 2830 tribuitur,
1872 2760 1897 2815 in

212 2843 336 2899 trinitate
347 2845 516 2901 adstruenda
533 2845 694 2908 afferuntu,
713 2844 794 2900 aliter
801 2843 964 2914 explicanda
975 2860 1042 2911 esse,
1069 2841 1170 2912 quibus
1187 2842 1324 2915 ὁμοουσία
1342 2843 1439 2898 horum
1456 2844 1539 2899 rium
1556 2843 1744 2916 confirmatur,
1760 2847 1897 2920 inquibus

213 2947 297 3001 quem
315 2931 430 2986 literalis
447 2931 594 2994 verborum
611 2948 709 2986 sensus
725 2929 846 3001 requirit.
868 2929 949 2984 Hunc
965 2946 1043 2984 suam
1069 2926 1204 2983 essentiae
1228 2927 1338 2983 divinae
1358 2929 1450 2984 unitas
1473 2930 1616 2998 asserittu,
1640 2929 1670 2986 in
1689 2932 1794 3001 quibus
1808 2949 1897 3004 peno

211 3023 334 3079 mentem
356 3017 457 3073 clarius
476 3019 588 3089 exponit
612 3018 641 3072 in
661 3016 764 3073 defens.
791 3016 928 3072 animadv.
948 3033 975 3086 p.
994 3023 1043 3071 50:
1069 3013 1140 3068 nalie
1163 3016 1297 3087 cujusque
1313 3033 1447 3087 personae
1466 3017 1619 3088 proprietas
1637 3033 1671 3070 ac
1690 3017 1834 3074 mussas
1850 3019 1896 3090 hy·

212 3105 305 3158 Aliud
328 3104 442 3177 (inquit)
471 3113 511 3159 eat
534 3096 681 3175 quippiam
705 3111 793 3158 mente
816 3121 872 3156 rore
892 3111 1045 3172 caperest
1069 3100 1223 3169 portaticus
1244 3101 1447 3172 manifestatam,
1475 3102 1504 3158 in
1529 3102 1629 3174 quibus
1651 3102 1736 3158 realis
1762 3104 1896 3160 distinctio

211 3207 313 3260 capere
336 3199 425 3245 mente
448 3182 525 3245 iilud
541 3207 783 3260 assumpsere,
803 3206 852 3242 seu
869 3188 982 3258 aliquid
999 3205 1043 3241 ne·
1070 3186 1151 3240 unius
1172 3203 1305 3257 personae
1321 3188 1358 3242 ab
1377 3187 1433 3243 alie
1451 3187 1605 3256 stabilitur,
1629 3205 1750 3258 quorum
1767 3191 1897 3248 dictem

211 3294 293 3344 pare,
319 3278 387 3346 qaia
405 3278 439 3330 iel
455 3278 667 3347 apprchendere
685 3293 804 3345 repressa
821 3284 846 3331 et
865 3275 971 3329 ideireo
989 3273 1042 3327 ali
1070 3272 1191 3327 omnium
1213 3289 1247 3328 ac
1271 3272 1442 3346 singulorum
1459 3274 1560 3346 siquis
1577 3273 1646 3330 inire
1663 3275 1734 3330 velit
1750 3293 1896 3343 nummum,

212 3363 283 3431 quid
306 3379 422 3431 separe,
446 3364 515 3432 quta
538 3364 571 3416 id
593 3380 651 3416 esee
667 3380 723 3416 soc
737 3379 822 3430 posse
842 3360 1044 3430 deprehendes,
1069 3357 1176 3412 videbit
1193 3358 1359 3414 Ostorodum
1376 3360 1478 3414 fream
1495 3359 1658 3428 desiderare,
1678 3361 1756 3431 quod
1772 3362 1803 3418 in
1819 3361 1896 3435 piuri-

214 3450 291 3517 quod
307 3450 451 3518 posteriue
475 3457 582 3503 tantam
599 3450 673 3502 viam
692 3448 793 3502 bahem
811 3448 928 3511 eremit,
953 3455 984 3499 ut
1001 3447 1044 3499 ds·-
1071 3442 1123 3497 bue
1150 3443 1308 3516 Scripturas
1336 3445 1402 3501 locis
1424 3445 1555 3500 trinitatis
1582 3447 1686 3517 dogma
1713 3447 1817 3505 debeat
1841 3464 1896 3505 Ut

213 3535 280 3588 vine
297 3537 361 3604 ipsa
384 3536 540 3589 testimonie
562 3536 736 3605 qreantemoia
749 3535 847 3603 prima
864 3534 943 3599 facie
960 3534 1045 3587 als‘ter
1069 3528 1210 3599 scriptum.

213 3622 395 3690 interpretari
416 3630 442 3674 et
461 3622 608 3690 permittet
631 3630 656 3673 et
678 3629 759 3688 repat
778 3637 862 3689 qream
879 3621 944 3688 s'pse
960 3620 1044 3672 verta
1106 3622 1146 3672 74.
1173 3616 1266 3686 Atque
1294 3615 1362 3670 baec
1387 3615 1462 3670 dicta
1485 3617 1541 3670 sint
1562 3616 1597 3671 de
1621 3624 1789 3686 argumento
1809 3625 1897 3673 nesto

212 3715 321 3760 sonent.
363 3707 437 3772 Quid
464 3708 499 3762 de
525 3707 624 3778 putida
649 3706 698 3761 illa
720 3705 897 3760 distinctione
922 3710 1044 3760 statuen-
1069 3702 1206 3770 gererali,
1221 3701 1359 3771 spectabit
1375 3701 1469 3757 afferri
1484 3709 1600 3772 possunt
1617 3703 1769 3774 complura,
1786 3720 1896 3776 quornm

213 3792 278 3846 dum
300 3792 336 3847 eit
353 3793 479 3863 superius
497 3784 736 3862 fuit'expoaitum,
761 3792 890 3846 hocloco
908 3791 977 3846 illud
995 3808 1042 3846 no
1070 3790 1206 3860 quaedam
1235 3805 1268 3843 ex
1287 3786 1331 3856 V.,
1350 3789 1494 3858 ⁸quaedam
1525 3806 1560 3843 ex
1585 3789 1618 3846 N.
1646 3787 1680 3843 T.
1707 3796 1776 3844 eunt
1806 3791 1897 3862 petita

211 3884 311 3942 tamus,
330 3878 403 3949 quod
421 3878 483 3933 fons
502 3884 530 3933 at
547 3879 686 3950 scaturigo
704 3878 789 3933 totius
806 3877 872 3934 fidei
889 3877 932 3933 vel
950 3877 1042 3949 potius
1071 3872 1202 3937 Quamvis
1220 3891 1285 3929 vero
1300 3874 1406 3930 ratione
1423 3875 1553 3945 temporie
1571 3874 1634 3930 libri
1652 3875 1689 3932 V.
1705 3875 1740 3948 T.
1756 3875 1814 3931 sint
1832 3877 1897 3948 prio

211 3963 339 4024 ἀπιστίας
365 3963 547 4018 Photinianse
570 3964 599 4018 in
622 3980 656 4020 ea
681 3963 760 4019 nobis
784 3964 931 4034 aperiatur.
972 3962 1044 4028 Quia
1070 3977 1113 4015 res
1137 3960 1171 4015 N.
1191 3959 1224 4013 T.
1251 3959 1343 4028 libris,
1367 3966 1459 4017 tamen
1484 3962 1513 4015 in
1537 3962 1711 4018 mensendis
1734 3963 1897 4033 specialibus

214 4051 287 4105 enim
304 4051 390 4106 semel
407 4049 461 4105 eibi
479 4057 682 4120 peremerunt,
702 4049 815 4116 rationis
829 4048 966 4121 judicium
985 4066 1044 4104 esse
1070 4052 1180 4102 nostrae
1198 4046 1351 4102 sententiae
1368 4048 1537 4119 argumentis
1554 4064 1588 4104 eo
1604 4048 1700 4104 ordine
1718 4055 1845 4119 utemur,
1869 4056 1896 4102 nt

212 4136 425 4208 exquirendum,
450 4150 586 4209 quaenam
611 4136 640 4191 in
661 4136 798 4207 mysteriis
818 4135 883 4190 fidei
905 4135 962 4190 sint
979 4153 1044 4192 eon·
1070 4133 1158 4204 primo
1175 4133 1236 4187 loco
1255 4142 1373 4203 quatuor
1387 4136 1565 4204 principalia
1584 4143 1752 4203 argumente
1768 4153 1803 4191 er
1821 4134 1894 4192 NT.

214 4223 376 4279 tradictoria
394 4222 536 4292 habenda,
562 4223 624 4279 ideo
647 4223 670 4276 si
689 4223 733 4278 vel
752 4222 838 4278 milies
857 4238 1043 4293 ‘personarum
1069 4219 1231 4288 afferamus,
1254 4220 1355 4290 quibus
1379 4221 1501 4275 secundo
1521 4221 1583 4275 loco
1605 4219 1809 4291 subjungemus
1833 4222 1897 4276 dnn

212 4309 321 4364 trinitas
343 4309 373 4364 in
394 4308 494 4363 divinis
519 4309 605 4364 literis
628 4308 764 4369 advolitat
784 4308 975 4377 inculcaretur,
1002 4314 1041 4363 ts-
1068 4305 1186 4367 classes,
1211 4305 1239 4359 in
1260 4323 1329 4376 quaa
1348 4306 1382 4362 V.
1400 4307 1432 4360 Τ.
1452 4307 1528 4361 dicta
1544 4307 1675 4361 trinitatis
1693 4306 1821 4379 dogmati
1835 4325 1896 4364 cou-

214 4413 277 4451 meu
291 4397 357 4469 quia
373 4413 433 4453 eam
450 4413 513 4451 cum
530 4397 666 4451 essentiae
682 4395 793 4450 divinae
803 4395 909 4449 unitate
919 4412 1045 4466 pugnare
1070 4391 1204 4446 firmando
1221 4391 1397 4448 inservientia
1415 4392 1542 4447 distribui
1556 4392 1677 4464 possint,
1701 4408 1738 4448 ac
1755 4394 1838 4450 tertio
1854 4394 1895 4447 de

212 4483 282 4538 ratio
298 4483 422 4553 judicet,
447 4482 475 4536 in
493 4482 632 4537 diversum
655 4497 766 4537 sensum
784 4488 889 4537 remoto
908 4497 941 4535 er
958 4481 1045 4536 oculis
1071 4496 1145 4532 mum
1169 4478 1229 4532 loco
1251 4478 1358 4549 reliqua
1382 4477 1416 4534 N.
1438 4479 1469 4533 T.
1487 4479 1563 4534 dista
1584 4477 1773 4550 suinciemua
1807 4480 1895 4536 Ratio

211 4584 295 4623 sensu
317 4568 418 4624 literali
429 4568 534 4646 ‘omnia
559 4567 607 4622 illa
625 4567 783 4639 Scripturas
809 4568 872 4622 loca
895 4568 1039 4638 detorque·
1070 4581 1133 4619 nem
1150 4564 1233 4634 hujus
1256 4564 1360 4619 ordinis
1378 4566 1475 4619 damus
1491 4565 1576 4633 hanc,
1601 4566 1676 4637 quod
1695 4572 1729 4620 ut
1745 4566 1793 4637 pie
1807 4576 1896 4624 monet

212 4661 282 4710 rent.
319 4655 364 4712 Sic
383 4661 478 4711 contra
495 4654 700 4726 generationem
719 4653 783 4707 Filii
803 4653 857 4708 Dei
874 4671 906 4709 ex
926 4655 1045 4709 essentia
1070 4651 1105 4706 D.
1124 4650 1298 4706 Cbemnicius
1315 4668 1343 4721 p.
1362 4658 1385 4706 l.
1403 4651 1485 4706 locor.
1504 4659 1554 4708 art
1571 4652 1607 4708 de
1622 4651 1686 4708 Deo
1700 4669 1730 4724 p.
1752 4660 1797 4711 lte
1828 4654 1896 4716 an'e

213 4741 304 4796 Patria
323 4741 439 4798 Socinus
461 4741 587 4812 disputat
604 4757 637 4795 ex
656 4758 702 4809 eo,
726 4741 800 4812 quod
817 4740 881 4794 talis
903 4741 1045 4811 generatio
1070 4739 1144 4792 mira
1169 4738 1237 4791 baec
1255 4745 1318 4790 eunt
1336 4739 1362 4790 et
1378 4738 1459 4805 lenpe
1475 4756 1564 4807 supra
1582 4755 1688 4792 omum
1705 4748 1896 4795 ermom

213 4827 249 4882 sit
265 4828 348 4899 plane
366 4826 543 4898 impossibilis
562 4844 588 4897 p.
610 4833 671 4883 136:
700 4827 852 4881 Generalis
871 4844 904 4880 eso
920 4827 1045 4880 Deira-
1070 4833 1180 4894 captum
1195 4824 1303 4892 posita,
1324 4840 1394 4892 pisce
1412 4825 1446 4876 de
1465 4825 1589 4878 trinitate
1602 4841 1792 4894 personarum
1809 4828 1840 4882 ia
1854 4844 1895 4880 aa·

213 4921 277 4966 tura
302 4923 343 4968 eet
368 4931 400 4968 ee
420 4929 645 4982 eorumgenere,
667 4928 739 4981 quae
751 4913 821 4981 jieri
837 4921 975 4981 nequeunt
989 4914 1046 4967 siai
1070 4918 1217 4965 woeserma
1239 4909 1383 4962 divinitate
1402 4911 1546 4979 dicuntur,
1570 4911 1635 4964 ideo
1656 4916 1823 4980 quaeram
1838 4921 1896 4967 eunt

212 5001 257 5053 oei
275 5001 421 5069 partibilis
452 5000 548 5070 aligero
575 5000 666 5066 mode,
692 5006 723 5052 ret
748 4999 813 5067 epae
832 4999 891 5052 Dei
919 5001 1045 5069 urentia,
1069 4997 1228 5052 testimonia
1247 4996 1360 5049 diuinae
1375 4997 1585 5065 patefactiom'a,
1603 5013 1676 5066 quae
1687 4999 1732 5053 ita
1742 5001 1895 5070 sitifim

214 5089 290 5154 meod
307 5088 430 5158 impium,
449 5087 492 5141 sel
510 5087 537 5140 ei
553 5093 610 5140 tota
629 5085 873 5147 communicabilis,
890 5087 966 5155 quod
978 5087 1047 5155 fleri
1069 5092 1146 5138 certa
1165 5091 1192 5136 et
1204 5083 1370 5151 perspicua,
1390 5091 1421 5135 et
1438 5084 1607 5138 commertia
1626 5084 1688 5138 illie
1706 5085 1739 5139 ἐπ
1755 5086 1808 5141 loc
1824 5093 1896 5141 tants
1922 5112 1928 5123 ·

214 5189 268 5225 aon
282 5181 389 5242 potest,
410 5174 479 5242 quire
495 5174 581 5243 plura
599 5191 654 5226 uno
673 5172 820 5242 mppoaita
838 5180 870 5224 stt
885 5181 986 5225 cocant
1002 5173 1044 5226 ἔτι·
1069 5171 1199 5238 mysterio
1216 5177 1273 5222 tuto
1292 5169 1450 5238 acquiscere
1465 5171 1564 5239 possit,
1581 5187 1630 5224 aee
1647 5179 1706 5225 tem
1723 5175 1895 5228 mercada

215 5259 364 5325 dueanbrr,
390 5277 507 5329 qaorum
529 5259 640 5328 quilibet
664 5259 701 5311 eit
726 5265 831 5311 natura
851 5275 972 5310 semmua
995 5258 1044 5312 ilie
1068 5273 1151 5324 quam
1163 5256 1354 5323 ponderanda
1370 5263 1433 5308 eure
1451 5256 1615 5310 testimonia.
1633 5255 1700 5312 Jam
1712 5274 1781 5314 vero
1792 5265 1895 5316 neunt

213 5344 301 5413 Deos,
319 5346 352 5398 e'd
368 5348 445 5414 meod
455 5344 636 5410 manifestam
647 5345 775 5414 implicet
788 5345 1041 5398 contradictionem.
1068 5343 1199 5411 majorem
1218 5356 1279 5395 esse
1297 5339 1386 5394 lucem
1408 5339 1442 5396 N.
1461 5357 1544 5410 quem
1562 5340 1597 5398 V.
1614 5340 1648 5395 T.
1689 5341 1768 5405 Quid
1782 5354 1840 5410 aa,
1858 5344 1894 5399 irs

214 5428 296 5485 Unde
319 5447 383 5484 vero
409 5431 510 5501 probat
536 5429 650 5485 Soeinue
673 5430 724 5485 boc
743 5430 885 5501 implicare
908 5429 1042 5484 contradi·
1068 5427 1127 5499 quit
1146 5427 1264 5497 August.
1283 5426 1331 5481 lila
1343 5432 1390 5489 ld.
1415 5426 1450 5481 de
1467 5425 1498 5483 C.
1516 5425 1553 5482 D.
1571 5442 1595 5483 o.
1613 5421 1672 5494 26,
1688 5433 1769 5497 quod
1793 5433 1894 5487 dedier

211 5515 350 5572 ctionem?
377 5524 452 5571 certe
475 5533 530 5571 nou
551 5515 606 5569 nisi
627 5533 660 5569 ex
681 5516 793 5571 ratione.
828 5516 904 5585 argo
930 5520 1043 5586 propter
1072 5515 1103 5567 T.
1123 5514 1154 5568 V.
1175 5513 1233 5566 etsi
1249 5513 1399 5567 occultatio
1417 5514 1500 5582 Nori,
1518 5521 1546 5566 st
1562 5513 1634 5583 qaid
1649 5522 1693 5568 eet
1708 5517 1806 5582 aliud,
1824 5518 1895 5588 qued
