3984 6022
221 215 293 275 XVI
975 217 1165 278 lietscinis

216 378 319 472 poris
347 388 383 448 et
409 378 592 473 sanguinis
618 374 791 449 Dami'ai'ci
813 390 1030 452 sacramento
1051 380 1112 474 pie
1139 389 1328 472 occupatus
1354 388 1468 467 esset,
1503 377 1651 449 curabat
1674 401 1748 451 euni
1774 377 1923 472 abipso

222 505 332 575 altari
356 527 426 598 per
459 505 649 575 ministrum
685 507 830 577 avocari
859 508 1062 601 capitaneus
1097 503 1277 601 Philippus
1312 505 1540 596 Mosebucus,
1575 505 1654 597 fiae
1679 506 1836 577 nmirum
1864 530 1921 598 eo,

222 643 261 703 ut
284 635 319 703 iri
346 655 463 703 arcem
489 631 697 723 obductum,
735 633 782 704 ail
811 632 941 705 Ducem
964 631 1139 707 Senoniae
1168 631 1377 731 Georgicon,
1414 637 1583 728 captiuum
1619 636 1728 728 ipsum
1762 635 1923 709 mitteret.

222 756 437 857 Sequebatur
473 783 555 831 cero
593 772 769 855 pastorem
808 760 898 833 bunc
936 785 1033 834 suum
1071 765 1215 858 copiosa
1250 763 1373 832 ci'oiuin
1408 772 1446 831 et
1475 761 1634 855 opificum
1668 764 1922 835 manuariorum

221 889 324 961 turba
350 899 471 959 contra
497 889 564 958 cini
587 890 750 982 injustum
768 889 950 985 praesidio
973 892 1044 986 ipsi
1063 891 1216 982 sutura,
1269 891 1407 960 illarum
1433 891 1545 962 zelum
1574 893 1777 984 capitaneus
1801 891 1922 962 oi'ilens

220 1016 264 1088 ab
290 1017 411 1088 unicis
435 1027 472 1086 et
495 1018 663 1088 ministris
689 1020 763 1089 suis
786 1042 981 1114 persuasus
1007 1019 1152 1091 liberum
1179 1041 1254 1088 eum
1280 1016 1430 1108 dimisit,
1464 1021 1575 1114 graui
1601 1020 1704 1113 prius
1736 1018 1922 1089 interdicto

220 1144 356 1236 abdita,
394 1168 436 1214 ne
471 1145 618 1215 alterius
652 1148 933 1218 concionaretur.
986 1145 1170 1242 Postquam
1202 1170 1286 1216 vcro
1309 1144 1378 1216 liae
1402 1148 1539 1218 ratione
1560 1148 1720 1243 purioris
1743 1145 1922 1218 boemicus

214 1273 453 1371 praeconibus
478 1274 572 1343 intra
597 1274 697 1344 urbis
725 1277 859 1346 ricinia
884 1276 1055 1346 silentium
1083 1298 1105 1345 a
1131 1275 1339 1372 magistratu
1372 1297 1419 1345 esc
1443 1273 1720 1367 sacrificulorum
1747 1285 1785 1344 et
1806 1297 1920 1346 mona·

134 1440 135 1443 π
221 1399 361 1472 eliorum
387 1399 534 1495 bripuliu
560 1412 654 1473 essct
678 1400 888 1497 impositum,
928 1399 1097 1474 incitavit
1121 1401 1216 1475 uini
1246 1402 1470 1494 consessores
1497 1415 1532 1472 et
1561 1425 1759 1496 praecones
1785 1404 1822 1473 in
1843 1413 1920 1496 pto·

220 1527 416 1601 cbaaloclieo
443 1539 546 1599 entra
573 1529 704 1620 urbem,
732 1530 870 1626 quode
896 1529 939 1601 ll.
971 1529 1128 1602 lobanne
1156 1553 1275 1601 nomen
1301 1532 1468 1601 sortitum.
1507 1527 1596 1601 Erat
1620 1532 1654 1601 i'n.
1683 1554 1722 1600 eo
1750 1533 1804 1600 uir
1823 1530 1920 1601 senio

219 1667 255 1727 et
285 1659 419 1751 pietate
450 1656 666 1727 oeiieraiiilus
699 1656 908 1729 Benedictus
940 1657 1154 1750 incohastis,
1192 1659 1253 1753 qui'
1283 1658 1369 1728 licet
1397 1681 1466 1752 per
1497 1659 1629 1754 aliquot
1658 1682 1767 1729 annos
1793 1681 1922 1729 caecus

207 1784 358 1877 suerat,
393 1796 504 1855 tamen
540 1786 662 1856 oculos
689 1788 811 1857 mentis
841 1788 913 1881 ipsi
935 1785 1028 1858 Deus
1063 1795 1270 1880 aperuerat,
1312 1797 1351 1855 ut
1375 1786 1486 1857 lucem
1512 1786 1737 1882 evangelicae
1763 1787 1922 1857 cecitatis

218 1911 354 1984 oi'tirii
377 1935 518 2008 eamque
539 1913 681 2008 publice
700 1912 865 2008 profiteri
881 1937 948 1986 non
968 1925 1152 2007 metueret.
1196 1911 1286 1985 Erat
1309 1912 1478 1984 incudem
1501 1911 1761 2008 ptocboilocbea
1784 1915 1922 2011 collega

219 2042 307 2113 alius
336 2039 550 2112 Hermunnus
575 2040 734 2131 Densus,
777 2044 840 2137 qui
861 2045 957 2113 cocis
983 2040 1172 2113 raucedine
1203 2041 1405 2129 laborabat,
1442 2037 1506 2136 qui
1524 2043 1681 2135 pastoris
1695 2036 1921 2139 fungebatur

217 2193 358 2241 munere
393 2171 428 2239 in
461 2168 743 2240 administrandis
772 2172 1003 2242 sncrmncnti's
1030 2171 1141 2265 justa
1174 2171 1417 2240 institutionem
1447 2167 1673 2241 Domi'ni'cam.
1731 2165 1791 2241 Sic
1832 2191 1919 2266 ergo

218 2319 348 2369 raucus
374 2297 557 2387 cantabat,
592 2319 723 2368 caecus
748 2295 1039 2388 concionabatur,·
1072 2295 1268 2388 llircbofius
1301 2299 1388 2368 enim
1419 2295 1571 2368 Lntlieri'
1596 2299 1729 2392 scripta
1760 2298 1804 2368 ab
1840 2299 1920 2368 aliis

216 2423 289 2496 sibi
307 2425 476 2521 praelegi
500 2426 666 2517 curabat,
710 2436 747 2496 et
768 2449 855 2522 quae
882 2450 928 2497 ea
952 2427 1022 2496 ilb's
1048 2427 1252 2515 memoriae,
1293 2448 1360 2520 quo
1381 2410 1566 2519 praeditus
1592 2436 1671 2495 erat
1683 2425 1916 2516 felicissima,

221 2551 368 2651 infigere
391 2562 553 2647 poterat,
585 2555 717 2648 populo
746 2554 987 2649 proponebat,
1018 2552 1157 2624 Densus
1181 2575 1265 2623 nero
1293 2553 1509 2624 cantionibus
1535 2554 1651 2623 sacris
1680 2554 1849 2650 collegae·
1864 2556 1925 2623 sui

219 2678 405 2753 conciones
439 2680 648 2775 eccipi'ebat.
698 2672 764 2752 Hbc
799 2680 909 2754 denuo
941 2705 1133 2754 concursus
1164 2680 1330 2752 bominum
1362 2704 1408 2751 ec
1437 2674 1696 2777 (limbliiiburgo
1733 2692 1770 2751 et
1794 2682 1920 2752 vicinis

218 2794 362 2880 urbibus
388 2832 430 2879 ac
453 2810 562 2906 pagis
576 2804 724 2903 sactus,
762 2808 851 2880 uncle
878 2807 1044 2881 cathedra
1069 2807 1149 2880 buic
1173 2810 1416 2881 conci‘anatori
1438 2831 1484 2879 en
1509 2807 1657 2879 rudibus
1683 2810 1862 2880 asseribus
1885 2811 1919 2881 in

217 2959 303 3008 areo
328 2937 531 3007 coemeterii
553 2937 811 3028 ecstruebatur,
839 2961 879 3008 ea
907 2937 999 3034 quod
1022 2939 1180 3032 templum
1202 2938 1336 3033 alioqui
1356 2937 1444 3006 satis
1472 2946 1651 3033 angustum
1673 2947 1725 3006 tot
1740 2937 1919 3008 auditores

215 3064 437 3161 undiquaque
463 3087 588 3160 magno
614 3088 755 3136 nurnero
784 3065 996 3160 confluentes
1023 3088 1150 3162 capere
1175 3090 1241 3136 nori
1265 3076 1407 3161 posset,
1435 3075 1470 3134 et
1494 3087 1692 3159 quamquam
1715 3069 1919 3159 capitaneus

216 3191 427 3265 Mosebucus
461 3191 634 3289 equilibus
664 3194 808 3264 armati's
834 3195 932 3264 circe
959 3193 1056 3264 urbis
1083 3191 1216 3266 moenio
1243 3193 1412 3265 oberrans
1439 3215 1644 3264 concursum
1672 3192 1765 3263 illum
1794 3194 1917 3265 ciuium

216 3322 319 3391 minis
352 3343 395 3392 ac
422 3321 460 3390 ui
482 3319 580 3391 illata
600 3320 790 3416 probibere
813 3324 996 3411 niteretur,
1024 3318 1115 3393 nn‘bil
1135 3332 1245 3393 tamen
1273 3323 1454 3418 quicquam
1476 3320 1652 3414 proficere
1675 3321 1806 3414 potuit.
1856 3318 1918 3394 Si‘c

217 3472 303 3547 erga
341 3471 417 3519 cum
454 3446 612 3520 ueritatis
648 3448 846 3520 aduersarii
876 3450 970 3522 intra
1003 3451 1122 3522 urbem
1158 3449 1312 3522 oi'ilentes
1345 3461 1397 3520 et.
1413 3472 1529 3519 vocem
1561 3472 1657 3519 sucin
1684 3450 1779 3520 sicut
1803 3449 1917 3520 tubum

218 3577 414 3648 exaltantes
448 3575 571 3648 audire
598 3577 749 3667 nollent,
788 3580 906 3650 coacti
926 3589 1008 3651 sunt
1029 3581 1254 3673 permittere,
1290 3589 1332 3649 ut
1355 3579 1457 3648 caeci
1481 3586 1518 3646 et
1539 3574 1645 3647 rauci
1667 3585 1771 3647 estro
1796 3577 1916 3650 urbem

216 3703 279 3776 sub
307 3701 365 3776 ilio
389 3702 496 3775 Deam
523 3703 756 3798 celebrarent,
785 3730 827 3777 ac
855 3707 993 3778 corbum
1022 3710 1099 3802 ejus
1126 3706 1358 3802 apontifici‘i‘s
1382 3705 1511 3776 scoriis
1535 3715 1774 3801 repurgatum
1783 3707 1915 3800 populo

211 3843 458 3928 proponerent.
524 3830 651 3928 Elapso
686 3835 848 3930 temporis
883 3837 997 3929 spatia
1032 3838 1154 3906 iterum
1185 3835 1219 3906 in
1247 3836 1325 3930 ipsa
1349 3833 1435 3904 urbe
1462 3831 1511 3903 ab
1533 3832 1636 3903 cerbi’
1658 3831 1769 3903 ili'oi'ni
1784 3856 1916 3929 propa-

212 3958 389 4060 gats‘onem
423 3957 576 4032 eccitati'
605 3973 686 4033 sunt
714 3964 785 4034 ciii
816 3962 1007 4034 eruditione
1039 3975 1074 4033 et
1098 3965 1232 4058 pietate
1268 3963 1450 4056 conspicui
1475 3957 1652 4033 lebannes
1686 3957 1918 4034 Betbmannus

217 4092 252 4162 i’n
287 4091 409 4185 templa
444 4086 695 4184 Neapolitana,
734 4088 945 4163 Laurentius
977 4090 1137 4163 Boneius
1172 4092 1206 4161 iii
1239 4089 1325 4161 aede
1359 4088 1400 4163 tt.
1437 4085 1561 4186 Egi’dii'
1589 4099 1625 4159 et
1655 4086 1765 4161 lonas
1800 4087 1917 4161 Hills-

217 4217 369 4289 brandus
401 4219 436 4290 in
473 4216 558 4289 aede
585 4214 736 4312 Spiritus
762 4243 794 4290 s.
827 4230 974 4313 pastor,
1017 4220 1080 4314 qui
1110 4242 1177 4290 non
1212 4219 1288 4289 sine
1312 4212 1542 4313 fortunarum
1579 4227 1614 4287 ct
1638 4218 1730 4289 oi‘tae
1752 4217 1917 4312 periculo

212 4349 392 4441 puriorem
421 4346 598 4443 euangeb‘i
622 4343 809 4418 doctrinam
828 4348 957 4443 papula
984 4346 1219 4436 inculcarunt,
1250 4370 1291 4418 ac
1317 4347 1458 4441 saepius
1484 4344 1518 4415 in
1545 4346 1743 4439 templorum
1761 4345 1916 4417 turribus

216 4499 255 4546 se
287 4468 504 4546 abscondere
537 4475 656 4545 coacti
674 4468 848 4569 suerunt,
887 4486 926 4546 ut
959 4475 1002 4546 ab
1037 4475 1174 4547 insidiis
1211 4484 1248 4544 et
1275 4473 1438 4544 uiolentia
1463 4469 1610 4544 bostium
1637 4497 1775 4545 suorum
1803 4476 1917 4545 immu-

218 4626 280 4674 nes
315 4626 392 4673 esse
423 4613 580 4697 possent.
634 4598 921 4674 bitinniam
956 4604 1139 4674 memoriae
1167 4600 1443 4697 praelibamen,
1482 4599 1577 4695 quod
1599 4601 1694 4697 apud
1717 4600 1916 4697 Principem

216 4727 392 4803 Senoniae
429 4725 674 4802 GEORGIUM
707 4730 921 4814 ἀποστασίας
956 4730 999 4801 ab
1035 4730 1185 4839 ecclesia
1222 4741 1257 4801 et
1280 4728 1474 4799 baeresi'um
1502 4731 1536 4800 in
1565 4729 1689 4827 vulgus
1713 4753 1916 4824 sparsurum

217 4858 260 4931 ab
288 4858 503 4931 adversariis
529 4859 603 4929 sais
630 4868 816 4928 accusatus
844 4868 945 4952 atquc
969 4857 1034 4930 boc
1060 4860 1194 4931 nomine
1222 4859 1427 4953 oprinci‘pe
1453 4869 1595 4928 uocatus
1622 4859 1733 4929 animo
1760 4859 1916 4951 infracto

217 4998 254 5059 et
277 4985 511 5083 imperterrito
540 4984 588 5057 ad
612 5009 685 5056 eum
714 4975 919 5076 accesserit,
948 4989 1010 5084 qui'
1032 4986 1148 5089 eodem
1176 4997 1328 5080 tempore
1347 4983 1601 5083 (luedli'nburgi
1623 4985 1911 5079 commorabatur.

217 5111 423 5212 Priusquam
447 5139 529 5187 ocra
550 5111 745 5209 principem
771 5112 898 5205 adiret,
923 5114 1058 5207 fratri,
1085 5115 1244 5210 cognatis
1270 5125 1306 5184 ct
1328 5115 1448 5186 amicis
1470 5115 1545 5185 suis
1571 5113 1753 5201 oebdim’t,
1780 5111 1916 5188 ceruus

216 5245 292 5316 scil.
330 5246 425 5339 ipsos
449 5239 588 5339 faciem
622 5266 718 5313 suam
753 5239 789 5314 c'n
824 5239 880 5313 bis
911 5245 1019 5314 terris
1052 5267 1119 5316 nori
1146 5243 1290 5338 amplius
1317 5243 1464 5313 uisuros.
1522 5238 1678 5313 Timebat
1703 5245 1791 5314 enim
1820 5244 1914 5315 uitae
