3984 6022
722 250 774 308 DE
793 246 1007 312 scamium
1027 250 1157 311 SACRA.
1347 263 1350 274 '
1734 256 1790 323 itt

90 405 193 476 procui
210 406 295 476 abest,
314 414 343 460 ut
361 424 413 461 oca
430 405 530 477 aliqua
544 408 667 461 tartara
680 416 729 460 aut
742 407 928 475 ιοίοιιιιηιιι,
952 414 1013 463 tum
1032 409 1076 464 vel
1094 409 1210 464 mamma
1227 427 1261 466 ex
1279 415 1379 465 eventu
1401 407 1431 463 iu
1448 408 1543 466 oeulos
1561 409 1683 464 omnium
1702 409 1792 466 iucur-

93 492 133 545 ιιι
153 492 268 546 omuino
286 492 478 547 idiotismus
465 511 495 547 m
513 492 574 548 illus
596 493 764 563 reponatur.
800 496 927 561 Euaupe·
953 500 1038 550 rente.
1074 502 1098 550 4.
1119 496 1251 562 Quamvis
1271 496 1358 550 multa
1377 496 1460 550 sint
1452 513 1480 549 m
1502 496 1554 552 hoc
1571 496 1642 550 libro
1658 496 1790 552 vaticinia

93 577 159 632 ls'sta
177 579 251 633 euim
263 578 403 634 habau*
379 599 425 634 res
442 578 529 649 λόγον
540 583 587 633 καὶ
603 577 653 647 rip
672 581 777 668 γνῶσιν
793 578 929 633 samonis
954 581 1161 652 obscurissima,
1188 583 1276 637 multa
1303 588 1397 637 tamen
1422 582 1506 636 etiam
1527 582 1623 637 insunt
1644 591 1793 656 praecepta

92 682 125 718 ac
141 666 277 719 scientiae
294 666 469 731 facultatem
506 669 552 720 De
571 667 694 720 altero
678 682 743 720 sero
768 684 825 720 aaa
850 681 928 732 aspa,
954 668 1120 737 clarissima,
1144 676 1176 723 ut
1201 669 1235 723 de
1262 668 1418 723 constantia
1442 668 1472 721 in
1491 668 1740 738 persecutionibus,
1758 669 1793 725 de

92 753 213 820 prodet
231 752 424 806 revelationem
442 752 545 806 uiderit
562 761 588 807 et
607 750 929 821 scientiamacproplse·
955 753 1131 809 exsecrandis
1144 753 1301 822 haereticis,
1321 753 1356 808 de
1371 753 1512 824 patientia,
1525 753 1791 818 deficeretisendu,
1825 745 1830 754 ’

91 838 161 892 mm
179 837 326 908 acceperit,
345 837 452 892 inurea
472 845 563 892 tamea
583 837 733 892 dialectum
752 837 929 905 aerumnam
955 841 991 895 de
1008 840 1162 895 metuendis
1188 839 1287 894 divinis
1308 837 1422 910 J'udiciis
1448 845 1476 894 et
1499 838 1625 894 amandis
1650 839 1792 910 promissis

91 923 172 979 illias
195 923 275 976 haud
296 933 390 978 exacte
411 923 521 979 Graece
544 924 697 994 loquentem
721 925 774 977 aed
796 923 930 977 idiomate
955 925 1128 982 coelestibus.

91 1009 210 1064 wude
227 1010 375 1064 barbarico
392 1018 509 1065 atemeu
526 1027 560 1063 ac
579 1010 687 1064 alieubi
708 1010 791 1063 stram
815 1008 930 1062 ιοῑοιιι-
991 1015 1049 1065 300.
1076 1017 1099 1067 tt,
1125 1010 1166 1064 Er
1190 1011 1306 1065 materia
1333 1010 1390 1065 sive
1418 1009 1564 1065 contentis.
1613 1017 1634 1066 1.
1659 1009 1692 1063 ln
1717 1026 1740 1063 c.
1767 1015 1790 1064 2.
1812 1008 1817 1015 '

91 1103 197 1149 samm
216 1096 306 1152 uideo.
343 1083 502 1166 Dionysius
514 1097 541 1151 d.
560 1095 578 1149 1.
596 1095 680 1166 Resp.
702 1102 723 1150 1.
744 1110 829 1150 causa
846 1093 930 1164 hujus
955 1114 980 1152 v.
1003 1102 1033 1152 18
1069 1105 1156 1151 exstat
1194 1097 1312 1166 epistola
1342 1098 1383 1150 ad
1410 1096 1554 1150 ecclesiam
1585 1097 1791 1164 Thyatirenoem

91 1181 130 1237 rei
149 1198 183 1236 ex
202 1197 235 1237 ιο
255 1182 350 1249 oritur,
371 1183 446 1255 quod
465 1200 498 1238 ex
515 1181 666 1254 prophetis,
685 1180 846 1252 praesertim
865 1196 930 1234 vero
956 1183 1069 1251 scripta.
1107 1184 1195 1252 Atqui
1201 1183 1329 1236 ¹ecclesia
1346 1183 1537 1251 Thyatireuse'a
1556 1183 1678 1235 noudum
1690 1182 1791 1235 eastitit

92 1282 125 1322 ex
150 1265 270 1322 Daniele
298 1267 386 1323 multa
416 1268 539 1323 adducat
575 1285 608 1322 ac
642 1266 758 1338 proinde
790 1263 930 1320 Hebraico
955 1276 1075 1338 tempore
1093 1270 1245 1336 Johauais,
1270 1271 1321 1323 sed
1338 1269 1419 1338 lorspe
1434 1277 1499 1337 post
1516 1268 1675 1322 laborarem
1694 1267 1790 1336 aliquo

91 1351 217 1407 idiomati
241 1350 391 1408 ιιιιιιιιιιιι.
437 1359 461 1409 2.
490 1352 519 1409 si
544 1353 574 1408 in
601 1353 704 1424 specie·
722 1369 756 1406 ao
787 1348 929 1421 sigillatim
954 1354 1071 1408 ecclesia
1084 1355 1146 1409 illic
1158 1356 1221 1423 fuit
1234 1356 1390 1410 constituta.
1417 1352 1591 1424 Epiphanius
1609 1360 1640 1407 ut
1656 1351 1729 1407 hunc
1742 1369 1790 1406 no·

91 1433 196 1491 idioma
214 1435 284 1491 illud
303 1436 479 1493 barbaricum
499 1446 526 1494 et
546 1437 700 1494 soloecismi
717 1436 929 1502 adducerentur,
955 1441 1022 1496 dum
1038 1440 1142 1509 solvat,
1158 1439 1265 1496 hesrai
1280 1446 1321 1497 51.
1339 1439 1495 1511 respondet,
1513 1440 1672 1493 Jolsaaaem
1687 1438 1789 1508 spiritu

91 1519 175 1578 facile
190 1522 228 1577 ad
245 1539 280 1578 ea
298 1524 458 1595 responderi
476 1530 577 1595 posset.
614 1530 637 1580 3.
660 1523 777 1580 Collatia
803 1522 865 1592 ipsa
882 1536 929 1592 po·
951 1527 1116 1597 prophetico
1132 1527 1311 1596 praecidisse
1322 1528 1455 1594 futuram
1469 1525 1613 1593 Thyatiris
1625 1525 1692 1579 olim
1707 1524 1789 1578 eecle-

90 1605 146 1661 tius
176 1607 345 1663 meandum
375 1610 518 1679 ostendet,
548 1609 678 1665 videlicet
711 1623 840 1680 magnam
869 1622 929 1660 esse
954 1613 1039 1680 siam,
1061 1613 1179 1681 ideoque
1197 1629 1263 1665 ccrc
1283 1612 1374 1682 ipsum
1393 1611 1546 1681 scripsisse,
1564 1611 1629 1664 iicet
1644 1619 1708 1663 turre
1726 1617 1789 1663 tem·

90 1691 224 1764 persam
248 1693 277 1747 in
303 1693 477 1767 Apocalypsi
499 1712 562 1750 cum
587 1693 732 1767 euangelio
759 1701 787 1749 et
812 1692 929 1762 epistola
951 1699 1032 1767 poris
1059 1697 1178 1751 ecclesia
1199 1698 1389 1767 Thyatireusis
1416 1699 1538 1752 nondum
1559 1697 1649 1765 fuerit
1666 1695 1891 1750 collectantes

90 1775 229 1839 Johmnis
245 1780 470 1837 convenientiam.
734 1818 740 1829 .
955 1784 1010 1839 Sed
1034 1800 1097 1837 cum
1113 1783 1256 1839 lohannes
1281 1784 1310 1837 in
1327 1782 1445 1854 epistola
1462 1782 1498 1837 ad
1516 1780 1713 1854 Thyatireuses
1732 1787 1789 1835 tam

126 1868 185 1920 2118.
219 1871 243 1920 5.
260 1864 302 1919 Ex
321 1872 443 1921 veterum
463 1865 581 1922 silentio.
613 1865 770 1934 Dionysius
786 1864 857 1934 Tyri
872 1864 929 1934 epi-
954 1870 1100 1941 perspicue
1118 1870 1180 1940 pios
1204 1870 1240 1924 ab
1266 1869 1358 1940 impiis
1384 1869 1550 1941 distinguat,
1575 1868 1637 1924 ideo
1660 1866 1791 1923 verisimi-

92 1966 193 2020 scopus
210 1967 246 2005 ac
265 1959 375 2020 martur
402 1952 430 2006 ia
454 1952 619 2021 compendio
646 1953 768 2005 citarum
786 1951 929 2021 prodidit,
954 1954 1007 2009 lius
1025 1962 1075 2019 est,
1095 1955 1170 2026 quod
1188 1955 1224 2009 do
1242 1954 1578 2026 ecalesiaeThyatirensis
1595 1953 1791 2010 constitutione

91 2035 253 2091 Joleauaem
282 2037 453 2105 eoaapelium
483 2054 562 2091 urum
592 2038 739 2106 scripsisse
768 2037 799 2090 ia
835 2035 928 2089 imula
955 2047 1017 2112 post
1036 2040 1142 2096 obitum
1161 2039 1297 2096 dohannis
1315 2040 1425 2096 demum
1445 2041 1522 2096 facta
1544 2040 1619 2111 apud
1644 2038 1791 2109 scriptores

93 2122 207 2192 Patmo,
237 2130 356 2176 ceterum
380 2125 415 2176 de
439 2123 616 2193 Apocalypsi
635 2123 744 2177 nullam
765 2124 841 2188 facit
857 2139 928 2176 mea·
955 2127 1090 2198 quosdam
1108 2114 1210 2192 exstat,
1233 2126 1262 2180 id
1287 2143 1344 2181 non
1367 2127 1403 2182 de
1423 2127 1513 2198 prima
1536 2125 1662 2197 ejusdem
1684 2125 1791 2196 planta·

92 2208 201 2263 amem.
236 2209 282 2263 Ne
300 2209 471 2263 Anastasius
489 2210 601 2279 pridem
624 2209 750 2263 &aecus
767 2209 798 2262 ia
814 2227 864 2262 seeo
883 2226 928 2262 ca·
954 2213 1028 2268 tione
1053 2219 1081 2269 et
1105 2212 1297 2284 generatione,
1324 2213 1373 2292 sed
1402 2211 1604 2267 instauratione
1632 2219 1665 2266 et
1682 2227 1791 2283 repara·

92 2295 187 2364 wiopa
209 2297 295 2349 audet
313 2297 470 2365 affirmare,
489 2313 559 2365 opus
572 2295 713 2349 lucillius
731 2311 798 2349 esse.
822 2294 928 2350 Erasm.
953 2299 1029 2354 tione
1047 2299 1171 2369 ejusdem
1188 2313 1248 2352 esse
1270 2297 1470 2369 accipiendum.
1508 2304 1530 2353 2.
1553 2299 1661 2352 semiue
1683 2296 1791 2350 Chilio-

93 2380 117 2434 d.
131 2380 149 2434 1.
171 2379 238 2435 Huc
256 2379 352 2435 referri
372 2387 471 2450 potest,
489 2380 565 2453 quod
579 2379 726 2436 concilium
739 2380 929 2436 Laodiceuum
954 2386 1019 2439 stici
1046 2385 1151 2439 erroris
1184 2385 1213 2437 iu
1243 2401 1274 2437 eo
1306 2384 1491 2449 contineatur,
1521 2381 1669 2454 Aponio.
1707 2382 1790 2453 Resp.

92 2483 151 2523 ean
176 2474 218 2523 58.
242 2472 271 2522 ιι
289 2467 481 2523 Nazianzenus
502 2465 531 2519 ιιι
557 2465 669 2520 carmin.
695 2459 810 2522 nullam·
826 2466 931 2522 faciant
955 2472 1051 2543 negari
1080 2471 1190 2543 nequit,
1227 2470 1320 2541 magni
1349 2469 1467 2524 nominis
1497 2467 1570 2523 viros
1594 2468 1788 2523 chiliastarum

92 2552 303 2624 apocalypseos
321 2552 494 2608 mentionem.
531 2550 565 2606 In
591 2568 650 2606 can.
676 2553 792 2623 apostol.
818 2559 858 2609 81.
884 2552 928 2606 iti·
955 2557 1040 2613 errori
1059 2557 1124 2612 olim
1141 2555 1263 2612 haesisse
1282 2555 1444 2626 implicitos,
1465 2560 1560 2625 utpote
1580 2553 1709 2625 Papiam,
1734 2555 1790 2609 Ire-

93 2639 154 2695 dem
177 2638 315 2694 omittitur
340 2637 531 2709 Apoealyptis·
572 2637 692 2708 Respon·
736 2644 756 2693 l·
780 2637 832 2693 hoc
860 2638 928 2692 (11111-
955 2661 1065 2713 uacum,
1082 2642 1231 2706 Justinum,
1249 2641 1450 2698 Tertullianum
1470 2647 1499 2696 et
1516 2640 1598 2707 alios,
1622 2639 1670 2711 qui
1688 2645 1791 2695 statue·

92 2728 171 2779 taxat
189 2722 302 2795 probat,
325 2722 527 2795 aquibusdam
545 2723 610 2779 olim
631 2723 665 2778 de
684 2722 737 2778 hoe
754 2723 825 2780 libro
844 2723 929 2779 fuisse
955 2739 1021 2786 runt
1040 2735 1136 2786 exacto
1155 2727 1251 2782 mundi
1270 2727 1423 2783 millenario
1437 2732 1513 2783 sexto
1528 2725 1667 2781 christum
1686 2725 1791 2781 ecoslo

92 2809 251 2864 (1111118111)
274 2825 307 2864 ⁸0
332 2809 448 2879 proinde
470 2810 506 2865 ed
525 2809 641 2874 1611111111
660 2808 763 2865 ordinis
782 2811 929 2866 temnitur
955 2817 1154 2872 descensurum
1173 2820 1202 2870 et
1217 2813 1306 2885 ligato
1319 2813 1423 2869 Satana
1441 2831 1503 2869 cum
1523 2813 1626 2868 sanctis
1645 2811 1702 2866 suis
1718 2810 1792 2866 mille

92 2896 212 2951 eundem
230 2894 376 2966 pertinere.
413 2902 437 2952 2.
455 2895 516 2952 loco
533 2896 644 2951 illorum
662 2896 856 2968 pauculorum,
882 2897 929 2968 qui
955 2918 1041 2957 annos
1060 2901 1102 2955 his
1120 2900 1149 2954 in
1167 2900 1246 2955 terris
1269 2905 1462 2972 regnaturum,
1485 2898 1587 2971 quibus
1614 2897 1715 2969 elapsis
1744 2896 1791 2952 Sa·

91 2980 176 3054 hujus
198 2980 262 3037 hbri
279 2998 335 3035 non
353 2981 549 3049 meminerunt,
577 2982 693 3053 produci
712 2990 829 3053 possunt
847 2999 930 3053 quam
955 2994 1049 3043 ιιιιιιιι
1079 2986 1177 3042 iterum
1208 2986 1328 3042 solutum
1357 2985 1390 3039 ιιι
1423 2992 1451 3040 ιι
1482 2985 1614 3040 adversus
1648 2982 1792 3039 eeclesiam

90 3066 205 3139 plurimi
222 3073 314 3138 patres
332 3066 433 3122 Graeci
449 3067 554 3138 pariter
572 3086 605 3124 ac
626 3068 734 3138 Latini,
754 3069 802 3139 qui
819 3068 929 3124 honori·
955 3079 1052 3146 gentes
1076 3080 1183 3128 exteras
1209 3071 1274 3143 Gog
1299 3077 1326 3127 et
1349 3071 1454 3142 Magog
1477 3072 1667 3126 excitaturum.
1711 3068 1792 3123 Hauc

91 3151 176 3208 ficum
195 3152 383 3208 testimouium
401 3154 426 3209 ei
446 3154 591 3209 dederunt.
624 3160 653 3210 3.
670 3154 817 3221 Eusebius,
838 3155 931 3226 quiin
956 3160 1113 3257 opinionem
1137 3175 1215 3214 exc.
1240 3163 1281 3214 20.
1306 3156 1389 3229 hujus
1412 3157 1477 3211 libri
1498 3156 1616 3227 probare
1640 3155 1791 3224 voluerunt,

91 3237 219 3294 Historia
237 3238 423 3295 ecclesiastica
441 3240 477 3296 de
494 3240 577 3313 hujus
594 3239 658 3295 libri
675 3246 788 3296 auctore
802 3241 931 3298 dubitare
957 3248 1005 3302 sed
1024 3245 1152 3315 nuspiam
1172 3249 1288 3299 testatuu
1308 3242 1458 3313 Scriptura,
1478 3241 1616 3297 Christum
1634 3246 1699 3296 aute
1718 3240 1791 3296 diem

91 3324 252 3394 ridetur,
245 3342 273 3378 ιιι
297 3322 435 3380 Chronico
456 3326 593 3395 dechrat,
622 3344 652 3382 se
675 3326 746 3380 nihil
767 3327 931 3384 omninode
958 3341 1109 3389 orhemum
1132 3328 1234 3385 visibili
1259 3336 1286 3384 et
1309 3334 1421 3384 externo
1447 3326 1557 3384 modo
1545 3345 1579 3406 ιιι
1596 3327 1675 3383 terris
1692 3343 1792 3398 regna·

91 3413 154 3485 eJ'us
173 3417 287 3466 ιιιιιιι
306 3411 353 3466 rel
371 3412 534 3467 auctoritate
558 3410 696 3468 dubitare
734 3421 757 3471 4.
777 3413 806 3469 Si
830 3415 930 3469 canoni
957 3426 1067 3485 turum,
1085 3415 1134 3470 sed
1153 3414 1225 3470 diem
1245 3414 1484 3486 adrentusrpsius
1504 3411 1694 3484 adjudicium
1711 3420 1793 3468 vocat

92 3494 247 3569 apostolico
265 3501 307 3554 84.
325 3497 451 3553 insistere
468 3497 608 3554 velimus'
600 3517 629 3552 ιιι
646 3515 779 3554 canonem
797 3499 931 3571 recipieu·
958 3511 1108 3561 extremm
1127 3507 1155 3557 et
1171 3501 1362 3569 novnsimum,
1391 3518 1446 3573 quo
1468 3507 1497 3555 et
1523 3499 1686 3554 universalis
1704 3517 1792 3556 resur

94 3582 148 3638 dus
165 3582 218 3638 erit
235 3583 332 3636 tertius
350 3584 596 3649 liaccahaecrum,
627 3584 772 3638 Clemmtis
797 3585 932 3654 epistolae
957 3589 1043 3644 rectio
1067 3593 1095 3643 et
1114 3586 1251 3657 judicium
1277 3587 1361 3643 finale
1382 3587 1418 3642 sit
1435 3585 1567 3641 futurum.
1604 3585 1793 3657 Explicandus

95 3670 171 3723 duae
195 3676 221 3722 et
243 3669 367 3738 ejsudem
391 3668 596 3723 constitutiones
621 3669 809 3740 apostolicae,
835 3677 934 3726 contra
957 3676 1042 3748 igitur
1057 3674 1102 3728 hic
1119 3674 1196 3728 locus
1205 3672 1435 3744 Apocalyptieus,
1456 3689 1491 3728 ne
1510 3689 1573 3728 cum
1584 3670 1649 3726 fidei
1663 3672 1793 3745 analogia

95 3753 133 3810 ab
151 3754 249 3812 ιοάιιιι
266 3755 430 3811 excludendi
448 3756 517 3809 libri
533 3757 662 3825 Ecetrae,
688 3773 805 3828 quorum
827 3763 931 3811 utrum·
957 3765 1075 3834 pugnet,
1098 3760 1173 3831 quod
1199 3776 1255 3832 qua
1277 3757 1381 3815 ratione
1401 3758 1460 3814 fieri
1484 3757 1585 3830 possit,
1610 3764 1792 3814 monstratum

96 3857 151 3914 que
173 3845 282 3912 pugnat
298 3857 361 3895 cum
378 3840 502 3895 unanimi
521 3840 606 3895 totius
626 3841 758 3898 eeclesiae
776 3840 933 3914 primitivae
957 3848 1012 3902 fuit
1028 3847 1216 3920 disputatione
1238 3853 1252 3901 ³
1280 3852 1377 3900 contra
1395 3862 1480 3900 novos
1497 3843 1633 3899 fanaticos
1656 3844 1801 3901 instituta.-

95 3925 239 3998 suffragio-
273 3924 370 3980 Multis
387 3925 477 3981 evinci
494 3929 586 3997 potest
602 3927 787 3999 mgumsnfis,
813 3944 933 3983 omenes
958 3939 981 3989 a.
1000 3933 1183 3989 Βιιιιιιιιίιιιι
1206 3931 1254 3987 lib.
1285 3937 1306 3986 1.
1334 3931 1369 3986 de
1387 3929 1471 3986 verbo
1490 3930 1544 3986 Dei
1562 3947 1585 3985 e.
1608 3936 1646 3987 ιι.
1682 3930 1793 3986 ΒΙιιῐιιι

95 4011 157 4068 ilios
175 4011 342 4084 apostolicos
360 4029 420 4067 esse
438 4011 629 4084 supposititios
646 4019 675 4068 et
694 4013 877 4086 apocryphos.
958 4021 992 4076 de
1010 4019 1115 4090 Viegas
1134 4018 1163 4072 in
1180 4016 1299 4088 Apocal.
1317 4034 1344 4086 p.
1365 4022 1405 4072 16.
1423 4015 1551 4071 tribuunt
1567 4015 1697 4085 Luthero,
1718 4016 1792 4086 quod

131 4104 191 4155 288.
214 4096 489 4154 theoremate.
527 4099 639 4167 Μαρια
662 4107 688 4152 et
704 4101 768 4164 sere
786 4101 931 4170 inaspera-
958 4105 985 4159 iu
1006 4105 1121 4176 prologo
1140 4103 1231 4171 dicat,
1254 4120 1283 4155 se
1308 4102 1337 4154 ia
1356 4101 1533 4171 Apocalypsi
1552 4101 1604 4155 lucc
1621 4102 1793 4169 desiderem,

95 4183 161 4238 belsa
180 4191 221 4238 eet
237 4184 321 4254 liujus
340 4183 409 4236 libri
433 4183 600 4247 obcaecatas,
623 4192 742 4255 propter
762 4202 847 4255 quam
873 4186 931 4256 aui·
957 4192 1034 4260 quood
1060 4191 1154 4244 beatas
1171 4191 1242 4256 scre
1268 4195 1388 4254 asserat,
1419 4187 1469 4256 qui
1493 4194 1603 4240 remant
1620 4188 1704 4239 umba
1725 4205 1793 4256 pro·

96 4271 216 4324 ὂιιιὼιιι
232 4268 341 4323 cicietur
357 4269 537 4338 rejiciendam.
572 4263 654 4340 Resp.
693 4276 715 4326 1.
736 4269 931 4326 obscuritatem
952 4277 1067 4344 pletiae
1084 4274 1182 4344 liujus,
1202 4292 1263 4328 cum
1279 4281 1369 4326 tamm
1388 4290 1465 4326 nemo
1484 4273 1632 4340 iutellipat,
1650 4289 1721 4342 oreae
1739 4273 1794 4327 siat

95 4354 173 4411 iilam
199 4371 261 4409 cum
287 4353 438 4409 visionibus
460 4354 613 4411 Ezechielis
639 4372 672 4410 ac
695 4355 822 4411 Danielis
847 4353 933 4410 habet
958 4361 1019 4415 iila.
1048 4358 1119 4415 Item
1138 4359 1212 4430 quod
1233 4358 1262 4412 in
1280 4356 1451 4428 praefatione
1466 4357 1499 4414 N.
1518 4357 1550 4411 Τ.
1570 4357 1653 4426 dieat,
1670 4374 1699 4412 se
1716 4359 1794 4428 Apo-

96 4458 277 4497 commuuem.
325 4439 405 4504 Quod
435 4440 458 4494 si
488 4447 600 4513 propter
630 4441 827 4498 obscuritatem
857 4441 931 4495 illam
959 4446 1085 4516 caippsiu
1103 4444 1435 4514 uepueproprcplsetice,
1454 4461 1540 4513 neque
1553 4444 1708 4513 apostolico
1721 4442 1794 4498 libro

95 4527 278 4598 rejiciendus,
296 4526 391 4598 utique
409 4525 534 4581 Danielis
552 4527 713 4598 prophetiae
730 4533 794 4583 ante
813 4527 933 4599 eomple-
959 4548 1116 4600 agnoscere,
1133 4530 1184 4583 sut
1199 4529 1317 4583 similem
1322 4531 1459 4599 judicare
1472 4529 1544 4583 libro
1557 4536 1657 4598 quarto
1671 4531 1793 4584 Esdrac.

96 4619 222 4670 menturm
244 4613 318 4668 idem
343 4612 427 4682 objici
454 4613 599 4683 potuisset.
646 4620 669 4668 2.
694 4611 857 4669 Obscuritas
885 4612 933 4666 illa
958 4619 1041 4690 Resp.
1060 4618 1088 4670 iu
1109 4614 1327 4687 praefationibus
1344 4614 1468 4680 Luthem',
1487 4632 1557 4686 quas
1573 4614 1795 4687 hodielegimus,

97 4699 184 4758 oritur
204 4704 265 4753 tum
283 4714 316 4754 ex
335 4696 450 4752 materis
470 4697 528 4753 sive
545 4698 635 4762 rebus,
654 4715 723 4770 quas
740 4702 933 4768 tractat,.tum
960 4704 1026 4758 nihil
1049 4702 1104 4758 tale
1128 4701 1260 4769 ocemrit,
1282 4702 1330 4756 sed
1360 4699 1452 4772 potius
1479 4701 1661 4769 conuarium,
1687 4700 1794 4771 praefa-

97 4803 131 4843 ex
148 4784 239 4840 imma
256 4783 315 4838 sive
335 4782 416 4838 modo
434 4784 580 4841 trmtandi.
616 4785 751 4856 Proponit
773 4785 846 4840 euim
871 4801 933 4855 pro·
958 4790 1034 4846 tione
1052 4785 1161 4843 erudita
1178 4785 1214 4840 ad
1232 4785 1443 4858 intelligentiam
1461 4786 1543 4857 hujus
1559 4784 1721 4856 prophetiae
1738 4801 1795 4840 non

95 4872 208 4945 phetias
226 4871 261 4926 de
280 4869 364 4926 rebus
381 4867 498 4938 futuris,
522 4886 624 4942 easque
643 4870 670 4925 in
690 4869 799 4942 figuris,
824 4869 933 4925 visioni·
960 4872 1097 4930 mediocre
1112 4871 1209 4927 lectori
1233 4871 1327 4926 attufit
1351 4871 1554 4942 adjumentum,
1580 4869 1718 4942 quomodo
1744 4869 1796 4943 igi·

96 4959 151 5016 bus
176 4973 211 5012 ae
235 4947 403 5027 imaginihus
424 4955 483 5011 sine
507 4955 692 5027 explicatione
711 4955 808 5011 addita
824 4961 933 5018 tractm.
959 4966 1005 5015 tur
1026 4975 1081 5014 non
1103 4957 1219 5013 haberet
1244 4975 1294 5028 pro
1318 4956 1390 5012 libro
1413 4955 1585 5027 apostchcol
1620 4954 1714 5011 Verba
1732 4955 1795 5010 illa:

96 5062 131 5102 ex
157 5059 213 5116 quo
236 5058 292 5098 uon
316 5047 409 5113 potest
430 5060 486 5097 non
505 5040 661 5097 obscuritas
680 5041 758 5109 oriri,
783 5060 934 5115 perquam
960 5048 1066 5099 Beatsu
1089 5043 1227 5114 quilepit
1249 5044 1333 5096 certa
1354 5041 1523 5110 prophetiae
1548 5041 1631 5109 huju
1658 5041 1746 5111 Apoc.
1775 5047 1795 5097 1.

95 5129 191 5187 taedio
214 5127 367 5200 legentium
386 5128 557 5199 scripturam
578 5127 656 5184 Deus
674 5144 816 5183 cucumere
839 5128 935 5198 voluit,
959 5148 984 5184 v.
1003 5134 1018 5184 3
1040 5128 1251 5200 explicationem
1270 5125 1364 5181 statim
1382 5124 1485 5178 hubent
1504 5125 1689 5194 conjunctam,
1718 5124 1795 5180 addi·

96 5218 171 5273 sicut
187 5213 301 5285 reliquis
319 5213 388 5269 loeis
406 5213 571 5285 perspicuis,
598 5213 626 5268 ιιι
651 5212 752 5285 quibus
777 5213 841 5268 fidei
865 5214 934 5286 dog·
959 5221 1005 5270 tur
1024 5230 1155 5286 namque·
1182 5215 1302 5281 Tempus
1319 5211 1391 5264 caira
1405 5228 1496 5282 prope
1516 5218 1567 5279 eet,
1589 5228 1614 5281 q
1635 5209 1661 5266 d.
1691 5211 1742 5266 etsi
1767 5211 1796 5266 in

96 5308 175 5362 mata
193 5299 355 5368 nudantur,
381 5298 448 5354 fami
475 5306 586 5354 nostrae
603 5299 751 5369 prospexit.
789 5299 934 5356 t-Obscu
959 5300 1012 5356 hoc
1031 5298 1102 5354 libro
1122 5315 1166 5352 res
1182 5297 1293 5351 futurae
1316 5299 1475 5361 narrantur,
1503 5303 1595 5350 tamen
1618 5294 1727 5350 illamm
1752 5312 1796 5351 co·

94 5390 167 5446 ritas
185 5385 236 5442 ills
250 5378 342 5441 iucem
360 5385 473 5440 sortitur
490 5391 550 5439 tum
569 5403 602 5441 ex
620 5383 767 5440 collatione
785 5402 849 5440 eum
872 5386 935 5441 aliis
1001 5385 1048 5439 ’ἰ
1066 5383 1102 5438 ad
1115 5379 1404 5454 quemlibetpertinet,
1425 5380 1490 5452 quia
1508 5397 1552 5436 res
1568 5380 1633 5436 illae
1647 5380 1724 5436 brevi
1738 5380 1797 5437 fieri

95 5474 260 5548 Scripturas
276 5471 357 5540 locis,
382 5471 544 5542 praesertim
561 5487 625 5526 eum
642 5469 790 5542 prophetia
808 5470 935 5527 Danielis
962 5470 1103 5542 incipient,
1122 5484 1156 5522 ac
1172 5466 1288 5536 proinde
1304 5465 1363 5521 fieri
1375 5471 1474 5536 potest,
1492 5474 1523 5521 ut
1542 5483 1598 5536 eos,
1615 5463 1663 5538 qui
1674 5473 1798 5536 tempore

1449 5572 1465 5627 9
