3984 6022
243 255 312 314 XIV
985 261 1171 318 EPISTOLA

245 408 521 499 Quemadmodum
561 417 646 483 enam
684 414 796 485 oculor
828 426 896 486 toto
933 414 1064 512 quedem
1096 418 1201 487 animi
1232 420 1355 512 impetu
1389 416 1436 488 ad
1449 413 1558 487 bures
1587 415 1724 509 patrios
1735 415 1904 509 adspirat,

242 539 377 608 mterc'm
400 561 467 609 non
492 548 607 631 potest
630 562 695 609 cion
721 539 792 610 sibi
810 543 1002 636 gratulam‘,
1031 539 1068 612 si
1090 545 1123 614 in
1149 544 1205 613 ura
1222 543 1424 614 commodum
1440 553 1561 613 nactus
1580 541 1695 629 fuerit
1710 536 1904 634 hospitium,

242 664 342 757 eujus
369 660 544 753 beneficiis
570 665 668 733 etn‘ccm
689 673 796 760 grata
820 676 929 737 mente
949 669 1075 737 ulitur:
1105 669 1157 739 sic
1183 669 1217 738 in
1243 669 1299 737 aza
1323 666 1425 762 bajus
1449 670 1559 755 uitae,
1596 690 1681 762 quae
1707 664 1797 736 nibil
1816 663 1911 735 aliud

243 801 297 860 est
330 811 426 885 quam
453 813 574 860 cursus
600 789 647 860 acl
671 813 783 861 ueram
809 793 844 863 in
871 794 977 864 coelis
1002 794 1127 881 ostam,
1158 796 1274 890 gratis
1301 795 1421 864 animis
1447 816 1637 889 agnoscere
1663 791 1838 879 debemus,
1875 788 1912 860 si

242 915 503 1019 benignissimus
535 913 626 984 Deus
658 917 758 987 talem
784 918 951 990 nascendi
972 930 1006 988 et
1030 918 1259 990 commorandi
1278 918 1376 990 nobis
1402 917 1593 1015 assignavit
1616 919 1745 1007 locum,
1782 920 1843 1011 qui
1866 915 1908 986 ob

244 1040 408 1134 beneficia
442 1044 475 1113 in
508 1066 547 1112 se
580 1039 739 1112 dim'nitus
773 1044 898 1115 collata
924 1044 1076 1115 omnibus
1096 1046 1213 1136 sacn'le
1239 1069 1316 1115 sese
1340 1044 1568 1135 commendat,
1606 1067 1765 1139 quemque
1787 1043 1908 1136 plures

242 1179 405 1262 coaptant
426 1168 497 1238 sibi
518 1168 662 1238 natalem
689 1167 865 1265 obtigisse.
916 1168 1011 1240 Hanc
1026 1169 1237 1261 felicitatem
1264 1170 1397 1241 beonnae
1425 1170 1643 1267 benignitatis
1669 1164 1804 1266 osrgula
1829 1167 1912 1239 mibi

242 1316 371 1389 quoque
397 1293 588 1386 obvenisse,
616 1318 681 1366 non
707 1296 782 1365 sine
808 1298 915 1366 tacita
935 1297 1170 1392 gratulatione
1196 1308 1231 1368 et
1255 1297 1435 1392 uoluptatis
1455 1320 1558 1367 senisu
1575 1298 1714 1390 saepius
1731 1295 1905 1367 recordor.

111 1512 113 1517 η
240 1420 352 1492 Natus
377 1423 462 1491 eain
487 1443 558 1490 sum
586 1418 837 1519 (luedlinburgi
859 1418 1049 1511 Senonum,
1083 1421 1133 1520 (in
1157 1419 1220 1494 illa
1245 1425 1322 1518 ipsa
1342 1418 1481 1494 scilieet
1497 1423 1603 1512 urbe,
1632 1423 1731 1516 cujus
1755 1423 1906 1518 regimen

154 1612 159 1621 ,
241 1558 376 1618 nestrae
407 1543 501 1638 fidei
532 1557 568 1617 et
597 1546 822 1642 prudentiae,
862 1546 987 1620 Patres
1020 1544 1211 1644 conscripti
1242 1559 1297 1619 est
1326 1544 1549 1645 conscissum)
1586 1572 1672 1619 anno
1711 1548 1815 1620 1582.
1850 1542 1905 1614 die

242 1671 386 1744 Octobri
411 1671 467 1746 17.
496 1683 600 1768 patre
637 1672 698 1745 lla.
731 1671 991 1759 bartholomaeo
1021 1670 1220 1768 Gerbardo,
1256 1671 1379 1746 Vestri
1402 1672 1532 1746 ardonis
1557 1676 1657 1762 on'ro,
1693 1697 1780 1744 anno
1812 1672 1907 1744 1598

235 1799 396 1895 propidie
421 1801 632 1873 ascensionis
647 1798 843 1872 llomim'cae
870 1800 975 1872 rebus
999 1798 1152 1874 bumam's
1178 1812 1324 1894 enemto,
1352 1804 1452 1896 cujus
1475 1799 1603 1873 candor
1629 1811 1665 1871 et
1683 1825 1769 1898 erga
1797 1802 1906 1872 eccl·

238 1929 367 1997 siarum
401 1949 443 1995 ae
479 1924 671 1997 sebolarum
704 1925 876 1999 nmucros
909 1926 1131 2020 beneficentia
1167 1927 1320 2000 omuibus
1351 1927 1461 1999 adbuc
1497 1930 1531 1999 in
1565 1952 1646 2017 ore,·
1684 1938 1792 1999 matre
1826 1951 1906 1997 vero

239 2050 467 2149 Margaretba
502 2049 673 2143 berndes,
706 2051 767 2126 Da.
798 2051 967 2126 lobannis
1000 2053 1152 2126 berndec
1184 2052 1328 2126 Seabs’m'
1353 2054 1502 2149 reipubl.
1538 2053 1837 2126 Halberstadensis
1865 2077 1903 2147 p.

238 2203 282 2248 m.
308 2177 397 2268 filia,
424 2202 511 2274 quae
533 2202 620 2250 mono
642 2182 802 2274 praecino
820 2183 927 2255 1624.
953 2177 1009 2252 die
1029 2179 1109 2252 lan.
1129 2180 1189 2255 27.
1212 2182 1247 2253 ia
1269 2183 1356 2251 uinis
1380 2204 1456 2252 esse
1477 2181 1591 2273 desiit,
1613 2205 1654 2252 ae
1671 2204 1754 2253 uoce
1765 2179 1906 2276 publiea

240 2305 474 2376 matronalium
511 2306 672 2377 virtutum
713 2307 890 2401 euemplar
922 2303 1042 2378 audue
1073 2308 1204 2379 meruit.
1256 2303 1345 2378 Urbs
1380 2304 1511 2379 sstbaec
1542 2306 1630 2378 unde
1664 2330 1781 2381 nomen
1813 2329 1908 2375 suum

243 2433 366 2503 sortita
379 2430 519 2522 suerit,
549 2429 590 2502 de
614 2456 654 2502 eo
678 2429 836 2505 diuersae
863 2443 1002 2504 eustant
1025 2435 1232 2528 scriptorum
1257 2436 1456 2524 sententiae,
1486 2456 1559 2504 cum
1582 2431 1716 2529 quidam
1743 2433 1908 2502 acatella

239 2560 273 2629 in
307 2559 429 2629 mouts‘s
461 2559 633 2629 caecumine
663 2555 787 2629 ibidem
817 2558 861 2630 ab
893 2556 1041 2631 Hernici
1066 2558 1223 2656 Aucupis
1254 2559 1377 2655 Imper.
1409 2559 1557 2657 conjuge
1581 2557 1718 2632 inuenta
1748 2556 1909 2647 (luedella

239 2684 330 2756 dicta
355 2707 428 2755 eam
452 2681 505 2757 sic
529 2684 733 2779 appellatam
756 2696 930 2777 eersseant,
959 2689 1159 2782 conjecturo
1180 2684 1334 2782 permoti
1356 2684 1528 2759 admodum
1553 2681 1634 2773 leci,
1664 2685 1753 2780 quod
1775 2682 1909 2756 uideant

237 2814 274 2885 in
307 2821 445 2881 senatus
473 2809 666 2907 insignibus
698 2813 853 2883 catellam
884 2809 993 2909 pingi
1014 2812 1169 2901 solitam,·
1203 2810 1340 2907 quidam
1363 2812 1406 2883 ab
1430 2836 1594 2908 aquarum
1618 2811 1904 2908 scaturiginibus,

239 2936 362 3033 quibus
387 2937 482 3008 locus
503 2933 565 3008 ille
589 2936 758 3030 abundat,
794 2935 1038 3010 denominatam
1065 2962 1137 3009 eam
1162 2939 1389 3031 arbitrantur,
1427 2963 1469 3011 ac
1502 2941 1642 3019 primum
1670 2937 1793 3012 dictam
1811 2935 1908 3026 (luel-

240 3062 461 3160 lenburgum,·
487 3064 552 3134 ab‘i
568 3087 663 3153 oero,
693 3087 834 3160 quorum
854 3061 1071 3160 probabilior
1097 3076 1150 3136 est
1174 3065 1309 3161 opinio,
1335 3069 1426 3162 pagi
1447 3067 1594 3151 ueteres,
1623 3067 1684 3159 qui
1702 3065 1785 3134 urbi
1802 3066 1908 3160 origi·

238 3214 311 3261 nem
331 3189 509 3285 praebuit,
537 3214 655 3262 nomen
682 3192 839 3264 relictcun
866 3193 937 3285 ipsi
955 3214 1030 3262 esse
1057 3188 1261 3265 euc‘stimant.
1318 3190 1349 3263 T
1345 3202 1499 3263 estantur
1524 3193 1609 3262 enim
1637 3191 1804 3261 atunellum
1831 3214 1906 3261 eon·

240 3317 382 3404 ditores,
403 3315 525 3406 suisse
549 3318 627 3388 olim
646 3341 776 3414 pagum
800 3341 842 3388 ea
868 3319 963 3388 urbis
983 3329 1085 3412 parte
1108 3319 1224 3408 situm,
1253 3317 1314 3388 ubi
1331 3314 1432 3388 bodie
1459 3328 1511 3388 est
1533 3314 1701 3411 parocbia
1728 3314 1905 3404 Blassana,

241 3439 487 3539 stmtilingum
520 3453 771 3539 nuncupatum
803 3444 974 3539 eidemque
1006 3445 1151 3516 m‘einum
1172 3438 1295 3538 fuisse
1324 3466 1452 3540 pagum
1487 3444 1589 3514 abun
1621 3427 1832 3538 Nortingao'
1851 3464 1907 3537 ap·

237 3570 423 3663 pellaeum,
461 3592 501 3640 eo
530 3571 565 3641 in
591 3570 667 3642 loco
690 3572 809 3660 sctum,
849 3571 910 3641 ubi
936 3569 1037 3641 bodie
1063 3581 1117 3641 est
1136 3568 1305 3664 parocbia
1332 3567 1513 3665 llgsds'aaa.
1568 3567 1606 3642 la
1633 3568 1742 3640 medio
1768 3570 1908 3639 istorum

235 3718 420 3792 pagorum,
448 3694 509 3765 ubi
530 3695 755 3787 annosorum
783 3707 839 3767 est
861 3707 897 3768 et
919 3698 1030 3786 cursa,
1048 3695 1169 3790 fluisse
1194 3695 1351 3768 detiorum
1368 3695 1574 3791 quorundam
1593 3694 1709 3787 aedes,
1736 3694 1906 3790 inquibus

237 3822 489 3918 praenominati
514 3824 729 3917 imperatoris
760 3823 870 3894 aulici
891 3846 931 3894 ae
957 3834 1118 3917 satrapae
1143 3819 1349 3912 habitarint,
1390 3819 1509 3894 Curtes
1536 3820 1765 3919 (luentilingas
1789 3824 1912 3892 uocari

239 3950 382 4041 solitas,
417 3950 452 4020 in
483 3950 582 4038 cujus
616 3951 674 4020 rei
701 3951 892 4021 memoriam
925 3958 1025 4042 atque
1063 3949 1273 4044 mb'quitatis
1305 3947 1588 4045 significationem
1614 3947 1723 4019 adbuc
1748 3945 1848 4018 bodie
1873 3950 1908 4019 in

241 4074 412 4147 domorum
436 4073 644 4170 ¹quarundam
660 4074 889 4169 frontispicio
925 4073 1091 4168 depictum
1117 4084 1153 4144 et
1178 4075 1378 4168 insculptum
1405 4073 1574 4169 lapidibus
1600 4074 1757 4166 conspici
1775 4071 1908 4144 bomun·

241 4204 370 4275 cionem
390 4223 534 4295 pecuum
561 4211 596 4270 et
619 4200 742 4272 riudam
765 4203 984 4295 suspicantur
991 4249 1004 4290 ,
1040 4198 1118 4270 inde
1143 4223 1189 4271 ese
1213 4196 1497 4296 Omntlinburgo,
1531 4198 1622 4294 quod
1635 4199 1715 4292 jnit
1737 4200 1907 4293 antiquum

240 4328 336 4401 urbis
361 4351 499 4417 nomen,
538 4325 826 4424 (luedlinburgum
844 4336 968 4421 postea
991 4349 1066 4396 esse
1084 4326 1286 4417 ¹p‘brmotnm.
1341 4323 1408 4416 Oui
1431 4350 1451 4396 α
1475 4321 1600 4412 Quadis
1626 4325 1667 4395 ob
1694 4326 1908 4397 incursiones

240 4457 275 4527 in
309 4453 373 4526 bas
406 4465 520 4525 terras
542 4453 669 4544 saetas
696 4477 741 4524 em
766 4453 984 4525 monumentis
1011 4448 1229 4522 historiarum
1252 4453 1342 4523 notes
1368 4450 1483 4523 urbem
1504 4450 1626 4522 dietam
1653 4461 1810 4540 censent,
1848 4475 1908 4522 eos

240 4583 300 4653 osu
326 4579 511 4651 audiendos
533 4605 609 4652 esse
630 4581 792 4674 putarim,
820 4602 893 4650 eum
915 4578 977 4649 isti
994 4579 1141 4671 pessimi
1161 4578 1304 4649 nomenis
1323 4577 1446 4673 populi
1465 4576 1577 4649 sedem
1602 4602 1696 4650 suam
1716 4578 1767 4647 ibi
1776 4576 1908 4667 finisse

239 4709 393 4803 nuspiam
420 4717 729 4779 commemorentur.
776 4701 852 4778 Stoa
881 4716 934 4775 est
956 4702 1042 4775 baec
1069 4703 1149 4775 urbs
1174 4705 1321 4775 mauima
1348 4727 1397 4774 eu
1421 4706 1585 4799 partein
1614 4704 1758 4798 planitie
1784 4701 1831 4773 ad
1853 4727 1908 4774 ra·

239 4834 335 4906 dices
366 4833 474 4904 soleae
505 4831 707 4929 llerepm'ae,
743 4854 880 4926 eamque
909 4831 1009 4902 allm't
1019 4829 1280 4921 feracissimam
1307 4853 1348 4901 ac
1375 4829 1638 4924 limpidissimum
1652 4827 1787 4922 chmen
1808 4827 1907 4901 Buda

241 4959 384 5052 dictum,
416 4962 516 5054 cujus
536 4961 714 5055 scaturigo
741 4960 775 5029 in
800 4967 909 5028 monte
933 4955 1100 5027 Bructero
1123 4967 1267 5050 quatum
1280 4955 1369 5048 sere
1394 4956 1583 5027 miliaribus
1609 4954 1651 5025 ab
1678 4953 1761 5024 urbe
1788 4955 1902 5028 distat.

240 5070 317 5157 Aer
344 5096 491 5180 propter
521 5087 677 5156 montrum
711 5094 747 5155 et
778 5083 939 5154 siluarum
972 5079 1176 5154 oicim'tatem
1204 5093 1302 5176 atque
1329 5083 1500 5178 aequalem
1526 5081 1717 5173 temperiem
1739 5080 1903 5170 salubris,

239 5211 345 5282 salum
371 5211 554 5283 nascendis
568 5205 740 5308 frugibus
751 5204 900 5302 fertile,
936 5207 1022 5278 unde
1048 5233 1113 5278 nee
1138 5211 1329 5304 lignorum,
1368 5230 1432 5279 nec
1447 5201 1615 5301 frugum,
1653 5230 1716 5277 nec
1742 5207 1903 5301 piscium,
