<?xml version="1.0" encoding="UTF-8"?>
<!DOCTYPE html PUBLIC "-//W3C//DTD XHTML 1.0 Transitional//EN"
    "http://www.w3.org/TR/xhtml1/DTD/xhtml1-transitional.dtd">
<html xmlns="http://www.w3.org/1999/xhtml" xml:lang="en" lang="en">
 <head>
  <title>
</title>
<meta http-equiv="Content-Type" content="text/html;charset=utf-8" />
  <meta name='ocr-system' content='tesseract 3.04.00' />
  <meta name='ocr-capabilities' content='ocr_page ocr_carea ocr_par ocr_line ocrx_word'/>
</head>
<body>
  <div class='ocr_page' id='page_1' title='image "./locitheologicic00gerhgoog/locitheologicic00gerhgoog_0366.png"; bbox 0 0 3984 6022; ppageno 0'>
   <div class='ocr_carea' id='block_1_1' title="bbox 799 276 1782 350">
    <p class='ocr_par' dir='ltr' id='par_1_1' title="bbox 799 276 1782 350">
     <span class='ocr_line' id='line_1_1' title="bbox 799 276 1782 350; baseline -0.002 -16"><span class='ocrx_word' id='word_1_1' title='bbox 799 276 1120 335; x_wconf 71' lang='lat' dir='ltr'>DENATURADEI.</span> <span class='ocrx_word' id='word_1_2' title='bbox 1724 291 1782 350; x_wconf 68' lang='lat'>337</span> 
     </span>
    </p>
   </div>
   <div class='ocr_carea' id='block_1_2' title="bbox 54 431 1900 5605">
    <p class='ocr_par' dir='ltr' id='par_1_2' title="bbox 54 431 1900 5605">
     <span class='ocr_line' id='line_1_2' title="bbox 89 431 1787 507; baseline 0.003 -22"><span class='ocrx_word' id='word_1_3' title='bbox 89 444 166 500; x_wconf 86' lang='lat' dir='ltr'>care,</span> <span class='ocrx_word' id='word_1_4' title='bbox 192 436 225 485; x_wconf 89' lang='lat' dir='ltr'>ut</span> <span class='ocrx_word' id='word_1_5' title='bbox 243 432 316 489; x_wconf 69' lang='lat' dir='ltr'>mim</span> <span class='ocrx_word' id='word_1_6' title='bbox 335 431 439 503; x_wconf 78' lang='lat' dir='ltr'><strong>duplici</strong></span> <span class='ocrx_word' id='word_1_7' title='bbox 458 438 586 503; x_wconf 89' lang='lat' dir='ltr'>respectu</span> <span class='ocrx_word' id='word_1_8' title='bbox 606 431 708 487; x_wconf 79' lang='lat' dir='ltr'>dicitirr</span> <span class='ocrx_word' id='word_1_9' title='bbox 724 433 851 503; x_wconf 86' lang='lat' dir='ltr'>potentia</span> <span class='ocrx_word' id='word_1_10' title='bbox 868 433 922 488; x_wconf 87' lang='lat' dir='ltr'>Dei</span> <span class='ocrx_word' id='word_1_11' title='bbox 951 433 1045 485; x_wconf 77' lang='lat' dir='ltr'>amaia</span> <span class='ocrx_word' id='word_1_12' title='bbox 1059 433 1171 502; x_wconf 77' lang='lat' dir='ltr'>quidam</span> <span class='ocrx_word' id='word_1_13' title='bbox 1178 441 1271 502; x_wconf 83' lang='lat' dir='ltr'>potest</span> <span class='ocrx_word' id='word_1_14' title='bbox 1285 436 1373 500; x_wconf 86' lang='lat' dir='ltr'>Deus,</span> <span class='ocrx_word' id='word_1_15' title='bbox 1391 436 1442 487; x_wconf 83' lang='lat' dir='ltr'>aed</span> <span class='ocrx_word' id='word_1_16' title='bbox 1458 451 1513 488; x_wconf 82' lang='lat' dir='ltr'>son</span> <span class='ocrx_word' id='word_1_17' title='bbox 1532 436 1614 499; x_wconf 75' lang='lat' dir='ltr'>facit,</span> <span class='ocrx_word' id='word_1_18' title='bbox 1633 436 1693 489; x_wconf 75' lang='lat' dir='ltr'>aiei</span> <span class='ocrx_word' id='word_1_19' title='bbox 1710 440 1787 507; x_wconf 80' lang='lat' dir='ltr'>quod</span> 
     </span>
     <span class='ocr_line' id='line_1_3' title="bbox 88 516 1785 594; baseline 0.004 -23"><span class='ocrx_word' id='word_1_20' title='bbox 88 516 238 586; x_wconf 84' lang='lat' dir='ltr'>ordinaria,</span> <span class='ocrx_word' id='word_1_21' title='bbox 256 518 297 573; x_wconf 83' lang='lat' dir='ltr'>ita</span> <span class='ocrx_word' id='word_1_22' title='bbox 313 535 424 591; x_wconf 88' lang='lat' dir='ltr'>qnoque</span> <span class='ocrx_word' id='word_1_23' title='bbox 436 519 570 594; x_wconf 83' lang='lat' dir='ltr'>absoluta</span> <span class='ocrx_word' id='word_1_24' title='bbox 595 517 624 573; x_wconf 86' lang='lat' dir='ltr'>si</span> <span class='ocrx_word' id='word_1_25' title='bbox 643 519 782 573; x_wconf 87' lang='lat' dir='ltr'>ordinaria</span> <span class='ocrx_word' id='word_1_26' title='bbox 800 519 924 591; x_wconf 87' lang='lat' dir='ltr'>potentia</span> <span class='ocrx_word' id='word_1_27' title='bbox 952 518 1095 571; x_wconf 75' lang='lat' dir='ltr'>connectat</span> <span class='ocrx_word' id='word_1_28' title='bbox 1114 518 1175 587; x_wconf 82' lang='lat' dir='ltr'>ejas</span> <span class='ocrx_word' id='word_1_29' title='bbox 1192 519 1306 573; x_wconf 70' lang='lat' dir='ltr'>catast</span> <span class='ocrx_word' id='word_1_30' title='bbox 1322 527 1347 572; x_wconf 89' lang='lat' dir='ltr'>et</span> <span class='ocrx_word' id='word_1_31' title='bbox 1358 520 1497 588; x_wconf 73' lang='lat' dir='ltr'>justitiae.</span> <span class='ocrx_word' id='word_1_32' title='bbox 1521 518 1621 577; x_wconf 84' lang='lat' dir='ltr'>Pulcra</span> <span class='ocrx_word' id='word_1_33' title='bbox 1639 520 1785 578; x_wconf 87' lang='lat' dir='ltr'>Humbert.</span> 
     </span>
     <span class='ocr_line' id='line_1_4' title="bbox 88 601 1787 676; baseline 0.002 -18"><span class='ocrx_word' id='word_1_34' title='bbox 88 603 228 674; x_wconf 73' lang='lat' dir='ltr'>accipitur</span> <span class='ocrx_word' id='word_1_35' title='bbox 244 614 368 676; x_wconf 73' lang='lat' dir='ltr'>respecta</span> <span class='ocrx_word' id='word_1_36' title='bbox 389 607 499 660; x_wconf 74' lang='lat' dir='ltr'>ordinm</span> <span class='ocrx_word' id='word_1_37' title='bbox 516 607 546 658; x_wconf 79' lang='lat' dir='ltr'>ia</span> <span class='ocrx_word' id='word_1_38' title='bbox 565 613 667 658; x_wconf 81' lang='lat' dir='ltr'>natura</span> <span class='ocrx_word' id='word_1_39' title='bbox 684 607 818 664; x_wconf 75' lang='lat' dir='ltr'>instanti.</span> <span class='ocrx_word' id='word_1_40' title='bbox 847 606 925 662; x_wconf 86' lang='lat' dir='ltr'>Deus</span> <span class='ocrx_word' id='word_1_41' title='bbox 952 601 1027 674; x_wconf 85' lang='lat' dir='ltr'>Sylv.</span> <span class='ocrx_word' id='word_1_42' title='bbox 1048 603 1164 658; x_wconf 87' lang='lat' dir='ltr'>Candid.</span> <span class='ocrx_word' id='word_1_43' title='bbox 1191 603 1275 675; x_wconf 87' lang='lat' dir='ltr'>episc.</span> <span class='ocrx_word' id='word_1_44' title='bbox 1302 604 1331 658; x_wconf 94' lang='lat' dir='ltr'>in</span> <span class='ocrx_word' id='word_1_45' title='bbox 1354 604 1540 676; x_wconf 86' lang='lat' dir='ltr'>disputatione</span> <span class='ocrx_word' id='word_1_46' title='bbox 1567 607 1628 661; x_wconf 92' lang='lat' dir='ltr'>adv.</span> <span class='ocrx_word' id='word_1_47' title='bbox 1651 606 1787 663; x_wconf 83' lang='lat' dir='ltr'>Graecos:</span> 
     </span>
     <span class='ocr_line' id='line_1_5' title="bbox 89 689 1784 763; baseline 0.003 -20"><span class='ocrx_word' id='word_1_48' title='bbox 89 689 202 745; x_wconf 86' lang='lat' dir='ltr'>omnino</span> <span class='ocrx_word' id='word_1_49' title='bbox 219 691 279 763; x_wconf 84' lang='lat' dir='ltr'>agit</span> <span class='ocrx_word' id='word_1_50' title='bbox 295 692 462 763; x_wconf 86' lang='lat' dir='ltr'>quandoque</span> <span class='ocrx_word' id='word_1_51' title='bbox 477 693 560 761; x_wconf 88' lang='lat' dir='ltr'>juxta</span> <span class='ocrx_word' id='word_1_52' title='bbox 579 691 735 746; x_wconf 72' lang='lat' dir='ltr'><strong>absolutam</strong></span> <span class='ocrx_word' id='word_1_53' title='bbox 753 697 782 747; x_wconf 89' lang='lat' dir='ltr'>et</span> <span class='ocrx_word' id='word_1_54' title='bbox 806 697 925 746; x_wconf 85' lang='lat' dir='ltr'>extraor·</span> <span class='ocrx_word' id='word_1_55' title='bbox 955 691 1000 759; x_wconf 78' lang='lat' dir='ltr'>Hi,</span> <span class='ocrx_word' id='word_1_56' title='bbox 1022 689 1119 760; x_wconf 92' lang='lat' dir='ltr'>inquit,</span> <span class='ocrx_word' id='word_1_57' title='bbox 1139 709 1193 744; x_wconf 84' lang='lat' dir='ltr'>non</span> <span class='ocrx_word' id='word_1_58' title='bbox 1214 690 1381 744; x_wconf 78' lang='lat' dir='ltr'>invenientes</span> <span class='ocrx_word' id='word_1_59' title='bbox 1403 709 1522 760; x_wconf 80' lang='lat' dir='ltr'>quonam</span> <span class='ocrx_word' id='word_1_60' title='bbox 1535 703 1696 747; x_wconf 78' lang='lat' dir='ltr'>sanctarum</span> <span class='ocrx_word' id='word_1_61' title='bbox 1709 695 1784 748; x_wconf 74' lang='lat' dir='ltr'>Smi-</span> 
     </span>
     <span class='ocr_line' id='line_1_6' title="bbox 72 774 1788 861; baseline 0.003 -32"><span class='ocrx_word' id='word_1_62' title='bbox 72 774 227 861; x_wconf 65' lang='lat' dir='ltr'>⁶dinariam</span> <span class='ocrx_word' id='word_1_63' title='bbox 250 795 328 833; x_wconf 90' lang='lat' dir='ltr'>suam</span> <span class='ocrx_word' id='word_1_64' title='bbox 356 779 520 850; x_wconf 72' lang='lat' dir='ltr'>potentiam,</span> <span class='ocrx_word' id='word_1_65' title='bbox 547 779 570 832; x_wconf 94' lang='lat' dir='ltr'>si</span> <span class='ocrx_word' id='word_1_66' title='bbox 587 795 653 833; x_wconf 88' lang='lat' dir='ltr'>vero</span> <span class='ocrx_word' id='word_1_67' title='bbox 672 777 811 833; x_wconf 90' lang='lat' dir='ltr'>ordinaria</span> <span class='ocrx_word' id='word_1_68' title='bbox 829 785 924 850; x_wconf 84' lang='lat' dir='ltr'>poten-</span> <span class='ocrx_word' id='word_1_69' title='bbox 948 784 1099 845; x_wconf 81' lang='lat' dir='ltr'>pturarsm</span> <span class='ocrx_word' id='word_1_70' title='bbox 1109 777 1243 842; x_wconf 79' lang='lat' dir='ltr'>funiculo</span> <span class='ocrx_word' id='word_1_71' title='bbox 1262 779 1397 847; x_wconf 77' lang='lat' dir='ltr'>scapham</span> <span class='ocrx_word' id='word_1_72' title='bbox 1413 780 1576 833; x_wconf 77' lang='lat' dir='ltr'>assertionis</span> <span class='ocrx_word' id='word_1_73' title='bbox 1594 798 1661 834; x_wconf 75' lang='lat' dir='ltr'>sesae</span> <span class='ocrx_word' id='word_1_74' title='bbox 1675 790 1788 850; x_wconf 81' lang='lat' dir='ltr'>pertra-</span> 
     </span>
     <span class='ocr_line' id='line_1_7' title="bbox 90 861 1787 936; baseline 0.004 -22"><span class='ocrx_word' id='word_1_75' title='bbox 90 861 131 915; x_wconf 90' lang='lat' dir='ltr'>tia</span> <span class='ocrx_word' id='word_1_76' title='bbox 148 862 301 932; x_wconf 82' lang='lat' dir='ltr'>accipiatur</span> <span class='ocrx_word' id='word_1_77' title='bbox 323 873 449 934; x_wconf 80' lang='lat' dir='ltr'>respecta</span> <span class='ocrx_word' id='word_1_78' title='bbox 468 866 640 934; x_wconf 79' lang='lat' dir='ltr'>reliquorum</span> <span class='ocrx_word' id='word_1_79' title='bbox 664 866 821 919; x_wconf 79' lang='lat' dir='ltr'>divinornm</span> <span class='ocrx_word' id='word_1_80' title='bbox 845 865 926 918; x_wconf 77' lang='lat' dir='ltr'>attri-</span> <span class='ocrx_word' id='word_1_81' title='bbox 953 862 1020 915; x_wconf 72' lang='lat' dir='ltr'>aava</span> <span class='ocrx_word' id='word_1_82' title='bbox 1036 865 1078 916; x_wconf 85' lang='lat' dir='ltr'>ad</span> <span class='ocrx_word' id='word_1_83' title='bbox 1095 863 1219 934; x_wconf 80' lang='lat' dir='ltr'>alicujus</span> <span class='ocrx_word' id='word_1_84' title='bbox 1239 865 1403 918; x_wconf 65' lang='lat' dir='ltr'>stabilitatis</span> <span class='ocrx_word' id='word_1_85' title='bbox 1421 866 1499 919; x_wconf 79' lang='lat' dir='ltr'>littus</span> <span class='ocrx_word' id='word_1_86' title='bbox 1513 867 1708 936; x_wconf 74' lang='lat' dir='ltr'>prolaetanma</span> <span class='ocrx_word' id='word_1_87' title='bbox 1721 885 1787 936; x_wconf 83' lang='lat' dir='ltr'>per·</span> 
     </span>
     <span class='ocr_line' id='line_1_8' title="bbox 90 948 1787 1022; baseline 0.004 -21"><span class='ocrx_word' id='word_1_88' title='bbox 90 948 227 1017; x_wconf 75' lang='lat' dir='ltr'>amorum,</span> <span class='ocrx_word' id='word_1_89' title='bbox 243 949 320 1005; x_wconf 88' lang='lat' dir='ltr'>Deus</span> <span class='ocrx_word' id='word_1_90' title='bbox 338 968 394 1005; x_wconf 88' lang='lat' dir='ltr'>uon</span> <span class='ocrx_word' id='word_1_91' title='bbox 414 951 474 1022; x_wconf 90' lang='lat' dir='ltr'>agit</span> <span class='ocrx_word' id='word_1_92' title='bbox 492 952 642 1007; x_wconf 87' lang='lat' dir='ltr'>secundum</span> <span class='ocrx_word' id='word_1_93' title='bbox 660 951 815 1007; x_wconf 89' lang='lat' dir='ltr'>absolutam</span> <span class='ocrx_word' id='word_1_94' title='bbox 831 958 925 1022; x_wconf 89' lang='lat' dir='ltr'>poten·</span> <span class='ocrx_word' id='word_1_95' title='bbox 953 948 1100 1002; x_wconf 81' lang='lat' dir='ltr'>trabantm·</span> <span class='ocrx_word' id='word_1_96' title='bbox 1125 950 1155 1001; x_wconf 84' lang='lat' dir='ltr'>ia</span> <span class='ocrx_word' id='word_1_97' title='bbox 1184 950 1259 1003; x_wconf 81' lang='lat' dir='ltr'>illud</span> <span class='ocrx_word' id='word_1_98' title='bbox 1288 952 1501 1020; x_wconf 70' lang='lat' dir='ltr'><em>omnipotentiae</em></span> <span class='ocrx_word' id='word_1_99' title='bbox 1525 953 1638 1007; x_wconf 77' lang='lat' dir='ltr'>divinae</span> <span class='ocrx_word' id='word_1_100' title='bbox 1660 954 1787 1022; x_wconf 75' lang='lat' dir='ltr'>pelopia.</span> 
     </span>
     <span class='ocr_line' id='line_1_9' title="bbox 90 1033 1786 1094; baseline 0.002 -6"><span class='ocrx_word' id='word_1_101' title='bbox 90 1034 167 1089; x_wconf 85' lang='lat' dir='ltr'>tiam</span> <span class='ocrx_word' id='word_1_102' title='bbox 954 1033 1055 1090; x_wconf 90' lang='lat' dir='ltr'>Confer</span> <span class='ocrx_word' id='word_1_103' title='bbox 1081 1035 1199 1090; x_wconf 87' lang='lat' dir='ltr'>Casanb.</span> <span class='ocrx_word' id='word_1_104' title='bbox 1231 1037 1340 1092; x_wconf 76' lang='lat' dir='ltr'>exercit</span> <span class='ocrx_word' id='word_1_105' title='bbox 1361 1044 1384 1092; x_wconf 83' lang='grc'>7.</span> <span class='ocrx_word' id='word_1_106' title='bbox 1413 1038 1449 1091; x_wconf 86' lang='lat' dir='ltr'>ad</span> <span class='ocrx_word' id='word_1_107' title='bbox 1476 1039 1567 1094; x_wconf 89' lang='lat' dir='ltr'>annal.</span> <span class='ocrx_word' id='word_1_108' title='bbox 1591 1039 1690 1094; x_wconf 87' lang='lat' dir='ltr'>Baron.</span> <span class='ocrx_word' id='word_1_109' title='bbox 1717 1056 1740 1094; x_wconf 92' lang='lat' dir='ltr'>c.</span> <span class='ocrx_word' id='word_1_110' title='bbox 1765 1045 1786 1093; x_wconf 89' lang='grc'>1.</span> 
     </span>
     <span class='ocr_line' id='line_1_10' title="bbox 125 1120 1787 1195; baseline 0.001 -17"><span class='ocrx_word' id='word_1_111' title='bbox 125 1127 184 1178; x_wconf 79' lang='grc'><strong>2111.</strong></span> <span class='ocrx_word' id='word_1_112' title='bbox 220 1121 272 1187; x_wconf 84' lang='lat' dir='ltr'>Qu.</span> <span class='ocrx_word' id='word_1_113' title='bbox 291 1128 317 1179; x_wconf 82' lang='lat' dir='ltr'>h.</span> <span class='ocrx_word' id='word_1_114' title='bbox 353 1124 400 1177; x_wconf 79' lang='lat' dir='ltr'>Aa</span> <span class='ocrx_word' id='word_1_115' title='bbox 420 1141 451 1178; x_wconf 79' lang='lat' dir='ltr'>ss</span> <span class='ocrx_word' id='word_1_116' title='bbox 469 1126 528 1178; x_wconf 83' lang='lat' dir='ltr'>Dei</span> <span class='ocrx_word' id='word_1_117' title='bbox 546 1125 744 1193; x_wconf 79' lang='lat' dir='ltr'>omnipotentia</span> <span class='ocrx_word' id='word_1_118' title='bbox 769 1127 800 1177; x_wconf 84' lang='lat' dir='ltr'>in</span> <span class='ocrx_word' id='word_1_119' title='bbox 824 1125 927 1177; x_wconf 76' lang='lat' dir='ltr'>artica-</span> <span class='ocrx_word' id='word_1_120' title='bbox 955 1120 1127 1192; x_wconf 88' lang='lat' dir='ltr'>Opponeuda</span> <span class='ocrx_word' id='word_1_121' title='bbox 1144 1122 1213 1177; x_wconf 91' lang='lat' dir='ltr'>haec</span> <span class='ocrx_word' id='word_1_122' title='bbox 1230 1129 1296 1179; x_wconf 92' lang='lat' dir='ltr'>sunt</span> <span class='ocrx_word' id='word_1_123' title='bbox 1316 1125 1486 1193; x_wconf 64' lang='lat' dir='ltr'>Pontificiis,</span> <span class='ocrx_word' id='word_1_124' title='bbox 1510 1125 1556 1195; x_wconf 91' lang='lat' dir='ltr'>qui</span> <span class='ocrx_word' id='word_1_125' title='bbox 1582 1126 1787 1180; x_wconf 89' lang='lat' dir='ltr'>transsubstan-</span> 
     </span>
     <span class='ocr_line' id='line_1_11' title="bbox 90 1205 1787 1282; baseline 0.004 -21"><span class='ocrx_word' id='word_1_126' title='bbox 90 1208 129 1262; x_wconf 81' lang='lat' dir='ltr'>lis</span> <span class='ocrx_word' id='word_1_127' title='bbox 140 1208 423 1278; x_wconf 67' lang='lat' dir='ltr'>jidcistrpmmentnm</span> <span class='ocrx_word' id='word_1_128' title='bbox 440 1211 477 1264; x_wconf 80' lang='lat' dir='ltr'>ait</span> <span class='ocrx_word' id='word_1_129' title='bbox 496 1213 675 1265; x_wconf 55' lang='lat' dir='ltr'>ducenasmf</span> <span class='ocrx_word' id='word_1_130' title='bbox 702 1209 786 1282; x_wconf 85' lang='lat' dir='ltr'>Resp.</span> <span class='ocrx_word' id='word_1_131' title='bbox 822 1210 926 1266; x_wconf 85' lang='lat' dir='ltr'>Haere-</span> <span class='ocrx_word' id='word_1_132' title='bbox 953 1205 1074 1262; x_wconf 80' lang='lat' dir='ltr'>tiatiouis</span> <span class='ocrx_word' id='word_1_133' title='bbox 1092 1207 1255 1279; x_wconf 83' lang='lat' dir='ltr'>figmentum</span> <span class='ocrx_word' id='word_1_134' title='bbox 1273 1208 1392 1280; x_wconf 88' lang='lat' dir='ltr'>probant</span> <span class='ocrx_word' id='word_1_135' title='bbox 1410 1226 1443 1264; x_wconf 88' lang='lat' dir='ltr'>ex</span> <span class='ocrx_word' id='word_1_136' title='bbox 1462 1227 1509 1279; x_wconf 88' lang='lat' dir='ltr'>eo,</span> <span class='ocrx_word' id='word_1_137' title='bbox 1534 1214 1611 1281; x_wconf 81' lang='lat' dir='ltr'>qaod</span> <span class='ocrx_word' id='word_1_138' title='bbox 1628 1214 1707 1266; x_wconf 81' lang='lat' dir='ltr'>Deus</span> <span class='ocrx_word' id='word_1_139' title='bbox 1722 1231 1787 1282; x_wconf 82' lang='lat' dir='ltr'>pos·</span> 
     </span>
     <span class='ocr_line' id='line_1_12' title="bbox 89 1293 1787 1371; baseline 0.004 -23"><span class='ocrx_word' id='word_1_140' title='bbox 89 1293 140 1349; x_wconf 90' lang='lat' dir='ltr'>tici</span> <span class='ocrx_word' id='word_1_141' title='bbox 169 1310 232 1349; x_wconf 89' lang='lat' dir='ltr'>cum</span> <span class='ocrx_word' id='word_1_142' title='bbox 261 1295 393 1366; x_wconf 88' lang='lat' dir='ltr'>dogmata</span> <span class='ocrx_word' id='word_1_143' title='bbox 417 1314 468 1351; x_wconf 89' lang='lat' dir='ltr'>sua</span> <span class='ocrx_word' id='word_1_144' title='bbox 494 1313 526 1352; x_wconf 87' lang='lat' dir='ltr'>ex</span> <span class='ocrx_word' id='word_1_145' title='bbox 554 1296 698 1368; x_wconf 76' lang='lat' dir='ltr'>Scriptura</span> <span class='ocrx_word' id='word_1_146' title='bbox 725 1297 843 1369; x_wconf 88' lang='lat' dir='ltr'>probare</span> <span class='ocrx_word' id='word_1_147' title='bbox 871 1314 927 1353; x_wconf 89' lang='lat' dir='ltr'>non</span> <span class='ocrx_word' id='word_1_148' title='bbox 954 1295 991 1347; x_wconf 83' lang='lat' dir='ltr'>sit</span> <span class='ocrx_word' id='word_1_149' title='bbox 1007 1295 1165 1348; x_wconf 72' lang='lat' dir='ltr'>academia</span> <span class='ocrx_word' id='word_1_150' title='bbox 1182 1296 1559 1366; x_wconf 72' lang='lat' dir='ltr'>ainesaby&#39;ectacamemare,</span> <span class='ocrx_word' id='word_1_151' title='bbox 1578 1298 1681 1371; x_wconf 88' lang='lat' dir='ltr'>quique</span> <span class='ocrx_word' id='word_1_152' title='bbox 1694 1300 1787 1355; x_wconf 86' lang='lat' dir='ltr'>absur-</span> 
     </span>
     <span class='ocr_line' id='line_1_13' title="bbox 90 1379 1788 1456; baseline 0.002 -22"><span class='ocrx_word' id='word_1_153' title='bbox 90 1386 218 1451; x_wconf 88' lang='lat' dir='ltr'>posseut,</span> <span class='ocrx_word' id='word_1_154' title='bbox 245 1381 282 1436; x_wconf 89' lang='lat' dir='ltr'>ad</span> <span class='ocrx_word' id='word_1_155' title='bbox 306 1382 459 1453; x_wconf 81' lang='lat' dir='ltr'>potentiam</span> <span class='ocrx_word' id='word_1_156' title='bbox 476 1383 531 1438; x_wconf 90' lang='lat' dir='ltr'>Dei</span> <span class='ocrx_word' id='word_1_157' title='bbox 554 1382 711 1439; x_wconf 71' lang='lat' dir='ltr'><strong>absolutam</strong></span> <span class='ocrx_word' id='word_1_158' title='bbox 734 1383 927 1455; x_wconf 87' lang='lat' dir='ltr'>confugerunt,</span> <span class='ocrx_word' id='word_1_159' title='bbox 954 1379 1081 1435; x_wconf 89' lang='lat' dir='ltr'>dissimas</span> <span class='ocrx_word' id='word_1_160' title='bbox 1109 1381 1219 1435; x_wconf 79' lang='lat' dir='ltr'>fabulas</span> <span class='ocrx_word' id='word_1_161' title='bbox 1247 1389 1274 1436; x_wconf 87' lang='lat' dir='ltr'>et</span> <span class='ocrx_word' id='word_1_162' title='bbox 1301 1381 1388 1436; x_wconf 88' lang='lat' dir='ltr'>aniles</span> <span class='ocrx_word' id='word_1_163' title='bbox 1415 1383 1608 1439; x_wconf 88' lang='lat' dir='ltr'>monachorum</span> <span class='ocrx_word' id='word_1_164' title='bbox 1635 1401 1724 1456; x_wconf 90' lang='lat' dir='ltr'>nugas</span> <span class='ocrx_word' id='word_1_165' title='bbox 1754 1384 1788 1438; x_wconf 90' lang='lat' dir='ltr'>de</span> 
     </span>
     <span class='ocr_line' id='line_1_14' title="bbox 92 1465 1788 1537; baseline 0.004 -18"><span class='ocrx_word' id='word_1_166' title='bbox 92 1465 169 1537; x_wconf 89' lang='lat' dir='ltr'>quod</span> <span class='ocrx_word' id='word_1_167' title='bbox 195 1467 230 1522; x_wconf 90' lang='lat' dir='ltr'>de</span> <span class='ocrx_word' id='word_1_168' title='bbox 255 1468 428 1523; x_wconf 67' lang='lat' dir='ltr'>sabellianis</span> <span class='ocrx_word' id='word_1_169' title='bbox 451 1469 566 1525; x_wconf 81' lang='lat' dir='ltr'>Tertull.</span> <span class='ocrx_word' id='word_1_170' title='bbox 595 1469 644 1530; x_wconf 80' lang='lat' dir='ltr'>lib,</span> <span class='ocrx_word' id='word_1_171' title='bbox 672 1475 768 1526; x_wconf 74' lang='lat' dir='ltr'>eontra</span> <span class='ocrx_word' id='word_1_172' title='bbox 791 1470 927 1526; x_wconf 69' lang='lat' dir='ltr'>Pramum</span> <span class='ocrx_word' id='word_1_173' title='bbox 953 1466 1093 1520; x_wconf 87' lang='lat' dir='ltr'>miraculis</span> <span class='ocrx_word' id='word_1_174' title='bbox 1105 1473 1262 1521; x_wconf 89' lang='lat' dir='ltr'>sanctorum</span> <span class='ocrx_word' id='word_1_175' title='bbox 1275 1466 1304 1520; x_wconf 91' lang='lat' dir='ltr'>in</span> <span class='ocrx_word' id='word_1_176' title='bbox 1316 1467 1464 1523; x_wconf 85' lang='lat' dir='ltr'>Lombard.</span> <span class='ocrx_word' id='word_1_177' title='bbox 1477 1469 1540 1524; x_wconf 84' lang='lat' dir='ltr'>hist.</span> <span class='ocrx_word' id='word_1_178' title='bbox 1556 1472 1696 1525; x_wconf 85' lang='lat' dir='ltr'>annotatis</span> <span class='ocrx_word' id='word_1_179' title='bbox 1709 1470 1788 1525; x_wconf 90' lang='lat' dir='ltr'>unice</span> 
     </span>
     <span class='ocr_line' id='line_1_15' title="bbox 93 1553 1787 1627; baseline 0.002 -22"><span class='ocrx_word' id='word_1_180' title='bbox 93 1569 118 1605; x_wconf 91' lang='lat' dir='ltr'>c.</span> <span class='ocrx_word' id='word_1_181' title='bbox 131 1559 172 1609; x_wconf 86' lang='lat'>10.</span> <span class='ocrx_word' id='word_1_182' title='bbox 189 1553 224 1608; x_wconf 84' lang='lat' dir='ltr'>de</span> <span class='ocrx_word' id='word_1_183' title='bbox 237 1553 417 1610; x_wconf 80' lang='lat' dir='ltr'>Manichaeis</span> <span class='ocrx_word' id='word_1_184' title='bbox 428 1555 548 1627; x_wconf 78' lang='lat' dir='ltr'><em>August.</em></span> <span class='ocrx_word' id='word_1_185' title='bbox 568 1555 616 1611; x_wconf 89' lang='lat' dir='ltr'>lib.</span> <span class='ocrx_word' id='word_1_186' title='bbox 630 1561 670 1612; x_wconf 88' lang='grc'><strong>26.</strong></span> <span class='ocrx_word' id='word_1_187' title='bbox 683 1562 779 1612; x_wconf 89' lang='lat' dir='ltr'>contra</span> <span class='ocrx_word' id='word_1_188' title='bbox 793 1557 928 1612; x_wconf 78' lang='lat' dir='ltr'>Faustum</span> <span class='ocrx_word' id='word_1_189' title='bbox 954 1558 1067 1606; x_wconf 88' lang='lat' dir='ltr'>tuentur</span> <span class='ocrx_word' id='word_1_190' title='bbox 1093 1559 1257 1624; x_wconf 87' lang='lat' dir='ltr'>argumento</span> <span class='ocrx_word' id='word_1_191' title='bbox 1283 1553 1319 1608; x_wconf 92' lang='lat' dir='ltr'>ab</span> <span class='ocrx_word' id='word_1_192' title='bbox 1349 1555 1549 1624; x_wconf 89' lang='lat' dir='ltr'>omnipotentia</span> <span class='ocrx_word' id='word_1_193' title='bbox 1576 1556 1670 1611; x_wconf 88' lang='lat' dir='ltr'>divina</span> <span class='ocrx_word' id='word_1_194' title='bbox 1692 1557 1787 1627; x_wconf 87' lang='lat' dir='ltr'>petito.</span> 
     </span>
     <span class='ocr_line' id='line_1_16' title="bbox 59 1639 1790 1710; baseline 0.003 -18"><span class='ocrx_word' id='word_1_195' title='bbox 59 1642 71 1692; x_wconf 70' lang='lat'>.‘</span> <span class='ocrx_word' id='word_1_196' title='bbox 93 1659 118 1696; x_wconf 83' lang='lat' dir='ltr'>a.</span> <span class='ocrx_word' id='word_1_197' title='bbox 145 1651 168 1699; x_wconf 77' lang='lat'>5.</span> <span class='ocrx_word' id='word_1_198' title='bbox 197 1647 226 1697; x_wconf 87' lang='lat' dir='ltr'>et</span> <span class='ocrx_word' id='word_1_199' title='bbox 257 1642 292 1696; x_wconf 80' lang='lat' dir='ltr'>de</span> <span class='ocrx_word' id='word_1_200' title='bbox 319 1644 503 1710; x_wconf 72' lang='lat' dir='ltr'>Empcls&#39;anis</span> <span class='ocrx_word' id='word_1_201' title='bbox 532 1643 667 1699; x_wconf 68' lang='lat' dir='ltr'>Theodor,</span> <span class='ocrx_word' id='word_1_202' title='bbox 698 1642 772 1700; x_wconf 68' lang='lat' dir='ltr'>Dinl,</span> <span class='ocrx_word' id='word_1_203' title='bbox 803 1649 827 1697; x_wconf 83' lang='lat'>3.</span> <span class='ocrx_word' id='word_1_204' title='bbox 855 1648 928 1698; x_wconf 75' lang='lat' dir='ltr'>cont</span> <span class='ocrx_word' id='word_1_205' title='bbox 955 1639 1055 1693; x_wconf 88' lang='lat' dir='ltr'>Baron.</span> <span class='ocrx_word' id='word_1_206' title='bbox 1087 1639 1114 1693; x_wconf 91' lang='lat' dir='ltr'>in</span> <span class='ocrx_word' id='word_1_207' title='bbox 1146 1639 1261 1694; x_wconf 85' lang='lat' dir='ltr'>historia</span> <span class='ocrx_word' id='word_1_208' title='bbox 1290 1658 1353 1694; x_wconf 90' lang='lat' dir='ltr'>ann.</span> <span class='ocrx_word' id='word_1_209' title='bbox 1386 1649 1410 1696; x_wconf 82' lang='grc'>9.</span> <span class='ocrx_word' id='word_1_210' title='bbox 1442 1641 1644 1698; x_wconf 77' lang='lat' dir='ltr'>idololatricam</span> <span class='ocrx_word' id='word_1_211' title='bbox 1674 1645 1790 1697; x_wconf 81' lang='lat' dir='ltr'>Mariae</span> 
     </span>
     <span class='ocr_line' id='line_1_17' title="bbox 91 1726 1788 1801; baseline 0.001 -19"><span class='ocrx_word' id='word_1_212' title='bbox 91 1728 241 1800; x_wconf 82' lang='lat' dir='ltr'>Eutychen</span> <span class='ocrx_word' id='word_1_213' title='bbox 258 1735 457 1798; x_wconf 79' lang='lat' dir='ltr'>memorarunt,</span> <span class='ocrx_word' id='word_1_214' title='bbox 480 1729 530 1783; x_wconf 89' lang='lat' dir='ltr'>sed</span> <span class='ocrx_word' id='word_1_215' title='bbox 549 1729 577 1783; x_wconf 95' lang='lat' dir='ltr'>in</span> <span class='ocrx_word' id='word_1_216' title='bbox 594 1728 659 1785; x_wconf 86' lang='lat' dir='ltr'>fidei</span> <span class='ocrx_word' id='word_1_217' title='bbox 675 1728 813 1801; x_wconf 82' lang='lat' dir='ltr'>mysteriis</span> <span class='ocrx_word' id='word_1_218' title='bbox 839 1729 928 1800; x_wconf 83' lang='lat' dir='ltr'>primo</span> <span class='ocrx_word' id='word_1_219' title='bbox 957 1728 1135 1779; x_wconf 73' lang='lat' dir='ltr'>[maratanae</span> <span class='ocrx_word' id='word_1_220' title='bbox 1151 1727 1257 1780; x_wconf 87' lang='lat' dir='ltr'>cultum</span> <span class='ocrx_word' id='word_1_221' title='bbox 1268 1726 1433 1782; x_wconf 87' lang='lat' dir='ltr'>defensurus</span> <span class='ocrx_word' id='word_1_222' title='bbox 1449 1745 1482 1782; x_wconf 91' lang='lat' dir='ltr'>ac</span> <span class='ocrx_word' id='word_1_223' title='bbox 1500 1728 1624 1784; x_wconf 89' lang='lat' dir='ltr'>fabulam</span> <span class='ocrx_word' id='word_1_224' title='bbox 1644 1730 1679 1784; x_wconf 90' lang='lat' dir='ltr'>de</span> <span class='ocrx_word' id='word_1_225' title='bbox 1698 1730 1788 1784; x_wconf 89' lang='lat' dir='ltr'>multi·</span> 
     </span>
     <span class='ocr_line' id='line_1_18' title="bbox 93 1812 1788 1888; baseline 0.001 -17"><span class='ocrx_word' id='word_1_226' title='bbox 93 1815 216 1871; x_wconf 85' lang='lat' dir='ltr'>omnium</span> <span class='ocrx_word' id='word_1_227' title='bbox 236 1818 271 1869; x_wconf 84' lang='lat' dir='ltr'>de</span> <span class='ocrx_word' id='word_1_228' title='bbox 290 1817 348 1870; x_wconf 80' lang='lat' dir='ltr'>Dei</span> <span class='ocrx_word' id='word_1_229' title='bbox 366 1817 506 1871; x_wconf 79' lang='lat' dir='ltr'>voluntate</span> <span class='ocrx_word' id='word_1_230' title='bbox 523 1833 555 1871; x_wconf 89' lang='lat' dir='ltr'>ex</span> <span class='ocrx_word' id='word_1_231' title='bbox 575 1815 660 1871; x_wconf 89' lang='lat' dir='ltr'>verbo</span> <span class='ocrx_word' id='word_1_232' title='bbox 681 1816 803 1878; x_wconf 81' lang='lat' dir='ltr'>revelato</span> <span class='ocrx_word' id='word_1_233' title='bbox 827 1833 927 1888; x_wconf 89' lang='lat' dir='ltr'>cogno·</span> <span class='ocrx_word' id='word_1_234' title='bbox 954 1812 1031 1866; x_wconf 86' lang='lat' dir='ltr'>varia</span> <span class='ocrx_word' id='word_1_235' title='bbox 1050 1830 1175 1868; x_wconf 87' lang='lat' dir='ltr'>camerae</span> <span class='ocrx_word' id='word_1_236' title='bbox 1193 1813 1267 1867; x_wconf 89' lang='lat' dir='ltr'>illius</span> <span class='ocrx_word' id='word_1_237' title='bbox 1284 1815 1465 1872; x_wconf 84' lang='lat' dir='ltr'>translatione</span> <span class='ocrx_word' id='word_1_238' title='bbox 1482 1823 1637 1871; x_wconf 87' lang='lat' dir='ltr'>asserturus</span> <span class='ocrx_word' id='word_1_239' title='bbox 1655 1817 1691 1871; x_wconf 87' lang='lat' dir='ltr'>ad</span> <span class='ocrx_word' id='word_1_240' title='bbox 1704 1817 1788 1873; x_wconf 87' lang='lat' dir='ltr'>omni·</span> 
     </span>
     <span class='ocr_line' id='line_1_19' title="bbox 92 1899 1788 1976; baseline 0.002 -22"><span class='ocrx_word' id='word_1_241' title='bbox 92 1901 199 1957; x_wconf 87' lang='lat' dir='ltr'>scenda</span> <span class='ocrx_word' id='word_1_242' title='bbox 216 1900 326 1957; x_wconf 76' lang='lat' dir='ltr'>solliciti</span> <span class='ocrx_word' id='word_1_243' title='bbox 344 1919 405 1959; x_wconf 87' lang='lat' dir='ltr'>esse</span> <span class='ocrx_word' id='word_1_244' title='bbox 421 1902 565 1958; x_wconf 88' lang='lat' dir='ltr'>debemus.</span> <span class='ocrx_word' id='word_1_245' title='bbox 585 1902 697 1974; x_wconf 88' lang='lat' dir='ltr'>quando</span> <span class='ocrx_word' id='word_1_246' title='bbox 708 1903 766 1972; x_wconf 87' lang='lat' dir='ltr'>jam</span> <span class='ocrx_word' id='word_1_247' title='bbox 785 1901 820 1955; x_wconf 94' lang='lat' dir='ltr'>de</span> <span class='ocrx_word' id='word_1_248' title='bbox 833 1901 928 1956; x_wconf 87' lang='lat' dir='ltr'>volnu-</span> <span class='ocrx_word' id='word_1_249' title='bbox 954 1899 1094 1969; x_wconf 84' lang='lat' dir='ltr'>potentiae</span> <span class='ocrx_word' id='word_1_250' title='bbox 1117 1900 1227 1970; x_wconf 81' lang='lat' dir='ltr'>asylum</span> <span class='ocrx_word' id='word_1_251' title='bbox 1251 1900 1332 1955; x_wconf 90' lang='lat' dir='ltr'>unice</span> <span class='ocrx_word' id='word_1_252' title='bbox 1358 1901 1491 1973; x_wconf 88' lang='lat' dir='ltr'>confugit.</span> <span class='ocrx_word' id='word_1_253' title='bbox 1531 1905 1590 1957; x_wconf 83' lang='lat' dir='ltr'>Nec</span> <span class='ocrx_word' id='word_1_254' title='bbox 1613 1913 1653 1957; x_wconf 86' lang='lat' dir='ltr'>est</span> <span class='ocrx_word' id='word_1_255' title='bbox 1675 1904 1788 1976; x_wconf 88' lang='lat' dir='ltr'>(inquit)</span> 
     </span>
     <span class='ocr_line' id='line_1_20' title="bbox 93 1986 1790 2061; baseline 0.002 -19"><span class='ocrx_word' id='word_1_256' title='bbox 93 1993 152 2043; x_wconf 90' lang='lat' dir='ltr'>tate</span> <span class='ocrx_word' id='word_1_257' title='bbox 168 1987 223 2042; x_wconf 93' lang='lat' dir='ltr'>Dei</span> <span class='ocrx_word' id='word_1_258' title='bbox 240 2004 275 2042; x_wconf 87' lang='lat' dir='ltr'>ex</span> <span class='ocrx_word' id='word_1_259' title='bbox 291 1988 375 2043; x_wconf 89' lang='lat' dir='ltr'>verbo</span> <span class='ocrx_word' id='word_1_260' title='bbox 392 1989 513 2043; x_wconf 86' lang='lat' dir='ltr'>revelato</span> <span class='ocrx_word' id='word_1_261' title='bbox 533 1994 659 2057; x_wconf 90' lang='lat' dir='ltr'>constat,</span> <span class='ocrx_word' id='word_1_262' title='bbox 678 1993 744 2042; x_wconf 88' lang='lat' dir='ltr'>tunc</span> <span class='ocrx_word' id='word_1_263' title='bbox 763 1987 928 2043; x_wconf 87' lang='lat' dir='ltr'>adversariis</span> <span class='ocrx_word' id='word_1_264' title='bbox 955 1987 1031 2055; x_wconf 79' lang='lat' dir='ltr'>quod</span> <span class='ocrx_word' id='word_1_265' title='bbox 1049 1986 1112 2055; x_wconf 77' lang='lat' dir='ltr'>qnia</span> <span class='ocrx_word' id='word_1_266' title='bbox 1129 1988 1165 2040; x_wconf 82' lang='lat' dir='ltr'>dc</span> <span class='ocrx_word' id='word_1_267' title='bbox 1181 2002 1213 2040; x_wconf 83' lang='lat' dir='ltr'>re</span> <span class='ocrx_word' id='word_1_268' title='bbox 1231 1996 1309 2055; x_wconf 79' lang='lat' dir='ltr'>posta</span> <span class='ocrx_word' id='word_1_269' title='bbox 1327 1989 1446 2058; x_wconf 81' lang='lat' dir='ltr'>dubitet,</span> <span class='ocrx_word' id='word_1_270' title='bbox 1464 1990 1513 2058; x_wconf 79' lang='lat' dir='ltr'>qai</span> <span class='ocrx_word' id='word_1_271' title='bbox 1529 1992 1663 2044; x_wconf 80' lang='lat' dir='ltr'>memoria</span> <span class='ocrx_word' id='word_1_272' title='bbox 1680 1998 1790 2061; x_wconf 82' lang='lat' dir='ltr'>repetat</span> 
     </span>
     <span class='ocr_line' id='line_1_21' title="bbox 92 2067 1790 2147; baseline 0.001 -18"><span class='ocrx_word' id='word_1_273' title='bbox 92 2080 179 2144; x_wconf 89' lang='lat' dir='ltr'>caput</span> <span class='ocrx_word' id='word_1_274' title='bbox 197 2074 267 2129; x_wconf 87' lang='lat' dir='ltr'>illud</span> <span class='ocrx_word' id='word_1_275' title='bbox 284 2074 426 2129; x_wconf 88' lang='lat' dir='ltr'>doctrinae</span> <span class='ocrx_word' id='word_1_276' title='bbox 444 2074 571 2130; x_wconf 84' lang='lat' dir='ltr'>coelesh‘s</span> <span class='ocrx_word' id='word_1_277' title='bbox 589 2091 623 2129; x_wconf 87' lang='lat' dir='ltr'>ex</span> <span class='ocrx_word' id='word_1_278' title='bbox 640 2073 725 2129; x_wconf 90' lang='lat' dir='ltr'>verbo</span> <span class='ocrx_word' id='word_1_279' title='bbox 740 2073 792 2129; x_wconf 85' lang='lat' dir='ltr'>Dei</span> <span class='ocrx_word' id='word_1_280' title='bbox 809 2073 927 2144; x_wconf 83' lang='lat' dir='ltr'>petitum</span> <span class='ocrx_word' id='word_1_281' title='bbox 952 2071 1015 2125; x_wconf 80' lang='lat' dir='ltr'>illic</span> <span class='ocrx_word' id='word_1_282' title='bbox 1041 2073 1144 2126; x_wconf 73' lang='lat' dir='ltr'>diotssm</span> <span class='ocrx_word' id='word_1_283' title='bbox 1170 2089 1228 2126; x_wconf 81' lang='lat' dir='ltr'>esse</span> <span class='ocrx_word' id='word_1_284' title='bbox 1255 2075 1291 2127; x_wconf 86' lang='lat' dir='ltr'>ab</span> <span class='ocrx_word' id='word_1_285' title='bbox 1316 2075 1433 2143; x_wconf 77' lang='lat' dir='ltr'>capelo:</span> <span class='ocrx_word' id='word_1_286' title='bbox 1459 2067 1524 2131; x_wconf 71' lang='lat' dir='ltr'>Nais</span> <span class='ocrx_word' id='word_1_287' title='bbox 1551 2086 1592 2130; x_wconf 82' lang='lat' dir='ltr'>eet</span> <span class='ocrx_word' id='word_1_288' title='bbox 1618 2077 1790 2147; x_wconf 76' lang='lat' dir='ltr'>impossibile</span> 
     </span>
     <span class='ocr_line' id='line_1_22' title="bbox 93 2160 1790 2234; baseline 0.002 -19"><span class='ocrx_word' id='word_1_289' title='bbox 93 2167 123 2215; x_wconf 88' lang='lat' dir='ltr'>et</span> <span class='ocrx_word' id='word_1_290' title='bbox 142 2166 311 2216; x_wconf 86' lang='lat' dir='ltr'>exstructum</span> <span class='ocrx_word' id='word_1_291' title='bbox 330 2160 556 2233; x_wconf 72' lang='lat' dir='ltr'>oppugnantibus</span> <span class='ocrx_word' id='word_1_292' title='bbox 574 2167 649 2216; x_wconf 87' lang='lat' dir='ltr'>recte</span> <span class='ocrx_word' id='word_1_293' title='bbox 673 2160 824 2232; x_wconf 89' lang='lat' dir='ltr'>opponitur</span> <span class='ocrx_word' id='word_1_294' title='bbox 846 2177 928 2233; x_wconf 89' lang='lat' dir='ltr'>argu·</span> <span class='ocrx_word' id='word_1_295' title='bbox 955 2161 1036 2229; x_wconf 80' lang='lat' dir='ltr'>aprsd</span> <span class='ocrx_word' id='word_1_296' title='bbox 1049 2161 1143 2214; x_wconf 84' lang='lat' dir='ltr'>Deam</span> <span class='ocrx_word' id='word_1_297' title='bbox 1162 2177 1240 2214; x_wconf 80' lang='lat' dir='ltr'>omae</span> <span class='ocrx_word' id='word_1_298' title='bbox 1257 2161 1375 2216; x_wconf 69' lang='lat' dir='ltr'>ambram.</span> <span class='ocrx_word' id='word_1_299' title='bbox 1403 2160 1480 2218; x_wconf 90' lang='lat' dir='ltr'>ldem</span> <span class='ocrx_word' id='word_1_300' title='bbox 1498 2164 1603 2234; x_wconf 85' lang='lat' dir='ltr'>profert</span> <span class='ocrx_word' id='word_1_301' title='bbox 1619 2164 1790 2219; x_wconf 84' lang='lat' dir='ltr'>Tursellinas</span> 
     </span>
     <span class='ocr_line' id='line_1_23' title="bbox 93 2245 1790 2328; baseline 0.002 -28"><span class='ocrx_word' id='word_1_302' title='bbox 93 2253 216 2301; x_wconf 88' lang='lat' dir='ltr'>mentum</span> <span class='ocrx_word' id='word_1_303' title='bbox 237 2266 255 2300; x_wconf 89' lang='lat' dir='ltr'>a</span> <span class='ocrx_word' id='word_1_304' title='bbox 280 2248 338 2301; x_wconf 83' lang='lat' dir='ltr'>Dci</span> <span class='ocrx_word' id='word_1_305' title='bbox 362 2248 579 2318; x_wconf 76' lang='lat' dir='ltr'>omnipotentia,</span> <span class='ocrx_word' id='word_1_306' title='bbox 607 2247 680 2303; x_wconf 90' lang='lat' dir='ltr'>unde</span> <span class='ocrx_word' id='word_1_307' title='bbox 706 2251 836 2302; x_wconf 80' lang='lat' dir='ltr'>notanter</span> <span class='ocrx_word' id='word_1_308' title='bbox 863 2247 938 2328; x_wconf 70' lang='lat' dir='ltr'>dicit</span> <span class='ocrx_word' id='word_1_309' title='bbox 955 2245 1003 2301; x_wconf 92' lang='lat' dir='ltr'>lib.</span> <span class='ocrx_word' id='word_1_310' title='bbox 1020 2255 1040 2302; x_wconf 96' lang='grc'>1.</span> <span class='ocrx_word' id='word_1_311' title='bbox 1060 2246 1154 2302; x_wconf 77' lang='lat' dir='ltr'>histor.</span> <span class='ocrx_word' id='word_1_312' title='bbox 1175 2247 1287 2301; x_wconf 87' lang='lat' dir='ltr'>Lauret.</span> <span class='ocrx_word' id='word_1_313' title='bbox 1304 2265 1327 2302; x_wconf 73' lang='lat' dir='ltr'>c,</span> <span class='ocrx_word' id='word_1_314' title='bbox 1342 2255 1366 2304; x_wconf 87' lang='lat'>3.</span> <span class='ocrx_word' id='word_1_315' title='bbox 1384 2249 1539 2305; x_wconf 69' lang='lat' dir='ltr'>calviniani</span> <span class='ocrx_word' id='word_1_316' title='bbox 1558 2251 1638 2306; x_wconf 87' lang='lat' dir='ltr'>nobis</span> <span class='ocrx_word' id='word_1_317' title='bbox 1656 2252 1790 2319; x_wconf 90' lang='lat' dir='ltr'>tribuunt,</span> 
     </span>
     <span class='ocr_line' id='line_1_24' title="bbox 54 2332 1790 2409; baseline 0.001 -21"><span class='ocrx_word' id='word_1_318' title='bbox 54 2334 59 2344; x_wconf 88' lang='lat'>&#39;</span> <span class='ocrx_word' id='word_1_319' title='bbox 92 2333 211 2404; x_wconf 84' lang='lat' dir='ltr'>augelus</span> <span class='ocrx_word' id='word_1_320' title='bbox 234 2332 302 2388; x_wconf 86' lang='lat' dir='ltr'>Luc</span> <span class='ocrx_word' id='word_1_321' title='bbox 328 2341 358 2403; x_wconf 89' lang='grc'><strong>1,</strong></span> <span class='ocrx_word' id='word_1_322' title='bbox 385 2352 410 2387; x_wconf 80' lang='lat' dir='ltr'>v.</span> <span class='ocrx_word' id='word_1_323' title='bbox 430 2340 469 2390; x_wconf 78' lang='lat'>37.</span> <span class='ocrx_word' id='word_1_324' title='bbox 500 2337 564 2388; x_wconf 87' lang='lat' dir='ltr'>Deo</span> <span class='ocrx_word' id='word_1_325' title='bbox 591 2352 648 2388; x_wconf 73' lang='lat' dir='ltr'>ami</span> <span class='ocrx_word' id='word_1_326' title='bbox 673 2351 732 2387; x_wconf 80' lang='lat' dir='ltr'>ease</span> <span class='ocrx_word' id='word_1_327' title='bbox 757 2334 930 2402; x_wconf 80' lang='lat' dir='ltr'>impossibile</span> <span class='ocrx_word' id='word_1_328' title='bbox 956 2334 1029 2403; x_wconf 88' lang='lat' dir='ltr'>qnod</span> <span class='ocrx_word' id='word_1_329' title='bbox 1053 2334 1150 2387; x_wconf 90' lang='lat' dir='ltr'>eodem</span> <span class='ocrx_word' id='word_1_330' title='bbox 1172 2340 1282 2389; x_wconf 80' lang='lat' dir='ltr'>utamm</span> <span class='ocrx_word' id='word_1_331' title='bbox 1306 2335 1508 2407; x_wconf 84' lang='lat' dir='ltr'>paralogismo,</span> <span class='ocrx_word' id='word_1_332' title='bbox 1535 2338 1584 2392; x_wconf 88' lang='lat' dir='ltr'>sed</span> <span class='ocrx_word' id='word_1_333' title='bbox 1611 2337 1712 2409; x_wconf 86' lang='lat' dir='ltr'>insigni</span> <span class='ocrx_word' id='word_1_334' title='bbox 1740 2355 1790 2391; x_wconf 90' lang='lat' dir='ltr'>nos</span> 
     </span>
     <span class='ocr_line' id='line_1_25' title="bbox 94 2418 1789 2491; baseline 0.002 -18"><span class='ocrx_word' id='word_1_335' title='bbox 94 2437 175 2473; x_wconf 80' lang='lat' dir='ltr'>omae</span> <span class='ocrx_word' id='word_1_336' title='bbox 191 2420 309 2487; x_wconf 61' lang='lat' dir='ltr'>cabum,</span> <span class='ocrx_word' id='word_1_337' title='bbox 329 2420 461 2491; x_wconf 88' lang='lat' dir='ltr'>quicquid</span> <span class='ocrx_word' id='word_1_338' title='bbox 481 2419 586 2476; x_wconf 91' lang='lat' dir='ltr'>scilicet</span> <span class='ocrx_word' id='word_1_339' title='bbox 603 2437 632 2475; x_wconf 89' lang='lat' dir='ltr'>se</span> <span class='ocrx_word' id='word_1_340' title='bbox 645 2419 784 2475; x_wconf 86' lang='lat' dir='ltr'>facturum</span> <span class='ocrx_word' id='word_1_341' title='bbox 801 2419 831 2473; x_wconf 92' lang='lat' dir='ltr'>in</span> <span class='ocrx_word' id='word_1_342' title='bbox 844 2421 928 2475; x_wconf 85' lang='lat' dir='ltr'>verbo</span> <span class='ocrx_word' id='word_1_343' title='bbox 956 2419 1081 2474; x_wconf 83' lang='lat' dir='ltr'>afficiunt</span> <span class='ocrx_word' id='word_1_344' title='bbox 1106 2418 1215 2491; x_wconf 89' lang='lat' dir='ltr'>injuria.</span> <span class='ocrx_word' id='word_1_345' title='bbox 1253 2421 1354 2475; x_wconf 83' lang='lat' dir='ltr'>Veram</span> <span class='ocrx_word' id='word_1_346' title='bbox 1378 2422 1451 2476; x_wconf 84' lang='lat' dir='ltr'>enim</span> <span class='ocrx_word' id='word_1_347' title='bbox 1474 2423 1577 2478; x_wconf 88' lang='lat' dir='ltr'>realem</span> <span class='ocrx_word' id='word_1_348' title='bbox 1604 2440 1636 2477; x_wconf 88' lang='lat' dir='ltr'>ac</span> <span class='ocrx_word' id='word_1_349' title='bbox 1663 2425 1789 2477; x_wconf 87' lang='lat' dir='ltr'>substan-</span> 
     </span>
     <span class='ocr_line' id='line_1_26' title="bbox 92 2506 1789 2579; baseline 0.001 -19"><span class='ocrx_word' id='word_1_350' title='bbox 92 2522 145 2561; x_wconf 91' lang='lat' dir='ltr'>suo</span> <span class='ocrx_word' id='word_1_351' title='bbox 170 2506 302 2575; x_wconf 88' lang='lat' dir='ltr'>promisit</span> <span class='ocrx_word' id='word_1_352' title='bbox 340 2506 370 2562; x_wconf 88' lang='lat' dir='ltr'>Si</span> <span class='ocrx_word' id='word_1_353' title='bbox 393 2523 458 2562; x_wconf 91' lang='lat' dir='ltr'>vero</span> <span class='ocrx_word' id='word_1_354' title='bbox 485 2507 521 2560; x_wconf 90' lang='lat' dir='ltr'>de</span> <span class='ocrx_word' id='word_1_355' title='bbox 543 2506 685 2562; x_wconf 88' lang='lat' dir='ltr'>voluntate</span> <span class='ocrx_word' id='word_1_356' title='bbox 705 2507 760 2561; x_wconf 91' lang='lat' dir='ltr'>Dei</span> <span class='ocrx_word' id='word_1_357' title='bbox 785 2523 818 2562; x_wconf 90' lang='lat' dir='ltr'>ex</span> <span class='ocrx_word' id='word_1_358' title='bbox 844 2506 929 2562; x_wconf 90' lang='lat' dir='ltr'>verbo</span> <span class='ocrx_word' id='word_1_359' title='bbox 956 2506 1050 2561; x_wconf 83' lang='lat' dir='ltr'>tislem</span> <span class='ocrx_word' id='word_1_360' title='bbox 1083 2507 1205 2578; x_wconf 89' lang='lat' dir='ltr'>corporis</span> <span class='ocrx_word' id='word_1_361' title='bbox 1235 2513 1263 2563; x_wconf 89' lang='lat' dir='ltr'>et</span> <span class='ocrx_word' id='word_1_362' title='bbox 1292 2509 1434 2579; x_wconf 89' lang='lat' dir='ltr'>sanguinis</span> <span class='ocrx_word' id='word_1_363' title='bbox 1467 2507 1569 2562; x_wconf 82' lang='lat' dir='ltr'>Christi</span> <span class='ocrx_word' id='word_1_364' title='bbox 1605 2507 1789 2579; x_wconf 86' lang='lat' dir='ltr'>praesentiam</span> 
     </span>
     <span class='ocr_line' id='line_1_27' title="bbox 92 2590 1789 2663; baseline 0 -16"><span class='ocrx_word' id='word_1_365' title='bbox 92 2590 219 2647; x_wconf 86' lang='lat' dir='ltr'>nondum</span> <span class='ocrx_word' id='word_1_366' title='bbox 238 2598 362 2661; x_wconf 84' lang='lat' dir='ltr'>constat,</span> <span class='ocrx_word' id='word_1_367' title='bbox 391 2611 424 2649; x_wconf 88' lang='lat' dir='ltr'>ex</span> <span class='ocrx_word' id='word_1_368' title='bbox 442 2592 503 2647; x_wconf 87' lang='lat' dir='ltr'>sola</span> <span class='ocrx_word' id='word_1_369' title='bbox 520 2598 548 2648; x_wconf 88' lang='lat' dir='ltr'>et</span> <span class='ocrx_word' id='word_1_370' title='bbox 565 2593 641 2647; x_wconf 89' lang='lat' dir='ltr'>nuda</span> <span class='ocrx_word' id='word_1_371' title='bbox 658 2592 712 2647; x_wconf 90' lang='lat' dir='ltr'>Dei</span> <span class='ocrx_word' id='word_1_372' title='bbox 731 2592 930 2663; x_wconf 86' lang='lat' dir='ltr'>omnipotentia</span> <span class='ocrx_word' id='word_1_373' title='bbox 956 2592 1038 2648; x_wconf 89' lang='lat' dir='ltr'>unice</span> <span class='ocrx_word' id='word_1_374' title='bbox 1059 2611 1093 2649; x_wconf 84' lang='lat' dir='ltr'>ex</span> <span class='ocrx_word' id='word_1_375' title='bbox 1120 2593 1301 2648; x_wconf 90' lang='lat' dir='ltr'>institutionis</span> <span class='ocrx_word' id='word_1_376' title='bbox 1320 2594 1431 2650; x_wconf 88' lang='lat' dir='ltr'>divinae</span> <span class='ocrx_word' id='word_1_377' title='bbox 1451 2594 1541 2649; x_wconf 90' lang='lat' dir='ltr'>verbis</span> <span class='ocrx_word' id='word_1_378' title='bbox 1563 2593 1789 2663; x_wconf 84' lang='lat' dir='ltr'>demonstramus,</span> 
     </span>
     <span class='ocr_line' id='line_1_28' title="bbox 92 2676 1791 2750; baseline 0.001 -18"><span class='ocrx_word' id='word_1_379' title='bbox 92 2677 124 2732; x_wconf 87' lang='lat' dir='ltr'>in</span> <span class='ocrx_word' id='word_1_380' title='bbox 147 2676 214 2733; x_wconf 87' lang='lat' dir='ltr'>fidei</span> <span class='ocrx_word' id='word_1_381' title='bbox 237 2678 359 2734; x_wconf 80' lang='lat' dir='ltr'>arh‘culis</span> <span class='ocrx_word' id='word_1_382' title='bbox 385 2695 441 2732; x_wconf 89' lang='lat' dir='ltr'>non</span> <span class='ocrx_word' id='word_1_383' title='bbox 469 2678 554 2733; x_wconf 89' lang='lat' dir='ltr'>debet</span> <span class='ocrx_word' id='word_1_384' title='bbox 582 2677 691 2748; x_wconf 89' lang='lat' dir='ltr'>quidvis</span> <span class='ocrx_word' id='word_1_385' title='bbox 718 2679 830 2750; x_wconf 75' lang='lat' dir='ltr'>colligi,</span> <span class='ocrx_word' id='word_1_386' title='bbox 856 2678 929 2734; x_wconf 89' lang='lat' dir='ltr'>unde</span> <span class='ocrx_word' id='word_1_387' title='bbox 957 2678 1005 2733; x_wconf 86' lang='lat' dir='ltr'>sed</span> <span class='ocrx_word' id='word_1_388' title='bbox 1025 2697 1088 2733; x_wconf 88' lang='lat' dir='ltr'>cum</span> <span class='ocrx_word' id='word_1_389' title='bbox 1106 2679 1158 2750; x_wconf 89' lang='lat' dir='ltr'>ipsi</span> <span class='ocrx_word' id='word_1_390' title='bbox 1178 2679 1231 2735; x_wconf 89' lang='lat' dir='ltr'>hoc</span> <span class='ocrx_word' id='word_1_391' title='bbox 1250 2679 1391 2734; x_wconf 72' lang='grc' dir='ltr'>ἀδύνατον</span> <span class='ocrx_word' id='word_1_392' title='bbox 1411 2688 1439 2736; x_wconf 91' lang='lat' dir='ltr'>et</span> <span class='ocrx_word' id='word_1_393' title='bbox 1462 2679 1704 2734; x_wconf 88' lang='lat' dir='ltr'>contradictorium</span> <span class='ocrx_word' id='word_1_394' title='bbox 1731 2696 1791 2735; x_wconf 87' lang='lat' dir='ltr'>esse</span> 
     </span>
     <span class='ocr_line' id='line_1_29' title="bbox 91 2763 1790 2838; baseline 0.001 -19"><span class='ocrx_word' id='word_1_395' title='bbox 91 2771 201 2820; x_wconf 84' lang='lat' dir='ltr'>veteres</span> <span class='ocrx_word' id='word_1_396' title='bbox 217 2764 264 2835; x_wconf 89' lang='lat' dir='ltr'>pie</span> <span class='ocrx_word' id='word_1_397' title='bbox 281 2765 384 2834; x_wconf 91' lang='lat' dir='ltr'>dicunt,</span> <span class='ocrx_word' id='word_1_398' title='bbox 403 2772 435 2818; x_wconf 91' lang='lat' dir='ltr'>ut</span> <span class='ocrx_word' id='word_1_399' title='bbox 453 2763 559 2835; x_wconf 89' lang='lat' dir='ltr'>aliquid</span> <span class='ocrx_word' id='word_1_400' title='bbox 579 2763 638 2819; x_wconf 91' lang='lat' dir='ltr'>fieri</span> <span class='ocrx_word' id='word_1_401' title='bbox 656 2781 738 2835; x_wconf 89' lang='lat' dir='ltr'>posse</span> <span class='ocrx_word' id='word_1_402' title='bbox 757 2765 874 2835; x_wconf 91' lang='lat' dir='ltr'>dicatur,</span> <span class='ocrx_word' id='word_1_403' title='bbox 893 2764 928 2819; x_wconf 87' lang='lat' dir='ltr'>ad</span> <span class='ocrx_word' id='word_1_404' title='bbox 957 2765 1117 2833; x_wconf 87' lang='lat' dir='ltr'>clamitant,</span> <span class='ocrx_word' id='word_1_405' title='bbox 1136 2771 1195 2820; x_wconf 91' lang='lat' dir='ltr'>tum</span> <span class='ocrx_word' id='word_1_406' title='bbox 1215 2765 1326 2820; x_wconf 88' lang='lat' dir='ltr'>demum</span> <span class='ocrx_word' id='word_1_407' title='bbox 1345 2773 1538 2838; x_wconf 88' lang='lat' dir='ltr'>argumentum</span> <span class='ocrx_word' id='word_1_408' title='bbox 1557 2767 1592 2822; x_wconf 86' lang='lat' dir='ltr'>ab</span> <span class='ocrx_word' id='word_1_409' title='bbox 1611 2765 1718 2820; x_wconf 88' lang='lat' dir='ltr'>infinita</span> <span class='ocrx_word' id='word_1_410' title='bbox 1735 2764 1790 2821; x_wconf 89' lang='lat' dir='ltr'>Dei</span> 
     </span>
     <span class='ocr_line' id='line_1_30' title="bbox 92 2849 1790 2923; baseline 0.002 -19"><span class='ocrx_word' id='word_1_411' title='bbox 92 2851 124 2905; x_wconf 92' lang='lat' dir='ltr'>id</span> <span class='ocrx_word' id='word_1_412' title='bbox 136 2850 271 2920; x_wconf 81' lang='lat' dir='ltr'>sufficere,</span> <span class='ocrx_word' id='word_1_413' title='bbox 284 2856 316 2904; x_wconf 91' lang='lat' dir='ltr'>nt</span> <span class='ocrx_word' id='word_1_414' title='bbox 328 2849 384 2905; x_wconf 91' lang='lat' dir='ltr'>Dei</span> <span class='ocrx_word' id='word_1_415' title='bbox 396 2849 596 2921; x_wconf 86' lang='lat' dir='ltr'>omnipotentia</span> <span class='ocrx_word' id='word_1_416' title='bbox 606 2850 769 2921; x_wconf 87' lang='lat' dir='ltr'>proferatur,</span> <span class='ocrx_word' id='word_1_417' title='bbox 788 2857 820 2905; x_wconf 87' lang='lat' dir='ltr'>nt</span> <span class='ocrx_word' id='word_1_418' title='bbox 835 2858 928 2907; x_wconf 85' lang='lat' dir='ltr'>autem</span> <span class='ocrx_word' id='word_1_419' title='bbox 956 2852 1081 2922; x_wconf 86' lang='lat' dir='ltr'>potentia</span> <span class='ocrx_word' id='word_1_420' title='bbox 1108 2852 1221 2906; x_wconf 89' lang='lat' dir='ltr'>ductum</span> <span class='ocrx_word' id='word_1_421' title='bbox 1250 2851 1304 2906; x_wconf 91' lang='lat' dir='ltr'>illis</span> <span class='ocrx_word' id='word_1_422' title='bbox 1327 2853 1507 2923; x_wconf 89' lang='lat' dir='ltr'>opponimus,</span> <span class='ocrx_word' id='word_1_423' title='bbox 1534 2870 1567 2906; x_wconf 90' lang='lat' dir='ltr'>ac</span> <span class='ocrx_word' id='word_1_424' title='bbox 1594 2852 1709 2923; x_wconf 89' lang='lat' dir='ltr'>proinde</span> <span class='ocrx_word' id='word_1_425' title='bbox 1734 2870 1790 2908; x_wconf 89' lang='lat' dir='ltr'>uon</span> 
     </span>
     <span class='ocr_line' id='line_1_31' title="bbox 92 2935 1792 3012; baseline 0.001 -20"><span class='ocrx_word' id='word_1_426' title='bbox 92 2937 201 3009; x_wconf 90' lang='lat' dir='ltr'>aliquid</span> <span class='ocrx_word' id='word_1_427' title='bbox 219 2940 285 2992; x_wconf 90' lang='lat' dir='ltr'>actu</span> <span class='ocrx_word' id='word_1_428' title='bbox 301 2935 362 2992; x_wconf 85' lang='lat' dir='ltr'>fieri</span> <span class='ocrx_word' id='word_1_429' title='bbox 381 2941 531 3003; x_wconf 86' lang='lat' dir='ltr'>asseratur,</span> <span class='ocrx_word' id='word_1_430' title='bbox 557 2952 670 2992; x_wconf 86' lang='lat' dir='ltr'>necesse</span> <span class='ocrx_word' id='word_1_431' title='bbox 688 2953 748 2992; x_wconf 90' lang='lat' dir='ltr'>esse</span> <span class='ocrx_word' id='word_1_432' title='bbox 766 2936 930 3009; x_wconf 76' lang='grc' dir='ltr'><em>σύνδρομον</em></span> <span class='ocrx_word' id='word_1_433' title='bbox 957 2938 1029 2993; x_wconf 87' lang='lat' dir='ltr'>inter</span> <span class='ocrx_word' id='word_1_434' title='bbox 1053 2937 1288 2992; x_wconf 77' lang='grc' dir='ltr'>κατασκευαστικά</span> <span class='ocrx_word' id='word_1_435' title='bbox 1315 2940 1468 2994; x_wconf 83' lang='lat' dir='ltr'>sententiae</span> <span class='ocrx_word' id='word_1_436' title='bbox 1492 2946 1602 2994; x_wconf 90' lang='lat' dir='ltr'>nostrae</span> <span class='ocrx_word' id='word_1_437' title='bbox 1627 2945 1792 3012; x_wconf 86' lang='lat' dir='ltr'>argumenta</span> 
     </span>
     <span class='ocr_line' id='line_1_32' title="bbox 92 3022 1790 3098; baseline 0 -18"><span class='ocrx_word' id='word_1_438' title='bbox 92 3025 168 3080; x_wconf 75' lang='lat' dir='ltr'>eirca</span> <span class='ocrx_word' id='word_1_439' title='bbox 190 3027 221 3098; x_wconf 79' lang='grc' dir='ltr'>τῇ</span> <span class='ocrx_word' id='word_1_440' title='bbox 246 3022 365 3097; x_wconf 73' lang='grc' dir='ltr'>δυνάμει</span> <span class='ocrx_word' id='word_1_441' title='bbox 388 3024 437 3091; x_wconf 79' lang='grc' dir='ltr'>τὴν</span> <span class='ocrx_word' id='word_1_442' title='bbox 459 3028 509 3079; x_wconf 78' lang='grc' dir='ltr'>τοῦ</span> <span class='ocrx_word' id='word_1_443' title='bbox 535 3026 605 3079; x_wconf 68' lang='grc' dir='ltr'>θεοῦ</span> <span class='ocrx_word' id='word_1_444' title='bbox 631 3024 771 3094; x_wconf 75' lang='grc' dir='ltr'><strong>βούλησιν.</strong></span> <span class='ocrx_word' id='word_1_445' title='bbox 812 3025 929 3082; x_wconf 81' lang='lat' dir='ltr'>Tertull.</span> <span class='ocrx_word' id='word_1_446' title='bbox 957 3023 985 3078; x_wconf 92' lang='lat' dir='ltr'>id</span> <span class='ocrx_word' id='word_1_447' title='bbox 1004 3024 1161 3093; x_wconf 83' lang='lat' dir='ltr'>referimus,</span> <span class='ocrx_word' id='word_1_448' title='bbox 1186 3024 1235 3077; x_wconf 88' lang='lat' dir='ltr'>sed</span> <span class='ocrx_word' id='word_1_449' title='bbox 1254 3024 1284 3077; x_wconf 87' lang='lat' dir='ltr'>in</span> <span class='ocrx_word' id='word_1_450' title='bbox 1300 3025 1477 3095; x_wconf 80' lang='lat' dir='ltr'>responsione</span> <span class='ocrx_word' id='word_1_451' title='bbox 1500 3026 1537 3079; x_wconf 87' lang='lat' dir='ltr'>ad</span> <span class='ocrx_word' id='word_1_452' title='bbox 1562 3026 1684 3096; x_wconf 86' lang='lat' dir='ltr'>ipsorum</span> <span class='ocrx_word' id='word_1_453' title='bbox 1709 3041 1790 3096; x_wconf 80' lang='lat' dir='ltr'>argu·</span> 
     </span>
     <span class='ocr_line' id='line_1_33' title="bbox 92 3109 1341 3182; baseline -0.002 -16"><span class='ocrx_word' id='word_1_454' title='bbox 92 3111 142 3166; x_wconf 87' lang='lat' dir='ltr'>lib.</span> <span class='ocrx_word' id='word_1_455' title='bbox 160 3111 222 3165; x_wconf 88' lang='lat' dir='ltr'>adv.</span> <span class='ocrx_word' id='word_1_456' title='bbox 240 3109 373 3164; x_wconf 80' lang='lat' dir='ltr'>Praxean</span> <span class='ocrx_word' id='word_1_457' title='bbox 394 3126 416 3165; x_wconf 82' lang='lat' dir='ltr'>c</span> <span class='ocrx_word' id='word_1_458' title='bbox 437 3116 482 3166; x_wconf 81' lang='lat' dir='ltr'>to:</span> <span class='ocrx_word' id='word_1_459' title='bbox 509 3110 599 3164; x_wconf 83' lang='lat' dir='ltr'>Plane</span> <span class='ocrx_word' id='word_1_460' title='bbox 617 3111 689 3164; x_wconf 81' lang='lat' dir='ltr'>nihil</span> <span class='ocrx_word' id='word_1_461' title='bbox 708 3114 773 3166; x_wconf 87' lang='lat' dir='ltr'>Deo</span> <span class='ocrx_word' id='word_1_462' title='bbox 800 3112 929 3182; x_wconf 76' lang='lat' dir='ltr'>difficile.</span> <span class='ocrx_word' id='word_1_463' title='bbox 957 3117 1049 3165; x_wconf 87' lang='lat' dir='ltr'>menta</span> <span class='ocrx_word' id='word_1_464' title='bbox 1066 3110 1157 3165; x_wconf 88' lang='lat' dir='ltr'>locum</span> <span class='ocrx_word' id='word_1_465' title='bbox 1177 3109 1217 3164; x_wconf 89' lang='lat' dir='ltr'>illi</span> <span class='ocrx_word' id='word_1_466' title='bbox 1236 3110 1341 3164; x_wconf 88' lang='lat' dir='ltr'>damus.</span> 
     </span>
     <span class='ocr_line' id='line_1_34' title="bbox 95 3195 1791 3266; baseline -0.001 -14"><span class='ocrx_word' id='word_1_467' title='bbox 95 3197 157 3252; x_wconf 71' lang='lat' dir='ltr'>aaa</span> <span class='ocrx_word' id='word_1_468' title='bbox 174 3197 201 3250; x_wconf 82' lang='lat' dir='ltr'>si</span> <span class='ocrx_word' id='word_1_469' title='bbox 216 3205 274 3250; x_wconf 88' lang='lat' dir='ltr'>tam</span> <span class='ocrx_word' id='word_1_470' title='bbox 293 3195 412 3264; x_wconf 66' lang='lat' dir='ltr'>abrupte</span> <span class='ocrx_word' id='word_1_471' title='bbox 431 3197 461 3250; x_wconf 85' lang='lat' dir='ltr'>ia</span> <span class='ocrx_word' id='word_1_472' title='bbox 474 3196 729 3266; x_wconf 80' lang='lat' dir='ltr'>praesumtionibus</span> <span class='ocrx_word' id='word_1_473' title='bbox 747 3199 851 3252; x_wconf 81' lang='lat' dir='ltr'>nostris</span> <span class='ocrx_word' id='word_1_474' title='bbox 877 3199 930 3252; x_wconf 78' lang='lat' dir='ltr'>hac</span> <span class='ocrx_word' id='word_1_475' title='bbox 992 3203 1049 3253; x_wconf 78' lang='grc'><strong>202.</strong></span> <span class='ocrx_word' id='word_1_476' title='bbox 1086 3196 1137 3260; x_wconf 80' lang='lat' dir='ltr'>Qu.</span> <span class='ocrx_word' id='word_1_477' title='bbox 1162 3202 1185 3250; x_wconf 89' lang='grc'>6.</span> <span class='ocrx_word' id='word_1_478' title='bbox 1223 3197 1270 3250; x_wconf 79' lang='lat' dir='ltr'>Aa</span> <span class='ocrx_word' id='word_1_479' title='bbox 1295 3198 1494 3266; x_wconf 81' lang='lat' dir='ltr'>omnipotentia</span> <span class='ocrx_word' id='word_1_480' title='bbox 1520 3199 1582 3250; x_wconf 81' lang='lat' dir='ltr'>Dea</span> <span class='ocrx_word' id='word_1_481' title='bbox 1604 3199 1646 3250; x_wconf 82' lang='lat' dir='ltr'>ita</span> <span class='ocrx_word' id='word_1_482' title='bbox 1668 3199 1705 3250; x_wconf 87' lang='lat' dir='ltr'>ss&#39;t</span> <span class='ocrx_word' id='word_1_483' title='bbox 1723 3213 1791 3265; x_wconf 83' lang='lat' dir='ltr'>pro·</span> 
     </span>
     <span class='ocr_line' id='line_1_35' title="bbox 92 3283 1793 3357; baseline -0.001 -19"><span class='ocrx_word' id='word_1_484' title='bbox 92 3284 231 3338; x_wconf 73' lang='lat' dir='ltr'>scammia</span> <span class='ocrx_word' id='word_1_485' title='bbox 248 3291 372 3349; x_wconf 71' lang='lat' dir='ltr'>mamm,</span> <span class='ocrx_word' id='word_1_486' title='bbox 390 3284 501 3353; x_wconf 70' lang='lat' dir='ltr'>puidam</span> <span class='ocrx_word' id='word_1_487' title='bbox 520 3284 555 3337; x_wconf 82' lang='lat' dir='ltr'>dc</span> <span class='ocrx_word' id='word_1_488' title='bbox 575 3286 637 3339; x_wconf 81' lang='lat' dir='ltr'>Dec</span> <span class='ocrx_word' id='word_1_489' title='bbox 656 3288 812 3355; x_wconf 81' lang='lat' dir='ltr'>coafinpsrs</span> <span class='ocrx_word' id='word_1_490' title='bbox 824 3287 930 3357; x_wconf 78' lang='lat' dir='ltr'>poteri·</span> <span class='ocrx_word' id='word_1_491' title='bbox 956 3287 1039 3354; x_wconf 82' lang='lat' dir='ltr'>pria,</span> <span class='ocrx_word' id='word_1_492' title='bbox 1070 3292 1100 3336; x_wconf 85' lang='lat' dir='ltr'>m</span> <span class='ocrx_word' id='word_1_493' title='bbox 1130 3301 1180 3336; x_wconf 81' lang='lat' dir='ltr'>neo</span> <span class='ocrx_word' id='word_1_494' title='bbox 1209 3291 1349 3337; x_wconf 72' lang='lat' dir='ltr'>aaramtae</span> <span class='ocrx_word' id='word_1_495' title='bbox 1376 3285 1514 3337; x_wconf 77' lang='lat' dir='ltr'>humanae</span> <span class='ocrx_word' id='word_1_496' title='bbox 1541 3291 1660 3336; x_wconf 75' lang='lat' dir='ltr'>mammae</span> <span class='ocrx_word' id='word_1_497' title='bbox 1688 3283 1793 3338; x_wconf 74' lang='lat' dir='ltr'>Christi</span> 
     </span>
     <span class='ocr_line' id='line_1_36' title="bbox 92 3368 1792 3441; baseline 0.001 -17"><span class='ocrx_word' id='word_1_498' title='bbox 92 3388 167 3440; x_wconf 87' lang='lat' dir='ltr'>mas,</span> <span class='ocrx_word' id='word_1_499' title='bbox 184 3371 269 3440; x_wconf 75' lang='lat' dir='ltr'>quasi</span> <span class='ocrx_word' id='word_1_500' title='bbox 279 3370 392 3437; x_wconf 77' lang='lat' dir='ltr'>fecerit,</span> <span class='ocrx_word' id='word_1_501' title='bbox 412 3372 585 3440; x_wconf 75' lang='lat' dir='ltr'>patefacere</span> <span class='ocrx_word' id='word_1_502' title='bbox 599 3375 730 3441; x_wconf 81' lang='lat' dir='ltr'>potnerit.</span> <span class='ocrx_word' id='word_1_503' title='bbox 760 3376 825 3427; x_wconf 84' lang='lat' dir='ltr'>Non</span> <span class='ocrx_word' id='word_1_504' title='bbox 839 3382 930 3428; x_wconf 75' lang='lat' dir='ltr'>natan</span> <span class='ocrx_word' id='word_1_505' title='bbox 957 3372 1192 3426; x_wconf 75' lang='lat' dir='ltr'>communicetur!</span> <span class='ocrx_word' id='word_1_506' title='bbox 1231 3369 1393 3438; x_wconf 28' lang='lat' dir='ltr'>Affirmant·</span> <span class='ocrx_word' id='word_1_507' title='bbox 1416 3368 1587 3434; x_wconf 83' lang='lat' dir='ltr'>calviniani,</span> <span class='ocrx_word' id='word_1_508' title='bbox 1624 3370 1792 3426; x_wconf 84' lang='lat' dir='ltr'>contrariam</span> 
     </span>
     <span class='ocr_line' id='line_1_37' title="bbox 92 3454 1791 3527; baseline 0.001 -16"><span class='ocrx_word' id='word_1_509' title='bbox 92 3460 164 3527; x_wconf 77' lang='lat' dir='ltr'>qaia</span> <span class='ocrx_word' id='word_1_510' title='bbox 184 3459 277 3512; x_wconf 81' lang='lat' dir='ltr'>omnia</span> <span class='ocrx_word' id='word_1_511' title='bbox 292 3465 385 3526; x_wconf 79' lang='lat' dir='ltr'>potest</span> <span class='ocrx_word' id='word_1_512' title='bbox 401 3459 505 3526; x_wconf 78' lang='lat' dir='ltr'>farere,</span> <span class='ocrx_word' id='word_1_513' title='bbox 523 3458 588 3513; x_wconf 80' lang='lat' dir='ltr'>ideo</span> <span class='ocrx_word' id='word_1_514' title='bbox 605 3462 775 3513; x_wconf 82' lang='lat' dir='ltr'>credendam</span> <span class='ocrx_word' id='word_1_515' title='bbox 794 3469 832 3515; x_wconf 84' lang='lat' dir='ltr'>cst</span> <span class='ocrx_word' id='word_1_516' title='bbox 851 3461 931 3515; x_wconf 81' lang='lat' dir='ltr'>illam</span> <span class='ocrx_word' id='word_1_517' title='bbox 958 3457 1128 3513; x_wconf 91' lang='lat' dir='ltr'>ostendimus</span> <span class='ocrx_word' id='word_1_518' title='bbox 1148 3474 1181 3511; x_wconf 89' lang='lat' dir='ltr'>ex</span> <span class='ocrx_word' id='word_1_519' title='bbox 1199 3455 1352 3511; x_wconf 77' lang='lat' dir='ltr'>manifestis</span> <span class='ocrx_word' id='word_1_520' title='bbox 1365 3454 1522 3526; x_wconf 82' lang='lat' dir='ltr'>Scripturas</span> <span class='ocrx_word' id='word_1_521' title='bbox 1542 3455 1624 3510; x_wconf 89' lang='lat' dir='ltr'>dictis</span> <span class='ocrx_word' id='word_1_522' title='bbox 1636 3456 1733 3511; x_wconf 88' lang='lat' dir='ltr'>Matth.</span> <span class='ocrx_word' id='word_1_523' title='bbox 1751 3462 1791 3526; x_wconf 80' lang='grc'>28,</span> 
     </span>
     <span class='ocr_line' id='line_1_38' title="bbox 94 3543 1900 3615; baseline 0.001 -18"><span class='ocrx_word' id='word_1_524' title='bbox 94 3544 215 3612; x_wconf 74' lang='lat' dir='ltr'>fecisse,</span> <span class='ocrx_word' id='word_1_525' title='bbox 243 3545 327 3598; x_wconf 81' lang='lat' dir='ltr'>ctiam</span> <span class='ocrx_word' id='word_1_526' title='bbox 349 3545 426 3612; x_wconf 78' lang='lat' dir='ltr'>quod</span> <span class='ocrx_word' id='word_1_527' title='bbox 449 3562 506 3598; x_wconf 82' lang='lat' dir='ltr'>aon</span> <span class='ocrx_word' id='word_1_528' title='bbox 530 3547 639 3607; x_wconf 79' lang='lat' dir='ltr'>fecerit.</span> <span class='ocrx_word' id='word_1_529' title='bbox 676 3547 736 3600; x_wconf 75' lang='lat' dir='ltr'>Sed</span> <span class='ocrx_word' id='word_1_530' title='bbox 761 3564 799 3600; x_wconf 82' lang='lat' dir='ltr'>aa</span> <span class='ocrx_word' id='word_1_531' title='bbox 823 3549 932 3615; x_wconf 80' lang='lat' dir='ltr'>fecerit,</span> <span class='ocrx_word' id='word_1_532' title='bbox 958 3563 982 3598; x_wconf 88' lang='lat' dir='ltr'>v.</span> <span class='ocrx_word' id='word_1_533' title='bbox 1006 3550 1044 3600; x_wconf 91' lang='grc'>18.</span> <span class='ocrx_word' id='word_1_534' title='bbox 1072 3543 1173 3599; x_wconf 88' lang='lat' dir='ltr'>Psalm.</span> <span class='ocrx_word' id='word_1_535' title='bbox 1195 3549 1218 3611; x_wconf 84' lang='lat'>8,</span> <span class='ocrx_word' id='word_1_536' title='bbox 1237 3561 1263 3598; x_wconf 87' lang='lat' dir='ltr'>v.</span> <span class='ocrx_word' id='word_1_537' title='bbox 1277 3551 1300 3596; x_wconf 77' lang='lat'>7.</span> <span class='ocrx_word' id='word_1_538' title='bbox 1323 3543 1394 3597; x_wconf 87' lang='lat' dir='ltr'>Dan.</span> <span class='ocrx_word' id='word_1_539' title='bbox 1415 3548 1439 3607; x_wconf 78' lang='lat'>7,</span> <span class='ocrx_word' id='word_1_540' title='bbox 1459 3559 1484 3595; x_wconf 90' lang='lat' dir='ltr'>v.</span> <span class='ocrx_word' id='word_1_541' title='bbox 1500 3549 1539 3598; x_wconf 81' lang='lat' dir='ltr'>m.</span> <span class='ocrx_word' id='word_1_542' title='bbox 1563 3543 1626 3600; x_wconf 83' lang='lat' dir='ltr'>Joh.</span> <span class='ocrx_word' id='word_1_543' title='bbox 1649 3550 1688 3613; x_wconf 82' lang='grc'><strong>17,</strong></span> <span class='ocrx_word' id='word_1_544' title='bbox 1704 3561 1729 3598; x_wconf 91' lang='lat' dir='ltr'>v.</span> <span class='ocrx_word' id='word_1_545' title='bbox 1752 3549 1792 3600; x_wconf 90' lang='grc'>12.</span> <span class='ocrx_word' id='word_1_546' title='bbox 1805 3565 1843 3608; x_wconf 81' lang='lat'>111.</span> <span class='ocrx_word' id='word_1_547' title='bbox 1857 3562 1900 3606; x_wconf 77' lang='lat' dir='ltr'>ms,</span> 
     </span>
     <span class='ocr_line' id='line_1_39' title="bbox 92 3629 1792 3702; baseline 0.002 -20"><span class='ocrx_word' id='word_1_548' title='bbox 92 3631 303 3700; x_wconf 74' lang='lat' dir='ltr'>requirendam.</span> <span class='ocrx_word' id='word_1_549' title='bbox 338 3630 450 3699; x_wconf 80' lang='lat' dir='ltr'>Potuit,</span> <span class='ocrx_word' id='word_1_550' title='bbox 477 3631 503 3684; x_wconf 86' lang='lat' dir='ltr'>si</span> <span class='ocrx_word' id='word_1_551' title='bbox 521 3632 666 3701; x_wconf 78' lang='lat' dir='ltr'>coluisset,</span> <span class='ocrx_word' id='word_1_552' title='bbox 692 3633 734 3685; x_wconf 81' lang='lat' dir='ltr'>ita</span> <span class='ocrx_word' id='word_1_553' title='bbox 752 3634 847 3687; x_wconf 72' lang='lat' dir='ltr'>aalma</span> <span class='ocrx_word' id='word_1_554' title='bbox 870 3635 931 3702; x_wconf 87' lang='lat' dir='ltr'>sim,</span> <span class='ocrx_word' id='word_1_555' title='bbox 958 3631 1057 3701; x_wconf 82' lang='lat' dir='ltr'>Ephes.</span> <span class='ocrx_word' id='word_1_556' title='bbox 1079 3636 1101 3694; x_wconf 89' lang='grc'><strong>1,</strong></span> <span class='ocrx_word' id='word_1_557' title='bbox 1119 3649 1145 3684; x_wconf 86' lang='lat' dir='ltr'>v.</span> <span class='ocrx_word' id='word_1_558' title='bbox 1165 3637 1205 3686; x_wconf 78' lang='lat'>20.</span> <span class='ocrx_word' id='word_1_559' title='bbox 1224 3629 1310 3686; x_wconf 91' lang='lat' dir='ltr'>Hebr.</span> <span class='ocrx_word' id='word_1_560' title='bbox 1331 3635 1354 3700; x_wconf 87' lang='grc'>2,</span> <span class='ocrx_word' id='word_1_561' title='bbox 1372 3648 1397 3684; x_wconf 89' lang='lat' dir='ltr'>v.</span> <span class='ocrx_word' id='word_1_562' title='bbox 1417 3638 1440 3686; x_wconf 82' lang='lat'>5.</span> <span class='ocrx_word' id='word_1_563' title='bbox 1460 3631 1548 3701; x_wconf 87' lang='lat' dir='ltr'>Apoc.</span> <span class='ocrx_word' id='word_1_564' title='bbox 1568 3636 1591 3694; x_wconf 85' lang='grc'>5,</span> <span class='ocrx_word' id='word_1_565' title='bbox 1610 3649 1635 3684; x_wconf 86' lang='lat' dir='ltr'>v.</span> <span class='ocrx_word' id='word_1_566' title='bbox 1653 3636 1691 3687; x_wconf 86' lang='grc'>12.</span> <span class='ocrx_word' id='word_1_567' title='bbox 1719 3630 1792 3688; x_wconf 89' lang='lat' dir='ltr'>Vide</span> 
     </span>
     <span class='ocr_line' id='line_1_40' title="bbox 95 3716 1791 3790; baseline 0.001 -19"><span class='ocrx_word' id='word_1_568' title='bbox 95 3717 177 3771; x_wconf 84' lang='lat' dir='ltr'>Deus</span> <span class='ocrx_word' id='word_1_569' title='bbox 185 3717 287 3786; x_wconf 73' lang='lat' dir='ltr'>pennis</span> <span class='ocrx_word' id='word_1_570' title='bbox 300 3716 436 3770; x_wconf 83' lang='lat' dir='ltr'>bominem</span> <span class='ocrx_word' id='word_1_571' title='bbox 449 3718 491 3769; x_wconf 84' lang='lat' dir='ltr'>acl</span> <span class='ocrx_word' id='word_1_572' title='bbox 502 3717 654 3771; x_wconf 79' lang='lat' dir='ltr'>solandam</span> <span class='ocrx_word' id='word_1_573' title='bbox 667 3720 837 3783; x_wconf 74' lang='lat' dir='ltr'>instruassse,</span> <span class='ocrx_word' id='word_1_574' title='bbox 856 3723 932 3789; x_wconf 72' lang='lat' dir='ltr'>quod</span> <span class='ocrx_word' id='word_1_575' title='bbox 958 3716 1054 3772; x_wconf 75' lang='lat' dir='ltr'>Har-m</span> <span class='ocrx_word' id='word_1_576' title='bbox 1075 3717 1110 3771; x_wconf 88' lang='lat' dir='ltr'>de</span> <span class='ocrx_word' id='word_1_577' title='bbox 1128 3733 1227 3772; x_wconf 87' lang='lat' dir='ltr'>resurr.</span> <span class='ocrx_word' id='word_1_578' title='bbox 1246 3734 1269 3771; x_wconf 90' lang='lat' dir='ltr'>o.</span> <span class='ocrx_word' id='word_1_579' title='bbox 1293 3723 1331 3773; x_wconf 93' lang='grc'>12.</span> <span class='ocrx_word' id='word_1_580' title='bbox 1368 3717 1457 3789; x_wconf 86' lang='lat' dir='ltr'>Urget</span> <span class='ocrx_word' id='word_1_581' title='bbox 1471 3716 1595 3773; x_wconf 88' lang='lat' dir='ltr'>Polanns</span> <span class='ocrx_word' id='word_1_582' title='bbox 1613 3727 1733 3790; x_wconf 79' lang='lat' dir='ltr'>quatuor</span> <span class='ocrx_word' id='word_1_583' title='bbox 1748 3734 1791 3772; x_wconf 85' lang='lat' dir='ltr'>ra·</span> 
     </span>
     <span class='ocr_line' id='line_1_41' title="bbox 94 3803 1791 3876; baseline -0.001 -18"><span class='ocrx_word' id='word_1_584' title='bbox 94 3810 123 3857; x_wconf 76' lang='lat' dir='ltr'>a</span> <span class='ocrx_word' id='word_1_585' title='bbox 141 3803 234 3858; x_wconf 62' lang='lat' dir='ltr'>name</span> <span class='ocrx_word' id='word_1_586' title='bbox 250 3803 405 3872; x_wconf 78' lang='lat' dir='ltr'>praestitit,</span> <span class='ocrx_word' id='word_1_587' title='bbox 428 3821 484 3857; x_wconf 81' lang='lat' dir='ltr'>mon</span> <span class='ocrx_word' id='word_1_588' title='bbox 503 3811 608 3872; x_wconf 86' lang='lat' dir='ltr'>tamea,</span> <span class='ocrx_word' id='word_1_589' title='bbox 626 3805 817 3873; x_wconf 64' lang='lat' dir='ltr'>quisperant,</span> <span class='ocrx_word' id='word_1_590' title='bbox 836 3808 931 3860; x_wconf 81' lang='lat' dir='ltr'>atatim</span> <span class='ocrx_word' id='word_1_591' title='bbox 957 3803 1112 3859; x_wconf 76' lang='lat' dir='ltr'>finncnlas:</span> <span class='ocrx_word' id='word_1_592' title='bbox 1146 3811 1167 3858; x_wconf 92' lang='grc'>1.</span> <span class='ocrx_word' id='word_1_593' title='bbox 1195 3805 1286 3858; x_wconf 80' lang='lat' dir='ltr'>Nulla</span> <span class='ocrx_word' id='word_1_594' title='bbox 1314 3821 1359 3858; x_wconf 80' lang='lat' dir='ltr'>res</span> <span class='ocrx_word' id='word_1_595' title='bbox 1385 3813 1481 3858; x_wconf 86' lang='lat' dir='ltr'>creata</span> <span class='ocrx_word' id='word_1_596' title='bbox 1508 3813 1548 3858; x_wconf 88' lang='lat' dir='ltr'>est</span> <span class='ocrx_word' id='word_1_597' title='bbox 1578 3807 1665 3860; x_wconf 83' lang='lat' dir='ltr'>Deua.</span> <span class='ocrx_word' id='word_1_598' title='bbox 1708 3806 1791 3876; x_wconf 88' lang='lat' dir='ltr'>Resp.</span> 
     </span>
     <span class='ocr_line' id='line_1_42' title="bbox 95 3889 1791 3961; baseline 0.002 -18"><span class='ocrx_word' id='word_1_599' title='bbox 95 3891 217 3957; x_wconf 78' lang='lat' dir='ltr'>etfacit</span> <span class='ocrx_word' id='word_1_600' title='bbox 244 3890 340 3945; x_wconf 81' lang='lat' dir='ltr'>Poma</span> <span class='ocrx_word' id='word_1_601' title='bbox 358 3899 383 3944; x_wconf 87' lang='lat' dir='ltr'>et</span> <span class='ocrx_word' id='word_1_602' title='bbox 401 3892 533 3944; x_wconf 81' lang='lat' dir='ltr'>Praacan</span> <span class='ocrx_word' id='word_1_603' title='bbox 555 3900 581 3945; x_wconf 86' lang='lat' dir='ltr'>et</span> <span class='ocrx_word' id='word_1_604' title='bbox 599 3908 691 3945; x_wconf 80' lang='lat' dir='ltr'>amaea</span> <span class='ocrx_word' id='word_1_605' title='bbox 704 3893 818 3961; x_wconf 82' lang='lat' dir='ltr'>pariter</span> <span class='ocrx_word' id='word_1_606' title='bbox 836 3894 931 3946; x_wconf 84' lang='lat' dir='ltr'>haere·</span> <span class='ocrx_word' id='word_1_607' title='bbox 958 3889 1157 3960; x_wconf 66' lang='lat' dir='ltr'>anomalam,</span> <span class='ocrx_word' id='word_1_608' title='bbox 1183 3891 1293 3946; x_wconf 89' lang='lat' dir='ltr'>interim</span> <span class='ocrx_word' id='word_1_609' title='bbox 1320 3890 1444 3945; x_wconf 91' lang='lat' dir='ltr'>Christus</span> <span class='ocrx_word' id='word_1_610' title='bbox 1468 3891 1620 3946; x_wconf 87' lang='lat' dir='ltr'>secundum</span> <span class='ocrx_word' id='word_1_611' title='bbox 1644 3891 1791 3946; x_wconf 88' lang='lat' dir='ltr'>humanam</span> 
     </span>
     <span class='ocr_line' id='line_1_43' title="bbox 95 3976 1791 4049; baseline 0.001 -19"><span class='ocrx_word' id='word_1_612' title='bbox 95 3977 167 4031; x_wconf 83' lang='lat' dir='ltr'>ts&#39;aos</span> <span class='ocrx_word' id='word_1_613' title='bbox 192 3978 287 4031; x_wconf 78' lang='lat' dir='ltr'>rtatim</span> <span class='ocrx_word' id='word_1_614' title='bbox 313 3978 487 4043; x_wconf 60' lang='lat' dir='ltr'>emanasse,</span> <span class='ocrx_word' id='word_1_615' title='bbox 519 3996 576 4031; x_wconf 80' lang='lat' dir='ltr'>aon</span> <span class='ocrx_word' id='word_1_616' title='bbox 601 3986 704 4042; x_wconf 84' lang='lat' dir='ltr'>tamea,</span> <span class='ocrx_word' id='word_1_617' title='bbox 733 3980 801 4046; x_wconf 75' lang='lat' dir='ltr'>qaia</span> <span class='ocrx_word' id='word_1_618' title='bbox 831 3980 931 4049; x_wconf 75' lang='lat' dir='ltr'>potuit,</span> <span class='ocrx_word' id='word_1_619' title='bbox 957 3981 1084 4031; x_wconf 88' lang='lat' dir='ltr'>naturam</span> <span class='ocrx_word' id='word_1_620' title='bbox 1109 3984 1153 4032; x_wconf 85' lang='lat' dir='ltr'>est</span> <span class='ocrx_word' id='word_1_621' title='bbox 1174 3993 1238 4031; x_wconf 85' lang='lat' dir='ltr'>vere</span> <span class='ocrx_word' id='word_1_622' title='bbox 1256 3976 1333 4031; x_wconf 86' lang='lat' dir='ltr'>Dens</span> <span class='ocrx_word' id='word_1_623' title='bbox 1357 3993 1390 4031; x_wconf 93' lang='lat' dir='ltr'>ac</span> <span class='ocrx_word' id='word_1_624' title='bbox 1414 3977 1468 4031; x_wconf 86' lang='lat' dir='ltr'>Dei</span> <span class='ocrx_word' id='word_1_625' title='bbox 1486 3977 1574 4032; x_wconf 81' lang='lat' dir='ltr'>Filius</span> <span class='ocrx_word' id='word_1_626' title='bbox 1593 3979 1791 4048; x_wconf 79' lang='lat' dir='ltr'>personaliter.</span> 
     </span>
     <span class='ocr_line' id='line_1_44' title="bbox 93 4063 1793 4135; baseline -0.002 -17"><span class='ocrx_word' id='word_1_627' title='bbox 93 4065 234 4118; x_wconf 67' lang='lat' dir='ltr'>masma.</span> <span class='ocrx_word' id='word_1_628' title='bbox 269 4065 420 4134; x_wconf 80' lang='lat' dir='ltr'>Oportebat</span> <span class='ocrx_word' id='word_1_629' title='bbox 437 4067 510 4119; x_wconf 78' lang='lat' dir='ltr'>enim</span> <span class='ocrx_word' id='word_1_630' title='bbox 529 4073 553 4119; x_wconf 83' lang='lat' dir='ltr'>st</span> <span class='ocrx_word' id='word_1_631' title='bbox 572 4065 671 4118; x_wconf 79' lang='lat' dir='ltr'>milvos</span> <span class='ocrx_word' id='word_1_632' title='bbox 689 4081 748 4119; x_wconf 85' lang='lat' dir='ltr'>esse</span> <span class='ocrx_word' id='word_1_633' title='bbox 767 4073 792 4118; x_wconf 84' lang='lat' dir='ltr'>et</span> <span class='ocrx_word' id='word_1_634' title='bbox 814 4066 931 4119; x_wconf 81' lang='lat' dir='ltr'>haereti·</span> <span class='ocrx_word' id='word_1_635' title='bbox 959 4069 981 4119; x_wconf 94' lang='grc'>2.</span> <span class='ocrx_word' id='word_1_636' title='bbox 1008 4063 1097 4117; x_wconf 78' lang='lat' dir='ltr'>Nulla</span> <span class='ocrx_word' id='word_1_637' title='bbox 1125 4080 1171 4116; x_wconf 82' lang='lat' dir='ltr'>res</span> <span class='ocrx_word' id='word_1_638' title='bbox 1199 4071 1295 4116; x_wconf 84' lang='lat' dir='ltr'>creata</span> <span class='ocrx_word' id='word_1_639' title='bbox 1323 4072 1364 4117; x_wconf 85' lang='lat' dir='ltr'>est</span> <span class='ocrx_word' id='word_1_640' title='bbox 1390 4064 1509 4133; x_wconf 69' lang='lat' dir='ltr'>infinita.</span> <span class='ocrx_word' id='word_1_641' title='bbox 1559 4063 1642 4135; x_wconf 87' lang='lat' dir='ltr'>Resp.</span> <span class='ocrx_word' id='word_1_642' title='bbox 1671 4063 1793 4118; x_wconf 86' lang='lat' dir='ltr'>hnmana</span> 
     </span>
     <span class='ocr_line' id='line_1_45' title="bbox 94 4148 1793 4221; baseline -0.002 -16"><span class='ocrx_word' id='word_1_643' title='bbox 94 4167 146 4205; x_wconf 86' lang='lat' dir='ltr'>cos</span> <span class='ocrx_word' id='word_1_644' title='bbox 163 4154 213 4205; x_wconf 87' lang='lat' dir='ltr'>etc</span> <span class='ocrx_word' id='word_1_645' title='bbox 249 4150 294 4206; x_wconf 80' lang='lat' dir='ltr'>eie</span> <span class='ocrx_word' id='word_1_646' title='bbox 316 4152 542 4221; x_wconf 77' lang='lat' dir='ltr'>Apoltissars&#39;atac</span> <span class='ocrx_word' id='word_1_647' title='bbox 565 4157 636 4207; x_wconf 85' lang='lat' dir='ltr'>teste</span> <span class='ocrx_word' id='word_1_648' title='bbox 659 4151 837 4208; x_wconf 83' lang='lat' dir='ltr'>Naaianaeno</span> <span class='ocrx_word' id='word_1_649' title='bbox 863 4158 930 4206; x_wconf 90' lang='lat' dir='ltr'>orat</span> <span class='ocrx_word' id='word_1_650' title='bbox 958 4148 1059 4204; x_wconf 83' lang='lat' dir='ltr'>Christi</span> <span class='ocrx_word' id='word_1_651' title='bbox 1090 4155 1191 4203; x_wconf 86' lang='lat' dir='ltr'>natura</span> <span class='ocrx_word' id='word_1_652' title='bbox 1218 4149 1247 4203; x_wconf 93' lang='lat' dir='ltr'>in</span> <span class='ocrx_word' id='word_1_653' title='bbox 1277 4149 1412 4203; x_wconf 83' lang='lat' dir='ltr'>infinitam</span> <span class='ocrx_word' id='word_1_654' title='bbox 1435 4149 1533 4220; x_wconf 68' lang='grc' dir='ltr'><em>Λάγου</em></span> <span class='ocrx_word' id='word_1_655' title='bbox 1559 4150 1722 4221; x_wconf 82' lang='lat' dir='ltr'>hypostasin</span> <span class='ocrx_word' id='word_1_656' title='bbox 1750 4156 1793 4202; x_wconf 85' lang='lat' dir='ltr'>cst</span> 
     </span>
     <span class='ocr_line' id='line_1_46' title="bbox 95 4231 1792 4310; baseline -0.002 -19"><span class='ocrx_word' id='word_1_657' title='bbox 95 4241 146 4291; x_wconf 66' lang='lat' dir='ltr'>tl&lt;</span> <span class='ocrx_word' id='word_1_658' title='bbox 165 4234 218 4290; x_wconf 77' lang='lat' dir='ltr'>ind</span> <span class='ocrx_word' id='word_1_659' title='bbox 232 4241 285 4292; x_wconf 76' lang='lat' dir='ltr'>miv</span> <span class='ocrx_word' id='word_1_660' title='bbox 300 4231 640 4310; x_wconf 73' lang='grc' dir='ltr'>λογισμῶνέξιιργόμενοι</span> <span class='ocrx_word' id='word_1_661' title='bbox 659 4242 819 4308; x_wconf 75' lang='grc' dir='ltr'>νανέφυγον</span> <span class='ocrx_word' id='word_1_662' title='bbox 836 4239 882 4291; x_wconf 78' lang='lat' dir='ltr'>lut</span> <span class='ocrx_word' id='word_1_663' title='bbox 900 4258 930 4292; x_wconf 83' lang='lat' dir='ltr'>vo</span> <span class='ocrx_word' id='word_1_664' title='bbox 957 4242 1081 4290; x_wconf 90' lang='lat' dir='ltr'>assumta</span> <span class='ocrx_word' id='word_1_665' title='bbox 1095 4240 1123 4290; x_wconf 89' lang='lat' dir='ltr'>et</span> <span class='ocrx_word' id='word_1_666' title='bbox 1136 4235 1172 4289; x_wconf 92' lang='lat' dir='ltr'>ad</span> <span class='ocrx_word' id='word_1_667' title='bbox 1182 4234 1317 4289; x_wconf 85' lang='lat' dir='ltr'>infinitam</span> <span class='ocrx_word' id='word_1_668' title='bbox 1329 4234 1383 4289; x_wconf 90' lang='lat' dir='ltr'>Dei</span> <span class='ocrx_word' id='word_1_669' title='bbox 1399 4235 1522 4290; x_wconf 85' lang='lat' dir='ltr'>dextram</span> <span class='ocrx_word' id='word_1_670' title='bbox 1534 4243 1638 4290; x_wconf 85' lang='lat' dir='ltr'>evecta.</span> <span class='ocrx_word' id='word_1_671' title='bbox 1665 4242 1688 4290; x_wconf 81' lang='lat'>³.</span> <span class='ocrx_word' id='word_1_672' title='bbox 1702 4235 1792 4303; x_wconf 69' lang='lat' dir='ltr'>Nulla</span> 
     </span>
     <span class='ocr_line' id='line_1_47' title="bbox 94 4320 1792 4393; baseline -0.004 -15"><span class='ocrx_word' id='word_1_673' title='bbox 94 4322 218 4378; x_wconf 74' lang='lat' dir='ltr'>durator</span> <span class='ocrx_word' id='word_1_674' title='bbox 237 4322 309 4377; x_wconf 73' lang='lat' dir='ltr'>afros</span> <span class='ocrx_word' id='word_1_675' title='bbox 326 4327 362 4392; x_wconf 76' lang='grc' dir='ltr'>τῷ</span> <span class='ocrx_word' id='word_1_676' title='bbox 379 4327 435 4391; x_wconf 76' lang='grc' dir='ltr'>θεῷ</span> <span class='ocrx_word' id='word_1_677' title='bbox 459 4324 561 4378; x_wconf 81' lang='lat' dir='ltr'>directi</span> <span class='ocrx_word' id='word_1_678' title='bbox 577 4343 597 4378; x_wconf 88' lang='lat' dir='ltr'>a</span> <span class='ocrx_word' id='word_1_679' title='bbox 615 4324 771 4379; x_wconf 76' lang='lat' dir='ltr'>rationibus</span> <span class='ocrx_word' id='word_1_680' title='bbox 789 4326 931 4393; x_wconf 81' lang='lat' dir='ltr'>consapie-</span> <span class='ocrx_word' id='word_1_681' title='bbox 958 4339 1001 4375; x_wconf 82' lang='lat' dir='ltr'>ree</span> <span class='ocrx_word' id='word_1_682' title='bbox 1017 4329 1114 4375; x_wconf 76' lang='lat' dir='ltr'>creata</span> <span class='ocrx_word' id='word_1_683' title='bbox 1131 4337 1224 4389; x_wconf 78' lang='lat' dir='ltr'>capam</span> <span class='ocrx_word' id='word_1_684' title='bbox 1238 4329 1277 4373; x_wconf 81' lang='lat' dir='ltr'>eat</span> <span class='ocrx_word' id='word_1_685' title='bbox 1296 4320 1422 4382; x_wconf 77' lang='lat' dir='ltr'>infinitas</span> <span class='ocrx_word' id='word_1_686' title='bbox 1433 4322 1552 4388; x_wconf 76' lang='lat' dir='ltr'>virtutis,</span> <span class='ocrx_word' id='word_1_687' title='bbox 1571 4321 1705 4391; x_wconf 69' lang='lat' dir='ltr'>qas‘equia</span> <span class='ocrx_word' id='word_1_688' title='bbox 1722 4321 1792 4373; x_wconf 81' lang='lat' dir='ltr'>caim</span> 
     </span>
     <span class='ocr_line' id='line_1_48' title="bbox 94 4408 1792 4478; baseline -0.002 -14"><span class='ocrx_word' id='word_1_689' title='bbox 94 4410 165 4464; x_wconf 76' lang='lat' dir='ltr'>bant</span> <span class='ocrx_word' id='word_1_690' title='bbox 183 4411 225 4463; x_wconf 83' lang='lat' dir='ltr'>ad</span> <span class='ocrx_word' id='word_1_691' title='bbox 242 4410 301 4463; x_wconf 86' lang='lat' dir='ltr'>Dei</span> <span class='ocrx_word' id='word_1_692' title='bbox 314 4411 476 4478; x_wconf 78' lang='lat' dir='ltr'>potentiam.</span> <span class='ocrx_word' id='word_1_693' title='bbox 507 4411 614 4464; x_wconf 81' lang='lat' dir='ltr'>Ariani</span> <span class='ocrx_word' id='word_1_694' title='bbox 630 4411 835 4467; x_wconf 84' lang='lat' dir='ltr'>contendebant</span> <span class='ocrx_word' id='word_1_695' title='bbox 854 4410 932 4465; x_wconf 89' lang='lat' dir='ltr'>Chri·</span> <span class='ocrx_word' id='word_1_696' title='bbox 958 4408 1100 4477; x_wconf 70' lang='lat' dir='ltr'>recepitur,</span> <span class='ocrx_word' id='word_1_697' title='bbox 1113 4408 1249 4476; x_wconf 80' lang='lat' dir='ltr'>recipitur</span> <span class='ocrx_word' id='word_1_698' title='bbox 1253 4424 1308 4475; x_wconf 83' lang='lat' dir='ltr'>per</span> <span class='ocrx_word' id='word_1_699' title='bbox 1317 4409 1428 4459; x_wconf 82' lang='lat' dir='ltr'>modam</span> <span class='ocrx_word' id='word_1_700' title='bbox 1435 4408 1603 4476; x_wconf 67' lang='lat' dir='ltr'>recipientis,</span> <span class='ocrx_word' id='word_1_701' title='bbox 1611 4423 1667 4460; x_wconf 81' lang='lat' dir='ltr'>aaa</span> <span class='ocrx_word' id='word_1_702' title='bbox 1673 4423 1729 4476; x_wconf 81' lang='lat' dir='ltr'>per</span> <span class='ocrx_word' id='word_1_703' title='bbox 1737 4424 1792 4460; x_wconf 89' lang='lat' dir='ltr'>mo·</span> 
     </span>
     <span class='ocr_line' id='line_1_49' title="bbox 93 4492 1790 4569; baseline -0.004 -18"><span class='ocrx_word' id='word_1_704' title='bbox 93 4498 171 4551; x_wconf 70' lang='lat' dir='ltr'>absm</span> <span class='ocrx_word' id='word_1_705' title='bbox 189 4511 245 4548; x_wconf 90' lang='lat' dir='ltr'>non</span> <span class='ocrx_word' id='word_1_706' title='bbox 263 4511 322 4550; x_wconf 87' lang='lat' dir='ltr'>esse</span> <span class='ocrx_word' id='word_1_707' title='bbox 340 4494 441 4549; x_wconf 78' lang='lat' dir='ltr'>Filium</span> <span class='ocrx_word' id='word_1_708' title='bbox 460 4496 514 4550; x_wconf 91' lang='lat' dir='ltr'>Dei</span> <span class='ocrx_word' id='word_1_709' title='bbox 531 4515 581 4567; x_wconf 87' lang='lat' dir='ltr'>per</span> <span class='ocrx_word' id='word_1_710' title='bbox 601 4497 806 4569; x_wconf 86' lang='lat' dir='ltr'>generationem</span> <span class='ocrx_word' id='word_1_711' title='bbox 833 4504 862 4553; x_wconf 90' lang='lat' dir='ltr'>et</span> <span class='ocrx_word' id='word_1_712' title='bbox 883 4514 931 4551; x_wconf 86' lang='lat' dir='ltr'>na·</span> <span class='ocrx_word' id='word_1_713' title='bbox 960 4496 1026 4546; x_wconf 69' lang='lat' dir='ltr'>darm</span> <span class='ocrx_word' id='word_1_714' title='bbox 1038 4494 1150 4562; x_wconf 79' lang='lat' dir='ltr'>recepti.</span> <span class='ocrx_word' id='word_1_715' title='bbox 1177 4492 1260 4563; x_wconf 88' lang='lat' dir='ltr'>Resp.</span> <span class='ocrx_word' id='word_1_716' title='bbox 1275 4492 1512 4563; x_wconf 87' lang='lat' dir='ltr'>Distinguendum</span> <span class='ocrx_word' id='word_1_717' title='bbox 1524 4493 1596 4547; x_wconf 87' lang='lat' dir='ltr'>inter</span> <span class='ocrx_word' id='word_1_718' title='bbox 1608 4494 1790 4562; x_wconf 70' lang='lat' dir='ltr'>capacitatem</span> 
     </span>
     <span class='ocr_line' id='line_1_50' title="bbox 93 4580 1791 4651; baseline -0.003 -15"><span class='ocrx_word' id='word_1_719' title='bbox 93 4581 245 4650; x_wconf 84' lang='lat' dir='ltr'>tivitatesn,</span> <span class='ocrx_word' id='word_1_720' title='bbox 264 4581 314 4635; x_wconf 88' lang='lat' dir='ltr'>sed</span> <span class='ocrx_word' id='word_1_721' title='bbox 329 4598 380 4651; x_wconf 86' lang='lat' dir='ltr'>per</span> <span class='ocrx_word' id='word_1_722' title='bbox 396 4581 541 4647; x_wconf 88' lang='lat' dir='ltr'>facturam,</span> <span class='ocrx_word' id='word_1_723' title='bbox 563 4583 685 4639; x_wconf 90' lang='lat' dir='ltr'>convicti</span> <span class='ocrx_word' id='word_1_724' title='bbox 701 4584 800 4639; x_wconf 88' lang='lat' dir='ltr'>erroris</span> <span class='ocrx_word' id='word_1_725' title='bbox 819 4583 855 4638; x_wconf 91' lang='lat' dir='ltr'>ab</span> <span class='ocrx_word' id='word_1_726' title='bbox 875 4583 932 4637; x_wconf 85' lang='lat' dir='ltr'>llo·</span> <span class='ocrx_word' id='word_1_727' title='bbox 959 4581 1070 4634; x_wconf 78' lang='lat' dir='ltr'>unionis</span> <span class='ocrx_word' id='word_1_728' title='bbox 1088 4589 1113 4634; x_wconf 83' lang='lat' dir='ltr'>et</span> <span class='ocrx_word' id='word_1_729' title='bbox 1125 4580 1328 4650; x_wconf 78' lang='lat' dir='ltr'>quantitativae</span> <span class='ocrx_word' id='word_1_730' title='bbox 1344 4580 1791 4648; x_wconf 75' lang='lat' dir='ltr'>aspbpsicaeaompretmss&#39;am&#39;a</span> 
     </span>
     <span class='ocr_line' id='line_1_51' title="bbox 95 4664 1794 4739; baseline -0.002 -17"><span class='ocrx_word' id='word_1_731' title='bbox 95 4666 247 4722; x_wconf 87' lang='lat' dir='ltr'>monsianis</span> <span class='ocrx_word' id='word_1_732' title='bbox 265 4684 298 4722; x_wconf 93' lang='lat' dir='ltr'>eo</span> <span class='ocrx_word' id='word_1_733' title='bbox 318 4666 531 4739; x_wconf 86' lang='lat' dir='ltr'>confugiebant,</span> <span class='ocrx_word' id='word_1_734' title='bbox 549 4676 582 4724; x_wconf 93' lang='lat' dir='ltr'>ut</span> <span class='ocrx_word' id='word_1_735' title='bbox 599 4669 723 4725; x_wconf 80' lang='lat' dir='ltr'>diamant</span> <span class='ocrx_word' id='word_1_736' title='bbox 735 4687 791 4737; x_wconf 81' lang='lat' dir='ltr'>per</span> <span class='ocrx_word' id='word_1_737' title='bbox 810 4671 933 4739; x_wconf 77' lang='lat' dir='ltr'>ommpo·</span> <span class='ocrx_word' id='word_1_738' title='bbox 960 4667 1000 4724; x_wconf 89' lang='lat' dir='ltr'>Ut</span> <span class='ocrx_word' id='word_1_739' title='bbox 1017 4666 1138 4721; x_wconf 89' lang='lat' dir='ltr'>humana</span> <span class='ocrx_word' id='word_1_740' title='bbox 1155 4664 1258 4720; x_wconf 85' lang='lat' dir='ltr'>Christi</span> <span class='ocrx_word' id='word_1_741' title='bbox 1285 4671 1386 4720; x_wconf 87' lang='lat' dir='ltr'>natura</span> <span class='ocrx_word' id='word_1_742' title='bbox 1405 4682 1455 4736; x_wconf 87' lang='lat' dir='ltr'>per</span> <span class='ocrx_word' id='word_1_743' title='bbox 1481 4666 1611 4722; x_wconf 84' lang='lat' dir='ltr'>unionem</span> <span class='ocrx_word' id='word_1_744' title='bbox 1638 4682 1726 4736; x_wconf 86' lang='lat' dir='ltr'>capax</span> <span class='ocrx_word' id='word_1_745' title='bbox 1752 4672 1794 4719; x_wconf 89' lang='lat' dir='ltr'>est</span> 
     </span>
     <span class='ocr_line' id='line_1_52' title="bbox 94 4751 1793 4825; baseline -0.002 -17"><span class='ocrx_word' id='word_1_746' title='bbox 94 4754 214 4808; x_wconf 70' lang='lat' dir='ltr'>tentam</span> <span class='ocrx_word' id='word_1_747' title='bbox 225 4755 284 4807; x_wconf 80' lang='lat' dir='ltr'>Dei</span> <span class='ocrx_word' id='word_1_748' title='bbox 293 4756 344 4807; x_wconf 79' lang='lat' dir='ltr'>boa</span> <span class='ocrx_word' id='word_1_749' title='bbox 363 4756 473 4810; x_wconf 74' lang='lat' dir='ltr'>Christo</span> <span class='ocrx_word' id='word_1_750' title='bbox 482 4764 633 4824; x_wconf 79' lang='lat' dir='ltr'>praestare</span> <span class='ocrx_word' id='word_1_751' title='bbox 641 4757 766 4825; x_wconf 81' lang='lat' dir='ltr'>potuisse</span> <span class='ocrx_word' id='word_1_752' title='bbox 782 4757 933 4825; x_wconf 77' lang='lat' dir='ltr'>facturam,</span> <span class='ocrx_word' id='word_1_753' title='bbox 960 4752 1084 4808; x_wconf 85' lang='lat' dir='ltr'>infinitae</span> <span class='ocrx_word' id='word_1_754' title='bbox 1105 4752 1283 4812; x_wconf 76' lang='grc' dir='ltr'>ὑποστάσεως</span> <span class='ocrx_word' id='word_1_755' title='bbox 1299 4754 1350 4806; x_wconf 79' lang='grc' dir='ltr'>τοῦ</span> <span class='ocrx_word' id='word_1_756' title='bbox 1368 4751 1476 4822; x_wconf 78' lang='grc' dir='ltr'><strong><em>Λόγου,</em></strong></span> <span class='ocrx_word' id='word_1_757' title='bbox 1494 4752 1533 4807; x_wconf 89' lang='lat' dir='ltr'>sic</span> <span class='ocrx_word' id='word_1_758' title='bbox 1552 4753 1635 4808; x_wconf 90' lang='lat' dir='ltr'>etiam</span> <span class='ocrx_word' id='word_1_759' title='bbox 1652 4768 1703 4822; x_wconf 87' lang='lat' dir='ltr'>per</span> <span class='ocrx_word' id='word_1_760' title='bbox 1721 4768 1793 4807; x_wconf 88' lang='lat' dir='ltr'>com·</span> 
     </span>
     <span class='ocr_line' id='line_1_53' title="bbox 96 4836 1793 4910; baseline -0.001 -17"><span class='ocrx_word' id='word_1_761' title='bbox 96 4842 176 4910; x_wconf 76' lang='lat' dir='ltr'>qaod</span> <span class='ocrx_word' id='word_1_762' title='bbox 193 4840 335 4908; x_wconf 76' lang='lat' dir='ltr'>gesseratis</span> <span class='ocrx_word' id='word_1_763' title='bbox 354 4848 414 4894; x_wconf 86' lang='lat' dir='ltr'>erat</span> <span class='ocrx_word' id='word_1_764' title='bbox 431 4842 552 4907; x_wconf 65' lang='lat' dir='ltr'>dolorm·</span> <span class='ocrx_word' id='word_1_765' title='bbox 571 4840 611 4895; x_wconf 93' lang='lat' dir='ltr'>sic</span> <span class='ocrx_word' id='word_1_766' title='bbox 628 4841 700 4896; x_wconf 91' lang='lat' dir='ltr'>enim</span> <span class='ocrx_word' id='word_1_767' title='bbox 720 4847 816 4896; x_wconf 90' lang='lat' dir='ltr'>contra</span> <span class='ocrx_word' id='word_1_768' title='bbox 833 4840 894 4896; x_wconf 93' lang='lat' dir='ltr'>illos</span> <span class='ocrx_word' id='word_1_769' title='bbox 907 4849 936 4896; x_wconf 89' lang='lat' dir='ltr'>et</span> <span class='ocrx_word' id='word_1_770' title='bbox 961 4838 1172 4894; x_wconf 87' lang='lat' dir='ltr'>municationem</span> <span class='ocrx_word' id='word_1_771' title='bbox 1191 4854 1280 4908; x_wconf 90' lang='lat' dir='ltr'>capax</span> <span class='ocrx_word' id='word_1_772' title='bbox 1298 4845 1340 4893; x_wconf 89' lang='lat' dir='ltr'>est</span> <span class='ocrx_word' id='word_1_773' title='bbox 1357 4836 1481 4892; x_wconf 89' lang='lat' dir='ltr'>infinitae</span> <span class='ocrx_word' id='word_1_774' title='bbox 1501 4839 1626 4908; x_wconf 66' lang='lat' dir='ltr'>vinctis,</span> <span class='ocrx_word' id='word_1_775' title='bbox 1651 4855 1706 4893; x_wconf 92' lang='lat' dir='ltr'>non</span> <span class='ocrx_word' id='word_1_776' title='bbox 1724 4836 1793 4909; x_wconf 83' lang='lat' dir='ltr'>phy-</span> 
     </span>
     <span class='ocr_line' id='line_1_54' title="bbox 96 4923 1796 5000; baseline 0 -20"><span class='ocrx_word' id='word_1_777' title='bbox 96 4927 134 4981; x_wconf 90' lang='lat' dir='ltr'>de</span> <span class='ocrx_word' id='word_1_778' title='bbox 160 4923 208 4980; x_wconf 92' lang='lat' dir='ltr'>illo</span> <span class='ocrx_word' id='word_1_779' title='bbox 233 4924 343 4981; x_wconf 91' lang='lat' dir='ltr'>disserit</span> <span class='ocrx_word' id='word_1_780' title='bbox 361 4925 481 4997; x_wconf 84' lang='lat' dir='ltr'>August.</span> <span class='ocrx_word' id='word_1_781' title='bbox 506 4926 535 4981; x_wconf 92' lang='lat' dir='ltr'>in</span> <span class='ocrx_word' id='word_1_782' title='bbox 559 4944 605 5000; x_wconf 87' lang='lat' dir='ltr'>qq.</span> <span class='ocrx_word' id='word_1_783' title='bbox 623 4927 658 4984; x_wconf 83' lang='lat' dir='ltr'>V.</span> <span class='ocrx_word' id='word_1_784' title='bbox 678 4943 712 4982; x_wconf 89' lang='lat' dir='ltr'>ac</span> <span class='ocrx_word' id='word_1_785' title='bbox 736 4927 769 4982; x_wconf 89' lang='lat' dir='ltr'>N.</span> <span class='ocrx_word' id='word_1_786' title='bbox 789 4925 821 4980; x_wconf 89' lang='lat' dir='ltr'>T.</span> <span class='ocrx_word' id='word_1_787' title='bbox 846 4945 872 4997; x_wconf 89' lang='lat' dir='ltr'>q.</span> <span class='ocrx_word' id='word_1_788' title='bbox 894 4934 934 4983; x_wconf 83' lang='grc'>91.</span> <span class='ocrx_word' id='word_1_789' title='bbox 961 4926 1035 4993; x_wconf 88' lang='lat' dir='ltr'>sice,</span> <span class='ocrx_word' id='word_1_790' title='bbox 1064 4941 1119 4979; x_wconf 93' lang='lat' dir='ltr'>non</span> <span class='ocrx_word' id='word_1_791' title='bbox 1148 4924 1348 4997; x_wconf 82' lang='lat' dir='ltr'>quantitative,</span> <span class='ocrx_word' id='word_1_792' title='bbox 1375 4925 1423 4978; x_wconf 89' lang='lat' dir='ltr'>sed</span> <span class='ocrx_word' id='word_1_793' title='bbox 1451 4924 1641 4994; x_wconf 84' lang='lat' dir='ltr'>hypostatice,</span> <span class='ocrx_word' id='word_1_794' title='bbox 1670 4925 1796 4995; x_wconf 86' lang='lat' dir='ltr'>mystice,</span> 
     </span>
     <span class='ocr_line' id='line_1_55' title="bbox 96 5010 1796 5084; baseline -0.001 -18"><span class='ocrx_word' id='word_1_795' title='bbox 96 5019 164 5066; x_wconf 73' lang='lat' dir='ltr'>tam.</span> <span class='ocrx_word' id='word_1_796' title='bbox 176 5018 200 5066; x_wconf 86' lang='grc'>1.</span> <span class='ocrx_word' id='word_1_797' title='bbox 219 5029 245 5082; x_wconf 80' lang='lat' dir='ltr'>p.</span> <span class='ocrx_word' id='word_1_798' title='bbox 259 5016 322 5067; x_wconf 72' lang='lat' dir='ltr'>loe:</span> <span class='ocrx_word' id='word_1_799' title='bbox 339 5028 395 5066; x_wconf 85' lang='lat' dir='ltr'>non</span> <span class='ocrx_word' id='word_1_800' title='bbox 412 5013 542 5066; x_wconf 82' lang='lat' dir='ltr'>voluntas</span> <span class='ocrx_word' id='word_1_801' title='bbox 558 5029 652 5066; x_wconf 76' lang='lat' dir='ltr'>veram</span> <span class='ocrx_word' id='word_1_802' title='bbox 664 5014 771 5067; x_wconf 81' lang='lat' dir='ltr'>Filiam</span> <span class='ocrx_word' id='word_1_803' title='bbox 784 5014 867 5083; x_wconf 76' lang='lat' dir='ltr'>facit,</span> <span class='ocrx_word' id='word_1_804' title='bbox 885 5016 937 5067; x_wconf 78' lang='lat' dir='ltr'>aad</span> <span class='ocrx_word' id='word_1_805' title='bbox 962 5010 1166 5084; x_wconf 83' lang='lat' dir='ltr'>hyperphysice</span> <span class='ocrx_word' id='word_1_806' title='bbox 1193 5016 1246 5083; x_wconf 81' lang='lat' dir='ltr'>etc.¹</span> <span class='ocrx_word' id='word_1_807' title='bbox 1286 5018 1312 5066; x_wconf 85' lang='grc'>1.</span> <span class='ocrx_word' id='word_1_808' title='bbox 1341 5011 1431 5064; x_wconf 82' lang='lat' dir='ltr'>Nulla</span> <span class='ocrx_word' id='word_1_809' title='bbox 1454 5019 1493 5064; x_wconf 77' lang='lat' dir='ltr'>at</span> <span class='ocrx_word' id='word_1_810' title='bbox 1515 5019 1611 5064; x_wconf 82' lang='lat' dir='ltr'>creata</span> <span class='ocrx_word' id='word_1_811' title='bbox 1634 5010 1796 5080; x_wconf 81' lang='lat' dir='ltr'>mbataats&#39;a,</span> 
     </span>
     <span class='ocr_line' id='line_1_56' title="bbox 94 5074 1798 5173; baseline 0.001 -23"><span class='ocrx_word' id='word_1_812' title='bbox 94 5097 240 5151; x_wconf 74' lang='lat' dir='ltr'>amicitas.</span> <span class='ocrx_word' id='word_1_813' title='bbox 276 5097 329 5167; x_wconf 81' lang='lat' dir='ltr'>At,</span> <span class='ocrx_word' id='word_1_814' title='bbox 355 5098 498 5170; x_wconf 78' lang='lat' dir='ltr'>inquiunt,</span> <span class='ocrx_word' id='word_1_815' title='bbox 518 5099 664 5167; x_wconf 74' lang='lat' dir='ltr'>potentiae</span> <span class='ocrx_word' id='word_1_816' title='bbox 681 5099 741 5153; x_wconf 84' lang='lat' dir='ltr'>Dei</span> <span class='ocrx_word' id='word_1_817' title='bbox 765 5100 816 5152; x_wconf 80' lang='lat' dir='ltr'>boc</span> <span class='ocrx_word' id='word_1_818' title='bbox 837 5099 936 5164; x_wconf 77' lang='lat' dir='ltr'>rubeat,</span> <span class='ocrx_word' id='word_1_819' title='bbox 947 5074 951 5173; x_wconf 74' lang='grc'><strong>1</strong></span> <span class='ocrx_word' id='word_1_820' title='bbox 962 5113 1034 5168; x_wconf 79' lang='lat' dir='ltr'>puae</span> <span class='ocrx_word' id='word_1_821' title='bbox 1049 5098 1080 5150; x_wconf 79' lang='lat' dir='ltr'>ia</span> <span class='ocrx_word' id='word_1_822' title='bbox 1098 5098 1157 5150; x_wconf 71' lang='lat' dir='ltr'>aab</span> <span class='ocrx_word' id='word_1_823' title='bbox 1169 5097 1324 5151; x_wconf 69' lang='lat' dir='ltr'>amonium</span> <span class='ocrx_word' id='word_1_824' title='bbox 1336 5076 1471 5165; x_wconf 77' lang='lat' dir='ltr'>impediri</span> <span class='ocrx_word' id='word_1_825' title='bbox 1483 5104 1508 5150; x_wconf 86' lang='lat' dir='ltr'>et</span> <span class='ocrx_word' id='word_1_826' title='bbox 1521 5114 1573 5152; x_wconf 84' lang='lat' dir='ltr'>sna</span> <span class='ocrx_word' id='word_1_827' title='bbox 1592 5096 1675 5151; x_wconf 85' lang='lat' dir='ltr'>etiam</span> <span class='ocrx_word' id='word_1_828' title='bbox 1692 5098 1798 5165; x_wconf 76' lang='lat' dir='ltr'>aptasti</span> 
     </span>
     <span class='ocr_line' id='line_1_57' title="bbox 97 5182 1798 5256; baseline 0.002 -20"><span class='ocrx_word' id='word_1_829' title='bbox 97 5191 130 5237; x_wconf 81' lang='lat' dir='ltr'>at</span> <span class='ocrx_word' id='word_1_830' title='bbox 142 5183 230 5251; x_wconf 79' lang='lat' dir='ltr'>salsa</span> <span class='ocrx_word' id='word_1_831' title='bbox 246 5184 339 5251; x_wconf 77' lang='lat' dir='ltr'>faciat</span> <span class='ocrx_word' id='word_1_832' title='bbox 358 5203 433 5240; x_wconf 84' lang='lat' dir='ltr'>vera.</span> <span class='ocrx_word' id='word_1_833' title='bbox 470 5182 629 5256; x_wconf 82' lang='lat' dir='ltr'>Respondet</span> <span class='ocrx_word' id='word_1_834' title='bbox 646 5183 784 5256; x_wconf 81' lang='lat' dir='ltr'>August:</span> <span class='ocrx_word' id='word_1_835' title='bbox 812 5185 867 5238; x_wconf 80' lang='lat' dir='ltr'>imo</span> <span class='ocrx_word' id='word_1_836' title='bbox 884 5203 936 5254; x_wconf 86' lang='lat' dir='ltr'>pa·</span> <span class='ocrx_word' id='word_1_837' title='bbox 961 5186 1061 5237; x_wconf 77' lang='lat' dir='ltr'>oirtrste</span> <span class='ocrx_word' id='word_1_838' title='bbox 1086 5184 1199 5253; x_wconf 80' lang='lat' dir='ltr'>privari</span> <span class='ocrx_word' id='word_1_839' title='bbox 1224 5201 1279 5237; x_wconf 84' lang='lat' dir='ltr'>aaa</span> <span class='ocrx_word' id='word_1_840' title='bbox 1301 5183 1402 5251; x_wconf 81' lang='lat' dir='ltr'>possit.</span> <span class='ocrx_word' id='word_1_841' title='bbox 1442 5182 1525 5254; x_wconf 88' lang='lat' dir='ltr'>Resp.</span> <span class='ocrx_word' id='word_1_842' title='bbox 1554 5184 1686 5255; x_wconf 88' lang='lat' dir='ltr'>quamdiu</span> <span class='ocrx_word' id='word_1_843' title='bbox 1715 5184 1798 5239; x_wconf 84' lang='lat' dir='ltr'>durat</span> 
     </span>
     <span class='ocr_line' id='line_1_58' title="bbox 96 5262 1879 5341; baseline 0 -18"><span class='ocrx_word' id='word_1_844' title='bbox 96 5269 187 5323; x_wconf 79' lang='lat' dir='ltr'>tentia</span> <span class='ocrx_word' id='word_1_845' title='bbox 206 5271 265 5324; x_wconf 83' lang='lat' dir='ltr'>Dei</span> <span class='ocrx_word' id='word_1_846' title='bbox 291 5271 359 5325; x_wconf 81' lang='lat' dir='ltr'>haec</span> <span class='ocrx_word' id='word_1_847' title='bbox 382 5281 439 5339; x_wconf 80' lang='lat' dir='ltr'>est,</span> <span class='ocrx_word' id='word_1_848' title='bbox 465 5273 540 5325; x_wconf 81' lang='lat' dir='ltr'>ande</span> <span class='ocrx_word' id='word_1_849' title='bbox 566 5279 593 5324; x_wconf 88' lang='lat' dir='ltr'>et</span> <span class='ocrx_word' id='word_1_850' title='bbox 617 5271 693 5324; x_wconf 88' lang='lat' dir='ltr'>omm&#39;</span> <span class='ocrx_word' id='word_1_851' title='bbox 719 5271 806 5324; x_wconf 77' lang='lat' dir='ltr'>laada</span> <span class='ocrx_word' id='word_1_852' title='bbox 832 5271 936 5339; x_wconf 71' lang='lat' dir='ltr'>dianas</span> <span class='ocrx_word' id='word_1_853' title='bbox 962 5269 1114 5341; x_wconf 89' lang='lat' dir='ltr'>personalis</span> <span class='ocrx_word' id='word_1_854' title='bbox 1127 5269 1200 5335; x_wconf 90' lang='lat' dir='ltr'>unio,</span> <span class='ocrx_word' id='word_1_855' title='bbox 1215 5269 1322 5323; x_wconf 88' lang='lat' dir='ltr'>tamdiu</span> <span class='ocrx_word' id='word_1_856' title='bbox 1333 5268 1455 5322; x_wconf 90' lang='lat' dir='ltr'>humana</span> <span class='ocrx_word' id='word_1_857' title='bbox 1469 5267 1572 5323; x_wconf 90' lang='lat' dir='ltr'>Christi</span> <span class='ocrx_word' id='word_1_858' title='bbox 1583 5277 1683 5325; x_wconf 87' lang='lat' dir='ltr'>natura</span> <span class='ocrx_word' id='word_1_859' title='bbox 1695 5270 1797 5341; x_wconf 86' lang='lat' dir='ltr'>agendi</span> <span class='ocrx_word' id='word_1_860' title='bbox 1876 5262 1879 5270; x_wconf 55' lang='lat'><strong>¹</strong></span> 
     </span>
     <span class='ocr_line' id='line_1_59' title="bbox 97 5354 1799 5428; baseline 0.002 -20"><span class='ocrx_word' id='word_1_861' title='bbox 97 5364 158 5424; x_wconf 81' lang='lat' dir='ltr'>est,</span> <span class='ocrx_word' id='word_1_862' title='bbox 183 5356 252 5426; x_wconf 75' lang='lat' dir='ltr'>qaia</span> <span class='ocrx_word' id='word_1_863' title='bbox 269 5367 365 5412; x_wconf 82' lang='lat' dir='ltr'>seram</span> <span class='ocrx_word' id='word_1_864' title='bbox 382 5359 461 5428; x_wconf 77' lang='lat' dir='ltr'>epod</span> <span class='ocrx_word' id='word_1_865' title='bbox 478 5359 560 5413; x_wconf 73' lang='lat' dir='ltr'>tumn</span> <span class='ocrx_word' id='word_1_866' title='bbox 579 5374 673 5411; x_wconf 83' lang='lat' dir='ltr'>cerum</span> <span class='ocrx_word' id='word_1_867' title='bbox 698 5364 751 5425; x_wconf 83' lang='lat' dir='ltr'>eat,</span> <span class='ocrx_word' id='word_1_868' title='bbox 780 5365 805 5409; x_wconf 77' lang='lat' dir='ltr'>et</span> <span class='ocrx_word' id='word_1_869' title='bbox 821 5358 936 5424; x_wconf 82' lang='lat' dir='ltr'>falsum</span> <span class='ocrx_word' id='word_1_870' title='bbox 961 5357 1064 5411; x_wconf 86' lang='lat' dir='ltr'>virtute</span> <span class='ocrx_word' id='word_1_871' title='bbox 1075 5355 1177 5426; x_wconf 87' lang='lat' dir='ltr'>privari</span> <span class='ocrx_word' id='word_1_872' title='bbox 1194 5356 1299 5425; x_wconf 86' lang='lat' dir='ltr'>nequit,</span> <span class='ocrx_word' id='word_1_873' title='bbox 1318 5354 1460 5408; x_wconf 88' lang='lat' dir='ltr'>nonenim</span> <span class='ocrx_word' id='word_1_874' title='bbox 1477 5355 1590 5410; x_wconf 90' lang='lat' dir='ltr'>seorsim</span> <span class='ocrx_word' id='word_1_875' title='bbox 1610 5363 1639 5411; x_wconf 91' lang='lat' dir='ltr'>et</span> <span class='ocrx_word' id='word_1_876' title='bbox 1655 5355 1715 5411; x_wconf 84' lang='lat' dir='ltr'>sola</span> <span class='ocrx_word' id='word_1_877' title='bbox 1733 5373 1799 5427; x_wconf 88' lang='lat' dir='ltr'>ope·</span> 
     </span>
     <span class='ocr_line' id='line_1_60' title="bbox 96 5440 1797 5513; baseline 0 -16"><span class='ocrx_word' id='word_1_878' title='bbox 96 5444 182 5511; x_wconf 75' lang='lat' dir='ltr'>apud</span> <span class='ocrx_word' id='word_1_879' title='bbox 199 5443 281 5497; x_wconf 75' lang='lat' dir='ltr'>illust</span> <span class='ocrx_word' id='word_1_880' title='bbox 297 5444 406 5510; x_wconf 75' lang='lat' dir='ltr'>falsam</span> <span class='ocrx_word' id='word_1_881' title='bbox 424 5453 480 5513; x_wconf 83' lang='lat' dir='ltr'>est,·</span> <span class='ocrx_word' id='word_1_882' title='bbox 496 5462 564 5499; x_wconf 77' lang='lat' dir='ltr'>acm</span> <span class='ocrx_word' id='word_1_883' title='bbox 584 5444 662 5498; x_wconf 81' lang='lat' dir='ltr'>istud</span> <span class='ocrx_word' id='word_1_884' title='bbox 680 5445 824 5497; x_wconf 80' lang='lat' dir='ltr'>mendacis</span> <span class='ocrx_word' id='word_1_885' title='bbox 843 5452 891 5510; x_wconf 84' lang='lat' dir='ltr'>est,</span> <span class='ocrx_word' id='word_1_886' title='bbox 906 5451 938 5496; x_wconf 82' lang='lat' dir='ltr'>at</span> <span class='ocrx_word' id='word_1_887' title='bbox 962 5447 1053 5506; x_wconf 83' lang='lat' dir='ltr'>ratur,</span> <span class='ocrx_word' id='word_1_888' title='bbox 1078 5441 1127 5496; x_wconf 90' lang='lat' dir='ltr'>sed</span> <span class='ocrx_word' id='word_1_889' title='bbox 1147 5440 1243 5510; x_wconf 75' lang='grc' dir='ltr'><em>Λόγος</em></span> <span class='ocrx_word' id='word_1_890' title='bbox 1260 5440 1288 5494; x_wconf 90' lang='lat' dir='ltr'>iu</span> <span class='ocrx_word' id='word_1_891' title='bbox 1307 5454 1351 5510; x_wconf 89' lang='lat' dir='ltr'>ea,</span> <span class='ocrx_word' id='word_1_892' title='bbox 1375 5456 1438 5495; x_wconf 89' lang='lat' dir='ltr'>cnm</span> <span class='ocrx_word' id='word_1_893' title='bbox 1456 5457 1490 5496; x_wconf 89' lang='lat' dir='ltr'>sa</span> <span class='ocrx_word' id='word_1_894' title='bbox 1508 5447 1537 5496; x_wconf 86' lang='lat' dir='ltr'>et</span> <span class='ocrx_word' id='word_1_895' title='bbox 1553 5456 1603 5513; x_wconf 82' lang='lat' dir='ltr'>pet</span> <span class='ocrx_word' id='word_1_896' title='bbox 1622 5456 1683 5500; x_wconf 88' lang='lat' dir='ltr'>eam</span> <span class='ocrx_word' id='word_1_897' title='bbox 1701 5457 1797 5513; x_wconf 82' lang='lat' dir='ltr'>opera·</span> 
     </span>
     <span class='ocr_line' id='line_1_61' title="bbox 89 5520 1802 5605; baseline 0 -21"><span class='ocrx_word' id='word_1_898' title='bbox 89 5529 210 5600; x_wconf 75' lang='lat' dir='ltr'>salerna</span> <span class='ocrx_word' id='word_1_899' title='bbox 227 5531 307 5585; x_wconf 81' lang='lat' dir='ltr'>dicat</span> <span class='ocrx_word' id='word_1_900' title='bbox 322 5547 425 5597; x_wconf 76' lang='lat' dir='ltr'>samm,</span> <span class='ocrx_word' id='word_1_901' title='bbox 443 5533 520 5602; x_wconf 75' lang='lat' dir='ltr'>qaod</span> <span class='ocrx_word' id='word_1_902' title='bbox 532 5533 595 5586; x_wconf 77' lang='lat' dir='ltr'>Deo</span> <span class='ocrx_word' id='word_1_903' title='bbox 611 5547 669 5585; x_wconf 81' lang='lat' dir='ltr'>son</span> <span class='ocrx_word' id='word_1_904' title='bbox 687 5529 824 5600; x_wconf 70' lang='lat' dir='ltr'>competit</span> <span class='ocrx_word' id='word_1_905' title='bbox 860 5531 936 5584; x_wconf 87' lang='lat' dir='ltr'>Nam</span> <span class='ocrx_word' id='word_1_906' title='bbox 961 5529 1051 5585; x_wconf 85' lang='lat' dir='ltr'>tiones</span> <span class='ocrx_word' id='word_1_907' title='bbox 1068 5528 1134 5600; x_wconf 85' lang='lat' dir='ltr'>edit,</span> <span class='ocrx_word' id='word_1_908' title='bbox 1153 5544 1187 5583; x_wconf 87' lang='lat' dir='ltr'>ac</span> <span class='ocrx_word' id='word_1_909' title='bbox 1205 5527 1292 5583; x_wconf 87' lang='lat' dir='ltr'>virtus</span> <span class='ocrx_word' id='word_1_910' title='bbox 1311 5527 1360 5582; x_wconf 85' lang='lat' dir='ltr'>illa</span> <span class='ocrx_word' id='word_1_911' title='bbox 1376 5524 1481 5605; x_wconf 80' lang='lat' dir='ltr'>agendi</span> <span class='ocrx_word' id='word_1_912' title='bbox 1498 5520 1555 5585; x_wconf 87' lang='lat' dir='ltr'>uon</span> <span class='ocrx_word' id='word_1_913' title='bbox 1575 5534 1618 5583; x_wconf 89' lang='lat' dir='ltr'>est</span> <span class='ocrx_word' id='word_1_914' title='bbox 1631 5534 1759 5600; x_wconf 78' lang='lat' dir='ltr'>separata</span> <span class='ocrx_word' id='word_1_915' title='bbox 1771 5533 1802 5586; x_wconf 79' lang='lat' dir='ltr'>et</span> 
     </span>
    </p>
   </div>
   <div class='ocr_carea' id='block_1_3' title="bbox 1432 5635 1466 5692">
    <p class='ocr_par' dir='ltr' id='par_1_3' title="bbox 1432 5635 1466 5692">
     <span class='ocr_line' id='line_1_62' title="bbox 1432 5635 1466 5692; baseline -0.029 0"><span class='ocrx_word' id='word_1_916' title='bbox 1432 5635 1466 5692; x_wconf 84' lang='grc'>22</span> 
     </span>
    </p>
   </div>
   <div class='ocr_carea' id='block_1_4' title="bbox 0 0 2006 6020">
    <p class='ocr_par' dir='ltr' id='par_1_4' title="bbox 0 0 2006 6020">
     <span class='ocr_line' id='line_1_63' title="bbox 0 0 2006 6020; baseline 0 0"><span class='ocrx_word' id='word_1_917' title='bbox 0 0 2006 6020; x_wconf 95' lang='lat' dir='ltr'> </span> 
     </span>
    </p>
   </div>
  </div>
 </body>
</html>
