3984 6022
189 265 246 324 lib
892 263 1014 320 LOCUS
1034 263 1176 321 PRIMUS

84 424 112 466 u.
127 421 173 466 tto.
188 414 306 472 renium
333 414 382 477 sit)
412 413 600 482 Hieronymus
626 415 745 485 clamat,
774 416 824 470 boe
852 417 916 486 s'psa
943 417 1025 469 docet
1053 416 1197 485 emphasin
1215 418 1356 488 replicare
1372 417 1507 475 eorunm
1526 420 1554 475 3.
1571 427 1601 475 ut
1614 423 1716 493 plures
1732 394 1832 481 merui
1844 428 1883 484 in·

190 502 274 557 ratio.
311 503 349 556 Et
370 501 463 556 nullus
482 507 521 554 est
540 501 652 553 saniore
664 502 794 570 judicio,
819 503 869 573 qni
884 510 1024 573 rspuqnet,
1051 503 1201 562 ueniamus.
1224 506 1248 556 i.
1266 511 1296 556 ut
1315 503 1467 574 idiomata,
1482 505 1603 576 phrases
1618 510 1810 578 etprooerbia
1820 510 1884 567 alis-

190 590 242 642 sed
276 588 385 646 fristra
420 603 568 640 consenum
604 587 737 641 bonorum
769 588 943 655 inpenronsm
973 590 1024 643 boc
1050 603 1104 642 sae
1127 588 1241 658 linquae
1260 606 1465 658 coqnoecamus.
1494 595 1519 646 i.
1538 599 1568 645 ut
1585 596 1687 649 menda
1706 597 1884 666 emmanu.

191 681 286 728 censet.
333 673 407 727 Nam
429 673 540 741 ripidus
557 680 656 743 stupor
672 674 745 727 velut
764 675 850 754 moles
867 675 1024 745 opponitur,
1052 674 1077 728 6'.
1096 680 1126 727 ut
1146 676 1286 744 quaedam
1305 675 1369 731 loca
1386 676 1590 753 intelligamus,
1607 696 1680 750 quae
1698 681 1760 735 sine
1778 682 1883 752 linqua·

190 776 244 813 non
268 759 336 829 quia
359 760 409 812 nei
435 758 520 813 inscii
541 767 605 813 snnt
631 776 726 813 earnm
755 760 930 829 linquas-um,
958 780 1024 814 nam
1051 777 1112 810 mem
1139 760 1256 814 scientia
1279 762 1419 832 ecplieari
1441 754 1583 832 ncqrcesnit.
1612 768 1633 819 7.
1653 773 1684 818 ut
1706 767 1810 822 latini
1832 785 1884 824 ser·

190 863 238 898 nec
263 845 400 901 Hebraico
424 830 529 900 sciebat
555 845 726 913 Anqustinns
751 854 776 899 et
801 846 910 901 Graece
933 848 1024 902 minus
1052 845 1141 898 monis
1163 847 1369 915 ambipuitatem
1392 855 1418 901 et
1444 848 1637 919 amphibolian
1659 851 1784 907 m'temm.
1816 858 1840 908 8.
1858 863 1886 909 ut

189 948 273 1002 quam
297 931 487 999 mediocriter,
515 932 567 985 sed
590 950 647 985 non
669 939 710 986 est
727 933 757 986 in
774 933 818 986 bis
834 950 867 986 ea
887 933 1024 987 modestia
1051 931 1190 998 quaedam
1207 932 1344 986 uocabula
1360 940 1432 987 recte
1453 934 1676 1004 interpretem,
1695 955 1769 1007 quae
1789 938 1820 992 iss
1837 956 1887 993 usu

189 1017 289 1086 animi,
314 1019 434 1087 quaein
450 1019 620 1088 moquntino,
646 1017 692 1072 bic
706 1020 888 1089 undecunque
901 1028 1024 1089 paratus
1050 1023 1127 1083 tunt,
1153 1024 1182 1067 ut
1207 1018 1372 1082 anamema,
1395 1021 1565 1074 maranatha
1586 1029 1635 1076 etc.
1675 1021 1728 1091 (As
1750 1022 1777 1078 si
1798 1028 1841 1081 tot
1854 1040 1887 1081 so

189 1111 250 1158 erat
267 1104 376 1171 doceri,
395 1104 445 1157 isti
463 1121 600 1174 nimquam
616 1104 711 1158 volunt
729 1105 838 1173 doceri,
857 1105 957 1176 ubique
975 1107 1024 1160 do-
1050 1104 1143 1156 tentes
1162 1102 1297 1159 utilitates
1315 1103 1431 1160 fontium
1451 1105 1574 1178 cognitio
1589 1113 1721 1178 prmum,
1738 1107 1887 1182 utiqusilli

189 1205 250 1243 cere
279 1191 355 1258 quod
384 1190 523 1257 iquorant.
569 1188 739 1244 Benedictus
765 1187 848 1244 Amas
876 1190 1024 1247 Montanus
1052 1186 1149 1242 merito
1168 1188 1300 1244 censendi
1317 1195 1382 1244 eunt
1401 1190 1561 1261 authentici,
1579 1193 1654 1248 etin
1670 1193 1764 1250 dubiis
1777 1194 1902 1252 sdillos·

189 1291 260 1329 nnus
285 1293 317 1330 ex
341 1273 468 1346 patribus
492 1274 588 1331 concil.
606 1274 730 1330 Trident,
754 1274 783 1329 in
806 1275 923 1346 praeiet.
942 1294 1026 1348 super
1052 1272 1219 1341 recurritur.)
1262 1273 1422 1330 Bellurmin.
1447 1275 1496 1331 lib.
1521 1283 1545 1333 2.
1569 1277 1605 1332 de
1621 1278 1708 1334 verbo
1726 1278 1782 1337 Dei
1804 1295 1829 1336 o
1849 1285 1886 1337 ll.

190 1378 260 1434 opus
283 1360 417 1415 biblicum
442 1368 469 1416 et
493 1367 602 1432 petrum
626 1359 790 1417 testimoniis
810 1367 838 1416 ct
856 1364 1026 1434 argumentis
1052 1358 1192 1428 concedit,
1218 1365 1337 1431 quotuor
1360 1360 1531 1433 temporibus
1555 1362 1640 1420 licere
1662 1364 1700 1419 sd
1723 1364 1816 1423 ionia
1831 1364 1887 1423 llo

191 1447 305 1516 evincit,
329 1447 437 1515 omnis,
462 1447 497 1501 de
521 1445 622 1517 quibus
646 1446 674 1501 in
698 1445 847 1523 bibliorum
864 1445 1026 1518 interprete·
1051 1443 1149 1500 brseos
1175 1451 1203 1501 et
1221 1445 1345 1517 Graecop
1368 1463 1522 1518 recurrere,
1549 1455 1572 1503 1.
1596 1452 1712 1520 prande
1728 1451 1761 1506 is
1777 1452 1887 1507 Meis

188 1533 264 1588 tione
290 1531 427 1588 dubitatio
452 1531 604 1601 suboritur,
632 1531 668 1586 ed
690 1530 859 1588 Hebraicem
881 1532 1025 1588 veritatem
1052 1529 1194 1583 codicibus
1211 1531 1323 1585 ridetur
1340 1548 1398 1586 esse
1416 1550 1496 1586 error
1514 1534 1706 1589 librariorum.
1728 1541 1755 1590 2.
1774 1538 1887 1609 medo

189 1619 218 1674 in
230 1619 267 1675 V.
286 1623 314 1673 et
332 1615 433 1673 (irecci
449 1617 580 1673 sermonis
598 1617 714 1673 formum
733 1617 762 1672 in
779 1617 814 1674 N.
830 1618 863 1673 Τ.
884 1634 944 1673 esse
963 1635 1024 1674 exn·
1053 1615 1151 1668 latini
1173 1616 1282 1670 codicm
1308 1617 1435 1688 uariant,
1460 1626 1489 1672 ut
1514 1636 1571 1674 non
1588 1621 1681 1690 possit
1700 1628 1775 1676 certo
1793 1621 1887 1691 stated,
1906 1648 1913 1661 ·

190 1704 327 1759 minundu
362 1703 440 1758 Inter
463 1708 556 1759 cemes
574 1703 614 1756 sic
634 1701 744 1758 scribit:
783 1704 864 1767 Quod
883 1720 930 1772 ea,
953 1721 1025 1773 quae
1050 1715 1123 1770 quas
1147 1700 1184 1754 sit
1207 1717 1275 1756 sera
1300 1702 1415 1770 culpata
1439 1703 1528 1758 lectio.
1555 1707 1581 1759 3.
1601 1707 1716 1775 quando
1738 1707 1824 1763 umba
1839 1715 1888 1763 esd

189 1790 219 1843 in
240 1791 337 1860 prima
366 1789 463 1859 linqua
492 1807 576 1842 renum
603 1797 758 1859 omnemque
785 1789 960 1858 siquitem,
988 1790 1024 1844 ab
1051 1786 1187 1840 emuncta
1209 1785 1240 1841 in
1257 1787 1361 1842 Latino
1382 1797 1422 1842 est
1445 1807 1555 1860 anceps.
1591 1795 1615 1845 i.
1639 1794 1681 1846 ad
1702 1792 1846 1862 enerpiass
1862 1801 1888 1849 ei

189 1876 385 1946 interpretibus
408 1875 535 1942 ambipue
560 1876 733 1942 reddantur,
755 1891 905 1947 merumque
930 1875 984 1929 illo
1010 1894 1024 1930 e
1046 1871 1251 1942 proprietatem
1287 1874 1485 1928 omabulorum
1518 1876 1737 1946 intellipendam.
1784 1879 1888 1936 Aoosts

189 1964 311 2017 secunda
336 1962 365 2014 in
389 1961 499 2015 tertiam
525 1960 650 2029 linquam
673 1977 806 2016 conuersa
823 1961 916 2015 adbuc
933 1963 1024 2031 mapis
1050 1956 1100 2012 lib.
1125 1962 1149 2014 2.
1176 1957 1212 2014 de
1230 1957 1340 2015 Christo
1371 1960 1492 2016 revoluto
1518 1979 1542 2020 c.
1570 1968 1609 2019 15.
1633 1962 1663 2018 iu
1683 1962 1773 2035 princ.
1814 1965 1888 2029 Quid

190 2048 322 2102 incertam
345 2046 575 2115 siqnificationem
598 2047 772 2116 relinquant,
796 2063 828 2101 es
851 2047 1024 2118 quampluri·
1050 2060 1117 2112 erpo
1134 2044 1257 2114 amplius
1279 2045 1383 2100 latino
1406 2054 1455 2100 aut
1477 2047 1588 2102 Graeco
1612 2050 1819 2105 concedendum
1840 2059 1887 2120 est,

190 2134 242 2187 mis
272 2133 405 2203 exemplis
434 2133 464 2186 in
492 2134 578 2186 reteri
606 2132 753 2187 bublionem
784 2133 907 2187 editione
932 2141 1020 2204 patet.
1050 2147 1135 2200 qurum
1152 2136 1184 2183 ut
1200 2138 1264 2185 tnnc
1282 2131 1418 2185 iubeatur
1435 2132 1627 2202 interpretatio
1644 2135 1725 2201 bono,
1745 2153 1806 2189 eum
1826 2153 1886 2191 con·

189 2219 227 2275 Et
243 2218 327 2292 poulo
348 2224 424 2290 post:
448 2219 617 2282 Quotidiano
637 2237 689 2272 usn
706 2225 875 2288 compertum
894 2229 949 2289 cst,
967 2227 1023 2273 tum
1050 2217 1151 2269 cordat
1175 2216 1313 2285 osipinali
1335 2218 1472 2285 linquae!
1495 2219 1650 2274 auctoritas
1675 2229 1766 2275 auum
1790 2222 1886 2277 Mna

189 2305 371 2360 librariomm
395 2314 452 2359 nrm
476 2305 558 2359 etiam
585 2304 823 2375 tppoqrapborum
846 2306 931 2375 culpa
953 2306 1023 2360 mul·
1051 2309 1109 2355 tota
1122 2317 1210 2373 penes
1228 2302 1309 2355 illam
1329 2302 1455 2372 linquam
1474 2304 1524 2372 sit,
1543 2305 1573 2357 in
1592 2323 1647 2375 qua
1667 2324 1749 2360 sacer
1768 2307 1953 2378 scriptos-m

189 2400 232 2446 tos
255 2409 363 2447 errores
388 2399 446 2444 tans
464 2392 492 2444 in
515 2390 628 2445 &acca
648 2408 732 2460 qnam
752 2390 783 2443 in
804 2392 907 2445 Latina
926 2391 1023 2460 linqua
1051 2388 1144 2442 edidit
1163 2390 1297 2458 primum.
1339 2388 1404 2443 Huc
1426 2389 1566 2460 pertinent
1592 2397 1613 2445 l.
1638 2397 1777 2463 quotquot
1792 2409 1812 2447 s
1827 2393 1885 2448 vnl-

185 2478 294 2550 possim
313 2477 460 2544 committi,
480 2477 529 2547 qui
544 2476 623 2530 nullo
641 2478 723 2529 modo
741 2476 799 2530 nisi
814 2495 846 2529 en
859 2478 1024 2546 primaeuae
1050 2480 1117 2547 gete
1132 2474 1313 2530 translatione
1325 2474 1427 2530 Letiuu
1445 2475 1480 2529 ud
1500 2482 1606 2531 textum
1625 2476 1786 2535 Hebraeum
1802 2478 1833 2534 iu
1849 2479 1883 2534 V.

190 2565 269 2621 illius
287 2565 400 2632 linquae
418 2563 535 2615 ueritate
550 2562 697 2615 emendari
708 2570 835 2630 possunt.
859 2562 897 2616 Et
913 2569 1024 2634 postes:
1051 2566 1079 2617 et
1097 2559 1234 2616 Graccum
1261 2560 1290 2614 in
1307 2561 1342 2618 N.
1361 2560 1394 2618 T.
1418 2567 1585 2632 provocent,
1607 2579 1640 2617 eo
1658 2563 1719 2634 ipso
1738 2563 1813 2619 enim
1830 2579 1883 2620 mn

191 2651 226 2707 Si
240 2650 346 2704 Latirm
363 2665 509 2702 sacrorum
526 2647 674 2700 bibliorum
693 2647 885 2717 interpretatio
902 2666 1024 2703 cornum·
1050 2645 1182 2702 nitentum
1201 2646 1322 2710 fuciunt,
1348 2662 1379 2701 se
1397 2647 1485 2701 solum
1503 2646 1661 2704 Hebraeum
1679 2653 1787 2704 textum
1804 2649 1834 2705 in
1850 2649 1883 2704 V.

188 2746 287 2808 petar,
304 2734 348 2788 oel
366 2751 500 2788 nonenim
521 2732 780 2802 interpretationum
794 2742 942 2805 praetentu
961 2752 1024 2788 con·
1052 2737 1080 2789 et
1097 2732 1236 2787 Graecum
1255 2732 1283 2787 in
1302 2732 1336 2789 N.
1354 2732 1387 2787 T.
1406 2739 1527 2788 statuere
1547 2733 1746 2791 authenticum.
1767 2741 1884 2808 nqueo

192 2823 347 2888 ruminetur,
365 2828 414 2873 ant
432 2819 515 2871 etiam
534 2818 615 2883 falsa
631 2819 781 2872 smtsntiae
798 2821 1025 2892 interpretatione
1052 2826 1119 2890 quot
1136 2826 1291 2891 agnoscunt
1307 2836 1342 2874 ec
1360 2818 1498 2888 feteumr,
1517 2819 1660 2893 vulgatum
1677 2821 1886 2879 translationem

186 2914 378 2982 pervertatur,
404 2912 495 2958 tannen
517 2903 581 2957 brric
605 2905 712 2958 necllum
732 2906 821 2974 mapis
838 2907 964 2961 salutare
982 2924 1024 2960 re·
1051 2903 1181 2958 hunum
1210 2920 1270 2958 esso
1299 2903 1403 2959 alicubi
1430 2911 1603 2976 corruptum,
1634 2906 1699 2962 illm
1728 2906 1805 2962 enim
1830 2924 1885 2964 cor·

190 2994 312 3053 medium
339 2991 470 3046 adbiberi
489 2997 592 3060 potest,
619 3008 702 3060 qnmn
719 2992 748 3043 si
763 2985 866 3046 veritas
887 2994 950 3064 ipsa
964 2996 1024 3064 pri-
1052 2989 1177 3061 ruptelee
1206 3006 1261 3044 non
1288 2989 1340 3044 nisi
1368 3007 1401 3045 ex
1427 2990 1592 3047 autenticis
1616 2991 1740 3047 ionibus
1767 2992 1885 3050 Hebrsei

192 3097 304 3138 mansae
328 3087 352 3132 et
369 3077 536 3146 arebetppne
554 3076 632 3130 illins
650 3077 763 3146 linquae
782 3079 906 3133 subsidio
926 3083 1024 3149 confir·
1051 3080 1143 3130 textus
1166 3075 1195 3130 in
1215 3076 1250 3132 V.
1273 3082 1301 3131 et
1319 3074 1419 3132 Graeci
1443 3076 1472 3131 in
1491 3077 1525 3134 N.
1544 3077 1577 3134 Τ.
1602 3079 1744 3134 emendari
1762 3086 1884 3153 possunt

193 3177 269 3224 urata
291 3186 308 3220 a
334 3165 511 3220 scelestorum
536 3163 675 3217 bonrinnm
701 3164 842 3235 impietate
859 3168 1025 3224 vendicetur.
1052 3160 1202 3233 Brngensis
1226 3161 1254 3215 in
1277 3161 1350 3216 notis
1368 3162 1404 3216 ed
1421 3163 1575 3219 versionem
1594 3164 1723 3220 Latium
1740 3165 1885 3239 aliquoties

192 3255 329 3326 Quodque
353 3249 522 3322 argumentis
548 3248 734 3321 confirmavit,
760 3251 788 3305 id
816 3252 846 3306 in
869 3251 931 3323 ipsa
946 3255 1026 3325 praxi
1051 3249 1166 3319 repetit:
1210 3247 1258 3302 ee
1298 3265 1356 3303 esse
1395 3250 1554 3320 leqcndum,
1601 3250 1715 3306 Graeca
1757 3252 1883 3308 clumam

192 3335 356 3397 observavit
384 3335 484 3391 (lenes.
505 3340 529 3389 3.
548 3334 622 3391 tollit
638 3336 701 3405 ipm
720 3343 800 3392 etex
817 3338 948 3395 Hebraeo
964 3341 1025 3395 red·
1052 3333 1151 3390 Metth.
1179 3339 1208 3402 6,
1234 3351 1260 3389 r.
1287 3341 1302 3391 t
1328 3333 1430 3390 Latina
1453 3336 1542 3392 versio
1565 3336 1664 3392 bsbet:
1704 3336 1761 3401 Qui
1782 3347 1883 3395 amant.

192 3427 234 3482 dit
254 3427 353 3494 ipsum.
391 3422 461 3477 Gen.
480 3427 520 3477 48.
540 3422 653 3493 vulgate
671 3421 766 3491 hebet,
785 3424 926 3478 invocetur
943 3444 1026 3497 snper
1052 3419 1162 3476 Graece
1189 3419 1229 3476 in
1252 3423 1382 3494 φιλοῦσι,
1410 3423 1476 3492 quia
1505 3431 1608 3480 amant.
1653 3422 1833 3483 Muldonetus
1858 3426 1884 3482 iu

191 3529 237 3567 eos
269 3525 367 3563 nomen
395 3525 492 3561 meum
538 3506 620 3561 Arias
650 3507 756 3572 reddit,
787 3519 898 3564 ororetur
926 3513 956 3564 in
986 3514 1025 3566 eis
1052 3523 1149 3562 comm
1191 3506 1331 3562 Graecum
1353 3513 1459 3562 textum
1476 3508 1595 3565 latim
1612 3509 1733 3566 versioni
1750 3510 1883 3583 prseiest:

191 3613 290 3652 nomen
319 3611 414 3648 meunt.
457 3592 589 3646 Erasmus
614 3593 730 3663 praeiet
762 3601 854 3651 annot.
879 3597 908 3650 iu
932 3597 966 3654 N.
992 3599 1025 3655 T.
1052 3595 1115 3649 Hoc
1141 3593 1218 3661 loco,
1243 3593 1347 3665 inquit,
1371 3603 1496 3647 noctram
1516 3597 1612 3664 potius
1634 3614 1719 3666 queam
1746 3596 1885 3653 Grmecea

195 3683 411 3749 Testamentum,
439 3678 514 3747 quod
530 3687 629 3731 vocam
648 3696 747 3733 nossem
766 3682 853 3751 orani,
871 3702 927 3751 qua
948 3685 1026 3739 licrdt
1050 3680 1203 3735 emtionem
1223 3680 1326 3749 judico
1345 3697 1402 3734 csse
1420 3681 1622 3748 corripendum.
1657 3683 1727 3739 Luc.
1748 3689 1791 3758 22,
1810 3703 1837 3741 r.
1854 3690 1883 3742 2⁰

191 3768 353 3837 drliqentia,
381 3781 490 3836 quaque
507 3764 600 3817 decuit
612 3765 674 3833 fide
691 3768 911 3837 recopnouimem,
939 3771 1025 3840 idque
1051 3764 1153 3820 latine
1169 3764 1259 3822 versio
1277 3764 1373 3822 hebet:
1403 3767 1534 3837 Sanqnis,
1552 3769 1602 3838 qni
1615 3787 1670 3839 pro
1686 3770 1765 3824 uobis
1782 3773 1883 3837 fusteie-

187 3855 312 3926 primum
326 3853 368 3906 ad
379 3851 520 3921 Graecam
530 3850 682 3919 cuiatem,
697 3852 739 3905 ad
751 3868 835 3922 qinom
850 3857 1026 3925 censentem,
1051 3857 1111 3920 tutu
1150 3850 1275 3909 Graecus
1310 3858 1401 3907 textus
1439 3853 1467 3906 in
1501 3855 1640 3925 praesenti
1676 3857 1726 3926 qui
1759 3857 1884 3915 emersu

190 3943 218 3997 si
241 3940 311 4012 quid
332 3937 476 3999 inciderit,
501 3936 664 4006 confuqere,
687 3954 743 3991 non
764 3939 854 3993 solum
875 3941 1024 3998 illustrium
1052 3935 1252 4012 ἓκχυνόμενον,
1276 3938 1352 4011 legit.
1373 3939 1487 4010 staples.
1512 3939 1540 3994 in
1557 3947 1656 4013 promi.
1692 3942 1773 3999 Cutb.
1791 3943 1840 4000 ier.
1861 3949 1883 4000 3.

190 4028 380 4095 tbeoloqomrm
398 4023 524 4094 exempla
542 4024 675 4092 omnent,
700 4026 852 4080 sedetiam
871 4029 949 4082 toties
967 4049 1023 4085 mo·
1049 4023 1132 4079 hebd.
1171 4029 1258 4080 sanct.
1297 4022 1325 4100 ᾗ.
1363 4032 1386 4080 t.
1443 4025 1580 4083 Graecum
1615 4033 1722 4085 textum
1756 4029 1884 4102 praefert.

189 4124 254 4170 neret
279 4112 466 4178 Hieronymus
491 4117 516 4162 et
540 4109 727 4178 Aupssstinus,
752 4120 777 4166 et
801 4113 864 4182 ipm
882 4116 1024 4171 Rornano—
1050 4112 1112 4165 [lla
1131 4110 1226 4179 rerba,
1250 4110 1354 4184 iuquit,
1379 4121 1442 4166 ment
1467 4113 1584 4183 lependn
1611 4115 1641 4169 in
1658 4118 1806 4186 praescisti
1822 4125 1883 4173 tem·

190 4222 248 4256 rum
265 4197 430 4271 pontificum
448 4196 560 4249 decreta
573 4196 680 4265 jubent.
712 4195 753 4250 Id.
774 4198 803 4252 in
820 4198 905 4255 bioth.
924 4200 1023 4274 Script.
1046 4213 1118 4267 pore
1151 4196 1233 4264 iccata
1260 4215 1352 4251 omrem
1384 4200 1569 4270 evanpelistas
1601 4202 1630 4255 in
1660 4209 1734 4256 metro
1766 4203 1883 4259 Graeco.

188 4302 292 4344 merae,
341 4283 423 4348 Qrsod
450 4281 478 4334 si
503 4282 587 4335 scnrel
614 4283 774 4351 sufficiebat
801 4286 1023 4355 Hieronymiana
1049 4281 1112 4338 Joh.
1140 4288 1170 4346 1,
1195 4299 1222 4337 v.
1249 4287 1280 4338 30
1308 4283 1410 4339 Utine
1435 4285 1524 4340 versio
1550 4285 1632 4359 legit:
1676 4288 1732 4352 Qui
1755 4297 1821 4345 ante
1845 4307 1884 4345 mc

187 4372 354 4438 translatio,
379 4385 507 4439 quorsum
532 4369 646 4421 tandem
671 4369 804 4424 attinebat
820 4372 916 4424 caueri
931 4375 1022 4442 ponti·
1042 4372 1144 4438 factus
1182 4377 1228 4422 est.
1269 4368 1371 4424 Fontes
1409 4370 1510 4427 Graeci
1545 4371 1649 4428 hebent
1681 4374 1791 4444 ἐγένετο
1821 4377 1883 4440 nes

183 4461 269 4530 ficum
286 4456 413 4520 demotis,
430 4461 461 4507 ut
476 4454 574 4507 veteris
592 4456 773 4509 Instrumenti
789 4457 893 4511 ueritas
911 4460 947 4511 ab
968 4461 1023 4514 He·
1049 4454 1146 4512 Jacob.
1179 4454 1271 4510 Faber
1303 4455 1473 4526 stapulensis
1503 4458 1531 4512 in
1564 4463 1710 4517 comment.
1741 4459 1829 4518 Hebe.
1861 4468 1883 4519 1.

188 4547 335 4601 &areum
352 4541 545 4603 uoluminibus,
564 4541 630 4595 rioci
640 4542 715 4612 fides
731 4559 751 4603 a
768 4541 942 4597 Graecorum
953 4548 1023 4614 fon·
1050 4540 1173 4595 Greecos
1192 4540 1282 4596 fontes
1300 4541 1436 4613 praefert:
1465 4545 1528 4599 Non
1550 4545 1652 4612 aliam,
1677 4545 1783 4617 inquit,
1805 4565 1883 4618 erpo·

187 4631 259 4686 tibus
274 4629 435 4701 peteretur!
456 4626 535 4681 Certe
547 4627 671 4696 jamtum
688 4636 808 4682 uerterat
827 4629 1023 4702 Hieronymus,
1048 4627 1175 4681 cilionem
1198 4628 1286 4681 noluit
1313 4628 1414 4696 inseiis
1433 4629 1535 4698 Arinis,
1558 4637 1587 4683 ut
1611 4647 1691 4683 meato
1716 4642 1817 4688 contra
1834 4651 1884 4689 nos

188 4716 308 4786 deniqne
332 4713 360 4767 ei
381 4713 450 4767 baec
472 4712 542 4766 satis
568 4720 643 4781 crat,
668 4712 718 4782 qui
731 4722 830 4782 postea
842 4716 956 4781 faetrrm
976 4727 1023 4787 est,
1050 4721 1183 4768 evomeret
1203 4713 1345 4767 insaniam
1368 4723 1393 4767 et
1412 4733 1463 4768 nos
1481 4732 1513 4769 ec
1532 4716 1679 4786 interprete
1700 4718 1884 4783 conscinderet,

188 4809 218 4857 ut
242 4808 283 4856 tot
304 4798 513 4867 manifestariis
534 4814 568 4851 ac
590 4797 731 4866 pudendis
752 4802 855 4854 erratis
873 4802 951 4872 lapsi
968 4805 1024 4857 sint
1050 4801 1099 4870 qui
1116 4818 1173 4854 non
1184 4801 1279 4872 potuit
1298 4818 1330 4853 es
1347 4800 1469 4855 ueritate.
1505 4800 1605 4872 Ephes.
1626 4808 1650 4872 2,
1669 4821 1694 4856 r.
1714 4808 1744 4860 10
1769 4805 1886 4863 hunus

186 4886 277 4958 primi
294 4885 415 4940 nominis
433 4882 565 4952 theoloqi,
591 4880 624 4935 id
648 4883 724 4951 quod
740 4886 865 4955 apertius
883 4895 922 4940 est
940 4907 1023 4958 quam
1048 4886 1183 4958 interpres
1211 4885 1293 4958 legit:
1330 4886 1427 4941 Orcati
1451 4905 1545 4940 sermm
1572 4888 1601 4940 in
1626 4889 1738 4943 cbristo
1761 4891 1832 4946 Jscu
1855 4894 1886 4947 in

190 4981 218 5026 ut
243 4972 344 5040 aspari
363 4970 456 5041 possit
480 4969 524 5023 vel
546 4967 737 5039 dissimulari,
763 4969 793 5023 in
818 4972 914 5040 quibus
937 4982 976 5027 est
999 4983 1024 5029 et
1050 4974 1178 5044 operibus
1205 4972 1291 5026 bonis.
1339 4970 1463 5027 Graecum
1489 4976 1581 5028 textus
1608 4973 1692 5029 habet
1717 4975 1763 5030 lai
1794 4977 1887 5051 ἔργοις

189 5058 249 5127 ipse
270 5057 471 5112 neotericorum
495 5056 616 5108 omnium
640 5054 869 5121 dstipentissimus
885 5059 1023 5129 Aqrsinas,
1049 5057 1168 5128 irruente
1190 5059 1231 5112 ad
1253 5058 1325 5111 bone
1349 5075 1444 5128 opera.
1484 5057 1565 5129 Vege
1583 5058 1611 5112 in
1629 5075 1724 5131 opusc.
1744 5062 1781 5119 de
1799 5064 1887 5120 merit

189 5155 268 5211 quem
285 5141 357 5196 mebi
367 5159 473 5212 parum
488 5141 644 5210 propitium
665 5157 724 5195 esse
739 5140 829 5207 velim,
847 5142 875 5195 si
890 5152 1023 5198 asdruen-
1049 5149 1078 5199 et
1096 5143 1187 5215 justif.
1213 5161 1239 5215 p.
1266 5148 1323 5199 803.
1349 5162 1375 5215 q.
1402 5149 1425 5199 6.
1457 5141 1595 5198 Graecum
1620 5150 1727 5202 textum
1749 5148 1887 5219 praefert:

187 5225 259 5293 tior,
290 5235 339 5281 ant
363 5227 546 5282 corrtsemcliae
571 5245 657 5281 causa
683 5228 751 5281 baec
775 5227 848 5282 dico.
890 5228 1024 5286 Melchior
1049 5233 1116 5285 Non
1141 5231 1210 5285 satis
1234 5233 1376 5285 commode
1402 5229 1512 5302 (inquit)
1538 5231 1620 5285 vertit
1644 5233 1776 5302 culpam
1803 5235 1888 5292 insa.

188 5310 283 5367 onnus
305 5310 352 5367 lib.
378 5319 401 5370 2.
420 5314 557 5369 Locorum
582 5332 604 5369 c.
635 5320 673 5370 15.
690 5314 792 5370 multus
808 5321 934 5372 recenset
950 5333 1023 5373 com·
1044 5334 1127 5388 pres,
1146 5317 1317 5371 commodius
1335 5324 1405 5371 esset
1422 5333 1478 5370 non
1495 5317 1536 5370 sic
1553 5326 1670 5382 sertore,
1687 5336 1721 5373 ne
1740 5321 1808 5376 inde
1822 5324 1888 5393 quis

188 5395 348 5466 nouimus,
372 5416 441 5471 ques
458 5397 576 5455 fontium
594 5399 717 5472 cognitio
734 5400 842 5458 efferet
868 5405 1022 5471 equando
1049 5421 1148 5458 ansam
1176 5411 1293 5457 conseret
1319 5404 1448 5473 operibus
1475 5403 1635 5472 imputandi
1659 5423 1743 5459 suam
1767 5407 1889 5464 memte

189 5503 249 5541 curri
280 5483 437 5554 infidelibus
465 5485 648 5559 disputamus.
676 5492 702 5542 2.
728 5489 843 5563 quando
870 5488 1109 5547 dictionnmfnem
1133 5489 1162 5542 in
1188 5488 1311 5557 Christo,
1337 5489 1410 5545 nibil
1432 5488 1505 5543 enim
1528 5490 1618 5560 mopsi
1642 5490 1737 5546 Paulo
1760 5492 1888 5551 adesum
