3984 6022
616 306 668 362 DE
684 302 860 364 PERSONA
876 296 928 361 ET
944 304 1098 363 afficto
1117 305 1279 362 CHRISTI.
1513 309 1517 319 '
1743 314 1803 373 587

60 470 105 526 2'·
255 505 263 517 ,
359 466 380 540 0
398 479 426 539 Δ
442 480 466 541 P
484 476 554 540 ΠΤ
588 472 691 538 1111
974 461 1048 512 enim
1084 460 1207 514 tamena
1244 458 1429 532 intonueras
1468 460 1591 512 humana
1629 461 1806 529 apuniana,

971 546 1200 615 qnandoquidem
1218 560 1274 599 nou
1294 547 1388 598 undas
1408 553 1471 598 ενοί
1490 545 1585 607 tamn,
1603 562 1690 614 neque
1707 546 1807 599 diam

82 616 174 684 DE
205 616 400 684 TERTIO
435 613 944 683 COMMUNICATIONIS
970 631 1070 690 θεὶκῶς
1098 639 1205 684 ίοηίεωη
1232 631 1384 684 seranum
1410 633 1503 684 Deum
1526 631 1629 698 solum,
1660 649 1727 684 nam
1751 650 1807 687 nors

246 716 555 786 IDIOMATUM
583 719 801 786 GENERE
970 723 1033 769 erat
1050 718 1142 770 nudus
1160 718 1248 784 Dum,
1266 718 1319 769 sed
1335 718 1416 769 Deus
1433 716 1518 770 simul
1535 717 1806 772 usistmetiomo.

970 802 1260 855 Animadvertendum
1284 802 1373 870 iqitur
1396 811 1451 869 est,
1488 802 1565 869 qaod
1588 803 1626 854 D.
1652 803 1689 854 N
1714 804 1747 858 d
1775 803 1807 856 0.

60 897 76 928 ⁰
121 893 201 945 ’282
223 886 337 942 ’Πεεεὶει
360 880 484 941 Tertium
499 900 585 957 qenua
604 887 860 941 communicationes
872 886 944 940 adso·
970 889 1138 956 quandoque
1157 896 1193 940 ut
1218 889 1254 940 de
1281 888 1393 941 duabus
1416 888 1526 942 naturis
1543 905 1697 941 ammonens
1715 888 1806 956 aqita-

60 1002 64 1029 ι
105 981 211 1029 matum
234 981 288 1042 est,
313 990 368 1044 qao
391 976 421 1028 in
445 962 576 1044 opeiiius
594 975 687 1042 officii
703 982 822 1043 utraque
840 980 944 1026 natura
970 989 1046 1041 mua,
1074 975 1243 1043 quandoque
1262 991 1326 1027 cero
1344 982 1375 1026 ut
1394 975 1430 1026 de
1448 991 1507 1026 una
1523 990 1649 1043 persona
1667 981 1693 1027 st
1712 975 1764 1026 lsoc
1782 982 1807 1028 et

60 1062 64 1121 ’,
106 1061 180 1129 aqut,
204 1062 282 1129 quod
303 1061 359 1114 sili
378 1061 530 1130 propmam
554 1069 593 1114 est
617 1078 678 1113 eam
696 1059 943 1114 emnmunioatione
969 1059 1075 1113 illud
1061 1078 1093 1113 sn
1112 1077 1198 1122 unam
1214 1060 1366 1126 referimus
1382 1058 1607 1128 intelliqents'am.
1639 1059 1715 1114 Nam
1733 1062 1807 1113 dnae

106 1146 233 1200 darm.
266 1144 351 1200 (llice
372 1144 426 1200 hoc
449 1162 537 1217 genus
556 1145 653 1199 itidem
672 1145 809 1200 notanda:
834 1151 857 1198 l.
872 1147 944 1211 sun·
969 1153 1089 1199 amarae
1116 1163 1188 1199 unus
1217 1153 1258 1199 eet
1288 1145 1416 1199 Christus
1442 1154 1468 1199 et
1491 1162 1563 1199 unua
1581 1145 1677 1201 meisi
1666 1153 1711 1199 ius
1733 1147 1807 1199 dnae

108 1233 278 1289 dammum.
312 1231 401 1285 Pilius
431 1230 486 1286 Dei
514 1231 580 1287 lnde
610 1238 695 1304 atque
725 1231 789 1286 ideo
815 1231 944 1286 assumsit
970 1239 1098 1285 nomiae.
1133 1233 1215 1285 Idem
1239 1231 1327 1300 iqitur
1349 1239 1389 1285 est
1407 1232 1516 1295 dicere,
1541 1232 1601 1300 aqi
1623 1231 1750 1284 Clientes
1765 1249 1805 1285 se-

105 1322 237 1373 ruaturum
258 1317 422 1387 humanata,
447 1325 478 1372 ut
501 1320 532 1372 in
556 1335 689 1401 educam
711 1333 745 1371 ea
769 1325 794 1371 et
809 1334 864 1387 per
883 1334 943 1371 casn
970 1319 1091 1370 cundum
1115 1325 1263 1386 utraanue
1288 1318 1442 1387 suiipsius
1460 1324 1593 1371 naturam
1611 1325 1636 1370 et
1653 1318 1713 1385 aqit
1729 1325 1806 1370 sdra-

107 1414 178 1475 opus
208 1401 386 1459 mannonis
416 1410 444 1459 et
470 1409 564 1475 partes
594 1403 678 1460 officii
704 1402 859 1459 mediatorii
883 1415 944 1474 per·
970 1419 1022 1470 quc
1040 1403 1071 1455 in
1084 1401 1197 1456 Christo
1216 1411 1320 1456 natura
1337 1404 1662 1457 marcommanicmione
1676 1403 1807 1464 nitemur,-

103 1495 207 1562 agaret
232 1494 254 1544 l.
278 1488 340 1544 inlr.
365 1495 394 1556 3,
423 1506 447 1543 v.
475 1495 497 1545 t.
522 1495 575 1544 etc.
613 1489 734 1545 Proinde
760 1484 790 1544 ln
814 1488 943 1559 operibus
969 1502 1031 1558 cap.
1055 1494 1094 1543 15.
1115 1487 1143 1541 id
1161 1488 1353 1544 declaraverat
1372 1489 1497 1560 exemplo
1517 1489 1620 1544 incisae
1638 1489 1805 1545 combustio

105 1573 195 1630 offleii
215 1586 271 1630 nou
292 1574 351 1646 sglt
373 1579 405 1629 ut
424 1574 501 1630 Deus
519 1581 642 1644 uatum,
667 1590 718 1631 nee
735 1580 769 1629 ut
784 1575 866 1631 homo
884 1581 943 1630 tan·
970 1574 1022 1628 nis.
1058 1575 1095 1628 In
1112 1575 1200 1643 ἰγείίο
1219 1576 1335 1644 plodio,
1354 1575 1458 1646 inquit,
1477 1576 1710 1646 quemadmodum
1726 1583 1804 1628 nata

105 1666 184 1729 tum,
212 1660 524 1730 sartationum,
548 1661 625 1716 Deus
647 1661 788 1729 ethome,
815 1676 848 1714 ac
869 1661 944 1732 quod
970 1677 1021 1714 rae
1041 1662 1189 1716 salvantur
1206 1663 1281 1729 iqnis
1297 1671 1325 1715 et
1340 1663 1424 1729 ferei,
1444 1663 1485 1715 sic
1504 1671 1530 1716 et
1549 1665 1624 1716 duae
1641 1663 1765 1716 actiones
1780 1670 1806 1715 et

107 1746 184 1802 idem
200 1742 258 1816 ast,
280 1752 399 1802 natam
417 1745 446 1801 in
466 1745 576 1802 Christo
595 1746 668 1802 dnae
687 1747 715 1802 ln
734 1746 864 1817 operibus
884 1746 943 1801 olli·
967 1747 1155 1815 persectionea
1179 1763 1282 1802 eorum
1317 1749 1411 1802 Habet
1435 1749 1507 1802 enim
1525 1749 1641 1814 sarram
1660 1749 1806 1802 incidendi

106 1831 143 1887 sii
160 1840 218 1886 lton
235 1837 325 1904 agunt
343 1831 445 1902 diviso,
471 1833 521 1888 sed
546 1833 630 1887 unito.
665 1832 708 1887 Ex
732 1843 865 1903 personae
882 1833 943 1886 uni·
968 1832 1097 1886 uirtutem
1124 1841 1149 1888 et
1175 1833 1250 1902 tyna
1274 1835 1379 1889 antedi
1405 1843 1431 1889 et
1457 1832 1558 1888 incisio
1585 1835 1705 1888 actinosa
1723 1835 1806 1902 ferri

103 1922 167 1972 tata
184 1919 299 1990 nolluit
315 1916 410 1974 nullas
421 1917 648 1994 ἀποτελέσματος.
680 1923 706 1974 2.
719 1919 943 1988 Appellationee.
965 1918 1107 1984 perfectio
1127 1918 1320 1989 aiadsdioque
1340 1921 1451 1989 aperie,
1471 1919 1621 1974 remisistis
1639 1937 1704 1973 uero
1719 1920 1802 1987 iqnia

105 2004 233 2060 voantur
256 2004 310 2060 hot
336 2013 425 2076 gaam
449 2022 467 2061 a
489 2006 593 2077 Cyrlllo
615 2006 695 2076 epist.
721 2010 762 2060 29.
787 2011 943 2059 κοινοπσιίο
971 2005 1011 2057 Et
1027 2005 1155 2058 samatus
1172 2006 1272 2059 losum
1283 2006 1443 2077 differests'a
1461 2007 1491 2059 in
1509 2006 1651 2060 combusta
1670 2007 1804 2059 incisione
1818 2014 1919 2058 natta

106 2100 141 2144 ac
167 2097 363 2159 εοενοποίησις,
391 2092 458 2163 quia
484 2098 602 2161 pesona
626 2091 778 2146 secundum
796 2095 944 2161 atramque
972 2100 997 2144 et
1015 2091 1047 2144 in
1064 2093 1156 2146 ineisa
1173 2094 1367 2161 combustione,
1386 2095 1498 2147 tamdsi
1514 2110 1564 2147 nec
1581 2094 1731 2147 combutta
1746 2094 1806 2146 sine

105 2182 236 2232 naturam
255 2176 317 2249 agit
333 2183 362 2231 et
379 2177 535 2232 communia
551 2177 662 2248 utrique
672 2176 741 2231 lacit
753 2176 839 2232 officii
851 2193 943 2249 opera,
971 2177 1107 2231 incisione
1118 2180 1183 2248 fiat,
1200 2196 1251 2235 neo
1272 2180 1374 2234 incisio
1392 2180 1452 2233 ane
1468 2180 1661 2248 commotione,
1677 2187 1704 2232 et
1719 2195 1806 2248 nsque

106 2269 240 2318 κοινωνία
257 2263 410 2338 ἐνεργειῶν,
428 2263 639 2318 οοεηοιειοίοοίεῗο
653 2265 853 2333 apamienam,
872 2281 943 2318 com·
966 2273 1088 2333 propter
1106 2265 1301 2334 duplicitatem
1318 2265 1462 2318 nmuralis
1481 2266 1600 2319 crimnis
1617 2267 1692 2319 duos
1703 2266 1807 2334 ίροίίοε

104 2350 259 2404 maseato
278 2351 462 2420 propriorum
485 2351 627 2420 utiusque
648 2359 769 2404 naturae
792 2352 833 2403 ad
846 2368 942 2420 perso·
969 2349 1225 2417 qladiosdicimus,
1244 2363 1332 2422 tseqrse
1347 2359 1465 2420 prepter
1482 2350 1707 2418 sinqularitatsm
1724 2349 1808 2418 iqniti

104 2452 182 2489 nam.
216 2433 287 2490 Item
312 2452 330 2489 a
352 2435 517 2491 Damascen.
541 2436 588 2492 lib.
609 2441 632 2491 3.
660 2454 682 2492 c.
704 2443 743 2492 19.
764 2442 943 2511 περίφρασις,
969 2435 1065 2505 qladii
1089 2438 1281 2501 causacionem
1305 2435 1500 2491 mimantialis
1518 2452 1613 2488 emam
1629 2437 1806 2505 differentiae

105 2520 223 2594 qnando
245 2521 389 2593 utriusque
412 2529 526 2578 naturae
549 2524 722 2594 operationes
740 2524 769 2577 in
789 2540 845 2578 una
867 2524 942 2580 locu·
972 2523 1135 2577 inducimus.
1174 2522 1222 2576 Sic
1240 2531 1265 2577 et
1281 2524 1310 2577 in
1325 2523 1437 2589 ΟΙινίείο
1455 2521 1690 2590 animataque
1708 2522 1806 2575 diuina

103 2607 184 2663 tione
203 2607 466 2677 comprehendimus.
502 2613 529 2662 3.
557 2610 723 2678 sntjsnan.
760 2610 795 2664 ln
815 2607 943 2680 subjecto
971 2615 997 2660 et
1024 2609 1199 2677 omnipotens
1219 2609 1309 2678 actea,
1336 2608 1519 2663 mmmm
1543 2615 1635 2660 amem
1652 2607 1716 2676 ejus
1734 2623 1806 2677 asae
1850 2641 1854 2650 -

104 2693 326 2765 propositionum
354 2694 390 2748 ad
419 2690 472 2748 hoo
497 2695 610 2749 testium
634 2710 722 2766 genus
747 2695 943 2766 pertinentium
970 2696 1122 2748 seeundum
1144 2711 1211 2759 noe‚·
1237 2695 1376 2749 absolutio
1397 2694 1704 2763 emmanitatis,
1731 2695 1808 2763 qssod

105 2795 216 2851 semper
241 2779 353 2850 ponitur
380 2791 481 2835 noman
507 2790 641 2851 personae
665 2782 694 2835 in
719 2788 836 2853 utraque
860 2787 888 2837 et
909 2799 943 2837 ex
971 2781 1057 2834 tenuit
1072 2782 1200 2851 psallam
1218 2798 1303 2835 mann
1316 2791 1343 2835 et
1356 2782 1460 2844 ενωοίί,Ι
1477 2781 1637 2834 divinitatio
1648 2781 1807 2840 οἰοίίὶοαίιο.

104 2872 228 2937 utraque
244 2872 343 2920 natura
358 2866 521 2932 constantis,
537 2866 581 2920 vel
601 2868 676 2938 quod
695 2866 768 2922 idem
782 2874 826 2923 est
843 2882 944 2923 nomen
970 2866 1033 2922 Non
1059 2866 1145 2923 habat
1173 2864 1265 2924 locum
1288 2868 1470 2938 reciprocatio
1493 2867 1524 2923 in
1545 2867 1648 2938 agendi
1668 2866 1806 2939 principio

104 2951 252 3023 utriunque
274 2958 390 3007 naturae
405 2951 434 3006 'm
452 2966 509 3005 una
526 2968 646 3023 pemona
662 2953 849 3019 subsistentis,
879 2972 943 3009 cum
969 2953 1081 3008 formali
1099 2970 1149 3010 seu
1167 2955 1284 3010 veritate
1301 2971 1334 3009 ac
1353 2954 1484 3028 ἐνεργείᾳ.
1509 2953 1584 3021 Quia
1599 2952 1674 3008 enim
1685 2953 1807 3007 hamana
1910 2960 1920 2978 ⁸

104 3053 227 3110 persona
249 3054 306 3094 non
328 3039 364 3093 sit
385 3036 499 3094 tertium
516 3038 631 3110 aliquod
651 3038 689 3094 ab
708 3047 826 3112 utraque
844 3047 944 3097 natura
970 3047 1072 3095 natura
1101 3056 1134 3095 ex
1167 3054 1197 3096 se
1225 3049 1254 3097 et
1281 3041 1477 3097 essentialibus
1505 3040 1563 3094 suis
1589 3039 1806 3111 proprietatibus

106 3124 286 3191 distinctum,
319 3125 368 3180 sed
395 3125 467 3181 duae
493 3133 610 3181 naturae
637 3126 820 3198 personaliter
848 3128 944 3185 unitae
970 3142 1027 3181 non
1051 3133 1095 3181 ast
1114 3127 1250 3183 msuuma
1267 3128 1363 3184 divina
1381 3127 1519 3199 ejusmodi
1537 3123 1652 3192 εέτίοεε,
1681 3142 1753 3196 quas
1776 3124 1806 3180 in

106 3204 174 3266 suut
193 3223 268 3266 auus
290 3210 415 3267 chartus
434 3213 463 3275 ἐξ
479 3200 534 3282 οἷν,
565 3214 595 3267 ἐν
614 3207 657 3274 εἷς
676 3217 721 3267 ναί
740 3217 836 3290 οἵπερ,
854 3221 886 3272 ut
904 3216 944 3287 pii
971 3211 1102 3282 operibus
1122 3209 1210 3268 officii
1234 3212 1588 3286 paragaudisrequiritun
1616 3211 1681 3266 ideo
1713 3210 1805 3267 &vina

106 3304 216 3353 vetum
241 3297 401 3369 loquuntur.
437 3297 470 3353 In
497 3298 550 3354 hoc
569 3298 656 3371 igitur
678 3316 780 3371 genere
803 3301 877 3356 idem
894 3309 944 3368 est,
971 3305 1071 3353 natura
1088 3313 1150 3354 eam
1167 3301 1349 3370 personaliter
1365 3300 1503 3355 humanae
1521 3304 1639 3353 naturae
1656 3299 1804 3353 communi·

107 3384 168 3439 sise
196 3383 287 3452 Noas,
314 3401 461 3456 paronam
487 3385 591 3441 Christi
620 3386 742 3460 ἐνεργεῖν
769 3386 830 3441 κατ’
857 3387 944 3462 ἄμφω
972 3390 1031 3455 cst,
1054 3391 1087 3441 ut
1109 3386 1140 3441 iu
1157 3386 1279 3442 secundo
1296 3401 1398 3458 genera
1416 3383 1674 3440 communicationis
1692 3385 1805 3440 demon·

107 3467 157 3530 ric
176 3467 286 3542 φύσεις,
313 3483 397 3542 ugare
420 3482 470 3526 seu
487 3472 596 3542 operari
622 3473 774 3527 secundum
799 3481 944 3546 utramque
972 3470 1127 3538 suavimus,
1148 3489 1181 3527 uc
1200 3472 1317 3544 proinde
1333 3472 1455 3526 humana
1471 3477 1572 3525 ustura
1589 3470 1618 3524 in
1637 3469 1723 3525 cilicii
1740 3484 1805 3540 ope·

106 3560 254 3624 natum,
272 3556 317 3611 vel
337 3569 484 3627 personam
501 3556 604 3613 Christi
628 3558 750 3633 ἐνεργεῖν
775 3559 805 3613 ἐν
830 3561 944 3635 ἑκατέρᾳ
970 3555 1048 3611 ribus
1065 3574 1121 3612 non
1137 3563 1248 3613 tantum
1266 3554 1325 3629 agit
1340 3559 1423 3628 saxu
1444 3555 1584 3612 natmalas
1607 3573 1671 3610 suas
1687 3556 1759 3612 viras
1776 3560 1806 3611 et

106 3644 206 3717 μορφῇ
217 3642 288 3716 μετὰ
299 3646 345 3710 τῆς
359 3647 480 3716 θατέρου
493 3651 647 3713 κοινωνίας,
662 3647 771 3717 operari
783 3646 812 3701 in
826 3654 944 3721 unaque
971 3643 1167 3715 proprietates,
1185 3644 1234 3698 sed
1251 3645 1336 3700 etiam
1353 3646 1434 3714 juxta
1452 3643 1575 3698 divinam
1591 3642 1722 3698 viantem
1742 3659 1803 3715 per·

106 3730 197 3786 forms
216 3744 265 3785 seu
284 3736 385 3785 natura
400 3744 464 3785 num
482 3730 728 3787 communicatione
747 3732 876 3803 alterins,
899 3735 944 3790 vel
971 3731 1103 3787 sonaliter
1124 3730 1178 3785 sibi
1204 3730 1448 3800 communicatam,
1478 3727 1569 3802 qualis
1593 3729 1804 3785 communicatio

105 3823 255 3889 nti-amque
271 3820 400 3872 natmam
418 3817 574 3873 inclusio
594 3819 714 3889 operari,
740 3835 803 3873 cum
822 3837 943 3876 commu·
970 3818 1171 3890 proprietatum
1192 3823 1221 3873 et
1239 3817 1399 3889 passionum
1416 3817 1507 3872 carnia
1525 3817 1562 3872 ad
1580 3817 1703 3872 divinam
1724 3821 1803 3871 natu-

106 3903 192 3959 nione
208 3904 329 3973 alterlus,
349 3903 424 3975 quod
441 3905 576 3976 cujusque
594 3905 736 3975 proprium
754 3913 802 3960 est
832 3912 855 3964 ί.
874 3909 943 3977 Spe·
970 3922 1030 3960 ram
1046 3906 1138 3961 locum
1155 3922 1211 3960 non
1230 3904 1327 3974 habat,
1353 3920 1409 3977 qua
1427 3905 1462 3960 da
1479 3922 1510 3961 re
1528 3905 1568 3960 sic
1587 3905 1685 3960 scribit
1701 3904 1804 3959 Duma-

104 3992 165 4045 es‘ts
191 3998 217 4044 et
241 3992 376 4060 munpla.
416 3986 560 4046 Pertinent
590 3991 626 4046 ad
654 3990 706 4047 hoc
734 4007 823 4063 genus
849 4011 944 4050 omnes
970 3992 1288 4049 nonnullarum:
1312 3993 1422 4047 Divina
1441 3993 1523 4060 siqna
1543 3993 1716 4061 operabatur
1734 3991 1804 4043 diei-

105 4076 173 4132 illae
192 4076 402 4148 propositiones,
421 4075 450 4130 in
468 4076 569 4149 quibus
588 4078 700 4134 nomina
717 4084 746 4133 et
763 4095 848 4151 opera
859 4081 943 4137 officii
968 4080 1053 4148 nitas,
1071 4082 1123 4134 sed
1140 4096 1197 4135 nen
1215 4081 1274 4134 sine
1294 4090 1387 4149 cotue,
1407 4087 1434 4134 et
1452 4079 1668 4146 amatunam,
1686 4078 1739 4129 aad
1748 4092 1810 4129 non

107 4163 145 4219 (la
163 4162 273 4218 Charta
291 4158 545 4233 puedimntmzs.
565 4163 626 4219 Cor.
650 4171 694 4234 15,
712 4181 737 4219 r.
758 4169 787 4221 t:
816 4168 944 4223 Christus
969 4167 1030 4220 sine
1058 4167 1170 4223 ἀείίοίε.
1207 4166 1333 4220 Patienti
1358 4168 1430 4220 enim
1457 4165 1541 4219 carni
1568 4164 1718 4231 coniuncta
1743 4168 1805 4215 erut

107 4258 235 4304 mortuus
260 4258 302 4303 est
323 4267 381 4319 pro
404 4252 529 4319 peccau‘s
554 4253 666 4306 nostris.
712 4250 775 4307 Gal.
805 4258 833 4323 1,
860 4271 886 4308 r.
912 4262 942 4311 t:
970 4253 1062 4306 deitas
1085 4251 1270 4321 impassibilis
1295 4267 1410 4305 manens
1438 4258 1464 4306 et
1484 4252 1633 4320 passiones
1652 4247 1803 4317 perficiens

108 4336 239 4391 otram
257 4337 336 4390 dedit
353 4351 384 4388 se
401 4336 493 4405 ipsum
507 4337 707 4405 propeccatis
725 4341 835 4394 nostris
869 4340 941 4412 Eph
969 4336 1123 4405 salutares,
1156 4345 1183 4392 et
1210 4337 1340 4407 aperanti
1367 4338 1427 4391 Dei
1459 4337 1541 4391 Varii
1569 4333 1715 4389 diuinitati
1740 4348 1804 4385 aon-

108 4429 133 4488 5,
151 4438 179 4474 v.
199 4426 227 4475 2:
253 4406 392 4476 Clasius
399 4422 498 4475 dilcnit
517 4438 568 4477 nos
586 4432 614 4476 et
624 4425 760 4480 deditae
779 4427 942 4498 ipsampra
963 4427 1068 4494 juncta
1085 4432 1146 4478 erat
1161 4431 1260 4478 sancta
1280 4423 1377 4477 anima
1395 4423 1554 4491 intelliqens
1566 4429 1592 4475 et
1606 4421 1712 4488 ndens,
1732 4435 1804 4489 quae

107 4507 190 4562 nota
213 4506 332 4560 hostiam
356 4514 383 4561 et
401 4507 569 4562 antedonem
590 4511 660 4563 Deo.
700 4505 791 4575 Quare
813 4529 876 4567 cum
895 4513 942 4567 tri-
966 4511 1193 4581 perficiebantur
1226 4510 1322 4578 Iqitur
1335 4510 1474 4608 proprias
1492 4507 1713 4578 purificationes
1732 4505 1804 4559 dioi-

107 4593 174 4665 plcx
193 4591 231 4646 sit
249 4591 350 4648 Christi
370 4592 506 4657 officium,
528 4596 737 4665 propietatem,
763 4602 943 4655 sacerdotale
969 4597 1045 4649 aiat
1063 4597 1147 4650 caeni
1162 4597 1359 4665 communicat,
1384 4603 1415 4649 at
1438 4595 1505 4665 ipsa
1522 4601 1616 4647 mand
1634 4593 1804 4662 passionum

108 4689 134 4735 et
152 4679 275 4748 rapiam,
295 4678 357 4735 ideo
375 4679 458 4735 mam
476 4685 532 4735 tres
550 4680 653 4736 classes
669 4682 888 4753 propositionum
906 4686 942 4741 ad
970 4686 1066 4737 camis
1096 4683 1233 4739 immanis.
1286 4684 1352 4737 Non
1383 4682 1457 4736 mim
1487 4681 1722 4751 quemadmodum
1749 4693 1805 4746 pes·

107 4767 161 4822 hoc
180 4781 270 4838 genus
286 4765 483 4836 pm‘cinsntium
504 4766 633 4821 comtitui
651 4775 775 4838 possunt.
969 4786 1081 4825 carnem
1105 4770 1241 4825 divinitas
1264 4768 1347 4824 Verbi
1369 4769 1553 4838 ορίνοὸοίοιε,
1581 4767 1653 4820 lane
1671 4766 1755 4820 είίοοι
1774 4765 1804 4817 in

145 4859 202 4910 283.
234 4857 259 4907 5.
278 4852 483 4922 Reciprocatio.
521 4851 556 4906 In
578 4851 630 4908 hoc
654 4855 873 4925 propositionum
895 4875 942 4929 ge
970 4859 1082 4926 modam
1097 4874 1152 4927 per
1170 4854 1345 4910 divinitatem
1361 4855 1425 4924 ejus
1444 4853 1697 4922 compatiebatur.
1728 4852 1803 4905 Nam
1907 4914 1910 4926 Ι

107 4957 175 4996 nere
195 4938 302 4994 disemo
319 4944 448 5011 respectu
461 4938 641 5010 reciprocatio
655 4940 740 4996 habet
750 4947 779 4997 et
789 4956 845 4996 non
857 4942 943 5000 habet
969 4960 1036 4999 caro
1060 4944 1219 4997 diuinitatis
1234 4947 1372 5011 orqanutn
1389 4948 1463 5011 erat,
1485 4940 1594 4994 unitum
1607 4937 1730 5006 scilicet,
1747 4952 1803 4991 non

106 5028 206 5084 locum.
243 5025 351 5082 Locum
375 5023 462 5081 habet
488 5026 517 5079 in
543 5025 744 5102 ἁποτελεομοη
763 5028 821 5084 sive
842 5028 942 5087 effecto
968 5036 1127 5102 separatum
1152 5036 1180 5084 et
1203 5034 1357 5098 extemum3
1383 5044 1444 5098 cap.
1469 5033 1508 5083 lt.
1533 5026 1562 5080 id
1583 5024 1737 5081 micanum
1755 5021 1802 5077 ds·

88 5113 258 5177 ·communi‚
286 5111 360 5184 quod
382 5129 415 5167 cx
441 5113 587 5184 utriusqus
608 5120 725 5168 naturae
751 5113 860 5170 actione
879 5133 941 5187 pro·
968 5117 1070 5172 clarat:
1100 5115 1175 5171 Caro
1197 5114 1317 5170 Domini
1335 5112 1383 5174 τὰς
1400 5118 1479 5174 θείας
1496 5114 1632 5185 ἐνεργείας
1653 5108 1801 5178 ἐπλούτησε

106 5201 196 5264 venit,
219 5199 295 5271 qnod
312 5205 419 5254 veteres
438 5199 584 5270 appellant
606 5199 773 5273 assaturis
791 5200 938 5276 ἐνέργειαν.
967 5201 1013 5258 διὰ
1045 5201 1095 5270 τὴν
1123 5202 1192 5279 πρὸς
1222 5202 1271 5256 τὸν
1301 5197 1400 5272 Λόγον
1427 5196 1668 5274 ἀνρειφνεοεεέτην
1694 5197 1801 5266 ἕνωσιν,

105 5287 297 5342 Damascenus
322 5285 370 5342 lib.
392 5291 415 5340 3.
439 5300 500 5354 cap.
528 5289 572 5339 19:
603 5287 669 5339 Non
691 5287 798 5340 ἀίοίεαε
823 5290 940 5343 dicimus
968 5290 1074 5344 diuinis
1092 5289 1247 5344 notionibus
1266 5289 1358 5343 dilata
1379 5295 1420 5341 est
1433 5294 1552 5356 prepter
1565 5284 1805 5354 purissimamad

105 5375 230 5428 actiones
247 5388 334 5441 neque
352 5371 442 5424 diuise
454 5377 567 5438 aqenm
578 5379 705 5440 amsans,
723 5374 775 5425 sed
785 5370 940 5448 ἡνωμένος,
973 5377 1089 5432 Verium
1106 5376 1252 5444 unionem,
1272 5376 1305 5428 id
1322 5378 1362 5428 esl
1378 5373 1543 5442 hypostasin
1560 5386 1735 5440 nequaquam
1751 5388 1800 5423 na-

105 5461 193 5527 nnete,
221 5473 443 5526 unamquamque
468 5473 531 5510 eam
555 5456 674 5510 altadus
692 5461 939 5516 commemicatione
966 5463 1103 5516 toralium
1137 5461 1344 5531 proprietatum
1375 5458 1557 5514 minatam
1588 5470 1686 5527 passa.
1735 5456 1801 5508 Non

104 5553 230 5615 “imm
256 5545 290 5597 *Ἡ
314 5543 418 5612 ipsam,
442 5544 520 5611 awd
537 5542 688 5613 proprium
705 5543 809 5603 lauit.
841 5548 939 5620 Neque
963 5550 1041 5605 enim
1068 5548 1219 5603 semndnm
1240 5547 1393 5618 proprian
1420 5546 1577 5618 trtqyesrs,
1605 5544 1658 5597 md
1681 5547 1804 5614 γοορίεε
