3984 6022
214 290 275 354 eoa
339 360 345 370 ,
749 315 752 321 -
911 278 1034 340 rocus
1051 276 1217 340 mutnus

213 441 380 512 hypostasin
391 447 472 497 vocat
482 440 666 493 substantiam
672 440 807 507 primaru,
825 439 973 495 urendam
984 454 1050 494 vero
1062 434 1065 503 Ι
1077 437 1185 493 unitate
1204 437 1387 492 veneramur?
1414 437 1509 493 Tertio
1523 437 1564 508 pii
1582 443 1689 494 veteres
1706 437 1847 493 unitatem
1859 436 1917 493 n're

213 528 399 581 ιιῦιιιιιιίοοι
417 529 580 594 meandum,
606 526 655 580 ted
672 526 726 580 hoc
747 531 828 580 caute
849 525 1065 598 accipiendum,j
1076 523 1189 596 μονάδα
1212 523 1240 577 iu
1265 522 1403 588 essendo,
1428 523 1581 578 trinitatem
1609 520 1708 594 τριάδι
1735 523 1766 577 iu
1791 523 1917 594 pastris

214 613 281 685 qula
302 612 421 669 essentia
437 629 492 666 non
511 619 553 667 est
569 628 658 683 genus
676 629 727 666 nec
750 610 858 681 species
882 611 910 664 in
938 610 1049 678 divinis,
1077 616 1241 681 agnoscunt,
1255 610 1381 680 adeoque
1398 609 1551 664 trinitatem
1562 608 1599 663 ab
1611 610 1719 665 cointe
1729 608 1918 682 dhtinguuut.

213 698 244 753 in
261 717 293 754 eo
311 706 403 753 lamen
421 703 465 752 eet
483 698 688 765 convenientia,
709 697 784 768 quod
804 697 924 752 essentia
941 701 985 751 est
1003 696 1051 750 tri·
1078 695 1200 765 Quarto,
1223 697 1246 749 si
1272 696 1381 750 trinitas
1400 703 1472 751 esset
1497 696 1581 751 trium
1607 695 1717 765 unitas,
1744 695 1918 768 quaternitas

214 782 267 839 bus
283 784 407 854 personis
427 783 588 852 communis,
607 782 767 854 hypostasis
782 783 885 854 cuique
902 783 1023 855 propria.
1078 789 1150 838 esset
1176 789 1295 852 quatuor
1320 798 1503 852 personarum
1528 782 1629 836 unitas.
1664 781 1769 846 Quinto
1795 780 1918 837 Gentilis

247 877 289 925 ct.
326 875 350 924 t.
378 871 544 925 Antithesis.
580 876 603 924 1.
634 872 804 923 mucetum
837 863 923 923 Valla
950 868 997 923 lib.
1027 875 1050 924 6.
1078 869 1107 923 in
1126 867 1301 940 prothesihus
1321 886 1354 923 ex
1371 885 1403 923 eo
1423 868 1530 940 colligit
1547 869 1696 922 eundum
1720 884 1780 922 cers
1802 866 1919 937 clip-‘d

213 957 333 1027 elegant.
351 974 374 1012 c.
391 964 433 1014 34.
460 957 590 1012 Βοόιὶιιιιι
604 963 725 1025 accusat,
745 957 821 1028 quod
835 956 949 1011 delinire
967 971 1053 1010 ausus
1079 964 1209 1024 quum
1228 958 1307 1009 surra
1325 963 1380 1009 tres
1396 972 1543 1026 personas.
1573 955 1700 1009 Dicimus
1725 968 1794 1026 ergo
1818 968 1919 1010 romeu

213 1042 297 1098 luerit
315 1057 460 1113 personam
479 1059 530 1113 per
548 1043 747 1107 substantiam,
765 1058 828 1097 oum
847 1043 984 1111 sipm'jioct
998 1057 1052 1109 po·
1079 1041 1211 1095 trinitatis
1236 1041 1388 1096 ternarium
1409 1053 1589 1111 personarum
1612 1039 1766 1096 formaliter
1789 1045 1819 1094 et
1839 1049 1919 1110 praa

214 1129 269 1182 tiut
287 1131 420 1183 accidens
437 1146 485 1183 eeu
504 1131 678 1199 qualitatem,
704 1145 785 1201 quae,
804 1145 867 1182 cum
886 1127 915 1180 in
933 1126 995 1182 Deo
1012 1126 1052 1181 lo·
1080 1126 1146 1189 cise,
1167 1127 1303 1182 amentiae
1314 1127 1449 1182 unitatem
1462 1143 1519 1181 non
1534 1126 1587 1181 nisi
1598 1133 1803 1198 smsequnoer
1811 1132 1918 1195 notus,

214 1232 278 1270 eam
296 1233 352 1270 non
369 1216 485 1285 babeat,
509 1216 572 1270 ideo
589 1232 645 1269 non
665 1215 755 1286 magis
773 1216 802 1268 in
823 1214 898 1282 Deo,
918 1229 1001 1285 quam
1022 1213 1052 1265 in
1078 1213 1198 1311 ideoque
1210 1213 1287 1267 illam
1298 1212 1423 1268 Thomas
1433 1212 1633 1284 etymologiam
1644 1228 1704 1267 esse
1720 1216 1831 1267 tentum
1847 1211 1917 1266 ullu·

124 1337 128 1345 ‹
214 1301 297 1357 bruto
313 1302 426 1356 animali
444 1317 591 1372 personam
609 1319 670 1357 esse
688 1301 762 1355 dicit.
795 1300 849 1356 Sed
868 1301 904 1355 de
922 1315 991 1353 voce
1007 1314 1051 1353 ec-
1079 1299 1165 1353 sivam
1183 1305 1212 1354 et
1230 1315 1328 1354 sonum
1344 1299 1419 1353 vocis
1439 1304 1575 1369 spectare,
1594 1299 1668 1354 sicut
1684 1296 1803 1353 didatus
1821 1296 1918 1352 ciri*

213 1386 369 1442 clesiastica
384 1405 441 1442 non
458 1394 501 1442 est
514 1389 700 1458 judicandum
719 1405 752 1442 ex
770 1386 896 1457 profanis
914 1383 1052 1455 scriptori·
1064 1392 1133 1445 {tem
1152 1402 1213 1440 esse
1231 1387 1333 1440 civium
1351 1385 1499 1455 unitatem
1527 1390 1551 1439 t.
1576 1387 1664 1453 oripo.
1698 1383 1897 1439 Conmetn'
1888 1400 1917 1437 ιιι

214 1473 275 1530 bus.
307 1474 391 1530 Adde
409 1475 510 1545 quod'
503 1493 531 1528 ιιι
548 1475 675 1545 probatis
693 1474 810 1528 Latinae
828 1473 941 1544 linguae
957 1479 1052 1527 aucto
1064 1456 1228 1543 {scripturis
1248 1479 1354 1538 exstat,
1372 1472 1573 1527 abstractum
1564 1489 1593 1526 m
1611 1470 1812 1543 antiquissimis
1828 1469 1917 1526 eccle

214 1558 291 1615 ribus
308 1576 427 1631 persone
445 1578 500 1615 non
518 1563 607 1615 solum
630 1560 769 1632 significat
794 1559 973 1632 qualitatem,
1002 1544 1136 1617 sedlsiae
1153 1559 1346 1630 scriptoribus,
1366 1557 1551 1622 Tertulliano,
1571 1561 1668 1612 cauma
1684 1555 1765 1610 Pras.
1784 1555 1917 1626 Cyprios.

215 1644 298 1700 cuam
316 1646 507 1702 substantiam
541 1646 597 1703 Cic
618 1647 664 1700 lib.
683 1647 719 1701 de
736 1647 838 1701 invent.
849 1645 937 1715 topic
950 1650 1051 1714 etpar-
1079 1661 1158 1700 serm
1177 1645 1214 1700 de
1236 1651 1304 1699 orat
1325 1643 1435 1699 Domin.
1455 1642 1604 1698 Ambrosio
1628 1648 1682 1697 ete
1716 1646 1744 1696 3.
1766 1642 1915 1709 Simu·

214 1730 256 1786 tit
269 1732 345 1800 dicit,
365 1731 421 1786 alia
438 1749 499 1787 esse
515 1750 618 1800 rerum,
635 1733 895 1800 uliapersouurmn
907 1731 1049 1784 auritum.
1079 1732 1126 1784 tio.
1161 1730 1283 1785 'lhinitas
1311 1747 1345 1785 ex
1367 1730 1396 1784 ri
1419 1746 1453 1784 ac
1479 1730 1571 1800 prima
1593 1727 1770 1800 impositione
1797 1725 1916 1783 nominis

214 1816 264 1872 lib.
282 1825 305 1872 2.
326 1819 362 1873 de
380 1825 465 1874 orat:
490 1819 642 1872 Hominum
667 1818 882 1872 innumerabiles
904 1831 1050 1886 percorum
1079 1815 1265 1888 quarumlibet
1278 1821 1523 1872 rerumternarum
1536 1829 1681 1870 numerum
1699 1811 1852 1885 siguificat,
1867 1811 1916 1868 sed
1945 1855 1949 1858 -

214 1902 336 1973 Philipp.
356 1910 387 1959 ιι
406 1905 473 1958 Νοι
492 1905 613 1958 alimmu
623 1905 700 1972 suit,
714 1920 855 1973 personas
872 1904 1013 1972 quamam
1030 1917 1049 1952 a
1079 1902 1267 1958 ecclesiastiea
1284 1901 1416 1973 loquendi
1427 1899 1626 1957 consuetudine
1641 1917 1704 1954 cum
1721 1899 1854 1955 absolute
1869 1912 1915 1968 pc

215 1991 292 2042 cobis
320 1991 498 2057 recoyuosci,
524 1998 571 2057 ut,
596 1990 757 2059 molluscum
783 1990 885 2042 lelium
908 1988 1052 2057 pareretis,
1078 1989 1162 2058 nitur,
1174 1989 1343 2060 singularem
1357 1987 1477 2043 illumet
1493 1986 1800 2058 incomprehensibilem
1808 1985 1915 2040 mrito·

211 2077 329 2142 posuer
355 2077 437 2128 taciti
457 2078 589 2144 comeare.
626 2075 719 2131 valer.
743 2075 818 2130 Max.
841 2074 889 2130 lib.
914 2080 938 2131 2.
964 2090 987 2127 c.
1010 2076 1051 2127 21.
1078 2093 1140 2129 rum
1157 2090 1337 2147 personarum
1356 2075 1509 2143 marium
1527 2074 1577 2130 ubi
1593 2074 1716 2144 denotat,
1734 2061 1791 2128 non
1809 2069 1915 2143 signfi-

215 2159 488 2230 quoslibethomines
505 2167 587 2215 vocat
600 2176 747 2233 pereamus.
776 2161 859 2217 lesus
878 2160 981 2216 Christi
997 2158 1051 2212 tria
1079 2167 1125 2217 cat
1144 2161 1250 2231 aliquid
1267 2162 1448 2231 compositum
1466 2177 1501 2216 ex
1519 2160 1617 2223 tribus,
1634 2158 1684 2214 sed
1702 2163 1759 2214 tres
1777 2170 1911 2230 per-mnes

215 2247 388 2302 constituunt
401 2248 473 2317 juris
491 2248 619 2318 objecta,
633 2266 782 2317 pascuae,
802 2264 849 2301 rer
867 2252 896 2302 et
919 2247 1050 2307 amicust.
1077 2248 1161 2303 unius
1181 2247 1334 2316 eemndae,
1362 2246 1438 2302 unde
1456 2246 1539 2302 etiam
1563 2245 1674 2300 trinitas
1694 2245 1753 2299 sire
1776 2253 1836 2300 tres
1855 2258 1915 2315 per

216 2334 242 2385 2.
264 2333 430 2386 Plotiuiaui
453 2349 632 2404 personarum
657 2335 811 2389 trinitatem
832 2333 861 2387 iu
883 2331 983 2386 divinis
1005 2348 1051 2386 ne
1079 2349 1163 2389 sonae
1180 2333 1262 2387 simul
1280 2340 1387 2388 sumtae
1406 2350 1462 2388 non
1479 2331 1613 2387 differunt
1630 2331 1668 2388 ab
1689 2331 1824 2394 essartis,
1848 2329 1916 2385 sliu

215 2425 314 2489 gentes
329 2418 515 2475 definitionem
526 2436 660 2491 personae
677 2421 762 2477 talem
775 2420 928 2490 proiemmt,
946 2436 979 2473 ex
995 2432 1051 2487 qua
1079 2419 1141 2473 loco
1164 2419 1296 2474 uirtutis
1319 2418 1542 2474 introduceretur
1565 2417 1743 2490 quaternitas.
1782 2417 1915 2489 Magnum

214 2506 375 2576 mysterium
396 2504 466 2560 illud
484 2524 514 2561 se
534 2513 657 2562 evertere
675 2523 757 2578 posse
780 2513 901 2576 sperant
937 2503 1050 2559 Goslav.
1078 2505 1195 2576 proinde
1214 2505 1364 2560 discrimen
1381 2512 1424 2561 est
1441 2506 1514 2558 iuter
1530 2506 1636 2558 cisum
1653 2512 1679 2558 et
1697 2504 1811 2574 trr‘plm
1854 2503 1913 2557 Tri»

215 2597 313 2646 corma
330 2591 477 2647 chkcrm.
495 2599 567 2663 part.
585 2599 608 2648 3.
629 2610 653 2647 c.
675 2599 702 2648 i:
734 2592 926 2646 Θιοοὶιιίιιιιι
946 2591 996 2644 ille
1014 2592 1051 2642 de
1078 2608 1144 2645 num
1154 2599 1204 2661 est,
1223 2592 1297 2662 quod
1311 2592 1340 2645 in
1351 2591 1472 2646 essentis
1483 2606 1569 2646 unum
1580 2597 1636 2647 tres
1647 2589 1734 2646 hebet
1743 2589 1915 2644 subsistendi

215 2679 341 2731 trinitate
365 2696 447 2731 error
469 2680 625 2747 copudiome
644 2696 785 2748 persorme
812 2695 879 2731 uera
902 2677 982 2730 mullo
1005 2694 1050 2730 me-
1078 2679 1182 2746 modos,
1201 2678 1309 2747 triplex,
1327 2677 1427 2750 quode
1437 2675 1527 2731 tribus
1538 2682 1583 2732 est
1594 2677 1798 2748 compositum.
1812 2675 1914 2730 mium

214 2764 291 2831 potio
308 2764 480 2831 asprelmdi
491 2772 599 2834 potest,
617 2766 750 2818 saterris-er
769 2765 938 2817 oelememter
956 2764 1052 2816 ιίοοιοι
1078 2763 1169 2818 Deum
1188 2763 1322 2833 dicimus,
1344 2763 1394 2816 sed
1411 2762 1548 2833 triplicem
1566 2762 1659 2817 dicere
1676 2761 1840 2817 Christiana
1852 2759 1913 2816 rull·

216 2849 430 2917 αὶάοοιὲιοίιοο
447 2851 504 2902 eibi
514 2851 688 2919 pmumders'
699 2851 771 2921 pati,
792 2859 850 2904 tres
863 2866 1003 2918 personae
1022 2849 1052 2901 iu
1079 2850 1161 2921 gione
1180 2849 1365 2920 prohibemur.
1401 2848 1511 2903 Dicitur
1532 2853 1626 2904 autem
1646 2847 1724 2903 Deus
1746 2848 1838 2902 trinus
1860 2863 1924 2911 neux

213 2933 301 2988 urica
320 2937 441 2989 essestia
459 2937 609 2990 cucumere
619 2954 713 3007 poree,
732 2954 793 2990 mim
811 2953 858 2989 eor
877 2936 989 2989 mutuus
1009 2935 1051 2988 le-
1079 2941 1208 3007 respectu
1221 2935 1366 3000 essentias,
1381 2940 1631 3005 quaeestnumaro
1642 2947 1775 3001 uranon
1786 2937 1914 3005 respecta

214 3027 273 3075 teat
290 3021 441 3090 quamlibet
448 3038 601 3091 pascuum
619 3024 763 3092 roquirere
775 3023 948 3091 impuleram
961 3039 1051 3076 mem·
1079 3012 1242 3078 idiomatum
1259 3021 1460 3091 essentialium,
1485 3020 1589 3092 quippe
1614 3031 1687 3091 quae
1710 3037 1774 3074 cum
1795 3018 1915 3076 malls

157 3102 180 3148 ·'
216 3108 292 3161 trum.
328 3108 425 3178 (Resp.
445 3108 537 3180 siper
555 3126 656 3165 nomeu
675 3111 830 3178 stupueris
853 3111 988 3164 masmim
1011 3109 1052 3163 in-
1078 3117 1143 3165 sunt
1160 3106 1363 3180 simplicisn'me
1384 3105 1465 3161 rarsi
1483 3106 1559 3178 quid,
1576 3123 1632 3162 uon
1648 3111 1778 3176 respecta
1796 3105 1914 3177 gmeth,

215 3194 326 3265 telligat
349 3201 505 3266 separatam
531 3202 559 3263 et
582 3197 869 3252 incommunicabilem
895 3195 1051 3260 essentiam,
1078 3197 1123 3252 sel
1139 3196 1251 3267 speciei,
1270 3195 1337 3266 quia
1353 3195 1383 3248 in
1393 3194 1455 3250 Deo
1471 3211 1523 3250 nec
1541 3207 1630 3265 geum
1651 3206 1704 3247 nse
1721 3192 1849 3263 specim
1865 3190 1914 3247 sul

214 3296 350 3352 negamus
367 3281 396 3334 in
415 3281 515 3335 divinis
532 3282 657 3351 personis
680 3299 741 3338 eam
766 3282 868 3354 requiri
890 3282 934 3337 vel
960 3282 1052 3336 locum
1078 3288 1207 3354 respectu
1221 3282 1304 3337 trium
1322 3278 1465 3352 ὑπάρξεως
1482 3279 1601 3351 τρόπων,
1622 3279 1671 3350 qui
1686 3278 1915 3347 suetiqusts

216 3365 332 3436 babere,
351 3381 415 3420 cum
434 3366 530 3420 divina
546 3368 666 3422 essentia
684 3369 721 3422 sit
737 3367 865 3436 infinita)
893 3368 965 3423 Ibid.
985 3386 1007 3423 c.
1026 3374 1050 3424 2.
1078 3371 1107 3424 in
1125 3370 1217 3436 Patre,
1234 3373 1361 3439 γιινηιις
1378 3369 1407 3420 in
1426 3366 1514 3435 Filio,
1531 3365 1692 3438 ἐκπύρωσις
1706 3365 1737 3419 ih
1755 3363 1877 3437 Spiritus
1892 3383 1915 3419 s.

215 3467 251 3507 ex
268 3453 360 3507 Boem
378 3453 538 3508 definitione
554 3457 815 3510 incommunicabile
836 3457 1051 3528 expungendum
1079 3456 1153 3513 Vide
1168 3456 1219 3511 loc.
1238 3455 1273 3510 de
1292 3453 1355 3509 trib.
1374 3452 1485 3508 Elohim
1502 3449 1532 3528 ᾖ.
1553 3460 1575 3509 1.
1594 3459 1623 3507 et
1642 3458 1666 3507 2.

216 3555 277 3594 esse
295 3540 376 3608 dicit,
397 3557 458 3593 cum
477 3542 508 3593 im
524 3542 607 3595 verbo
624 3543 803 3595 individuum
819 3544 895 3595 ι’άιιι
913 3544 1051 3596 commuca-
1113 3549 1153 3599 65.
1189 3548 1213 3596 t.
1232 3541 1392 3596 Anastasis.
1425 3547 1445 3595 1.
1473 3539 1514 3596 Ut
1539 3557 1597 3595 rem
1620 3539 1718 3610 ipsam,
1740 3537 1784 3593 ita
1806 3553 1915 3609 quoque

216 3633 271 3677 tur.
302 3625 400 3694 (Atqui
419 3625 592 3680 individuum
604 3633 633 3682 et
645 3626 903 3682 incommunicabile
919 3645 975 3682 uon
987 3633 1053 3682 sunt
1078 3642 1178 3686 nemen
1194 3628 1326 3683 trinitatis
1337 3627 1520 3697 repudiammt
1536 3625 1669 3680 hametici
1688 3631 1797 3679 veteres
1814 3629 1915 3694 nysre

215 3711 300 3781 plane
316 3711 466 3781 reciproca.
501 3712 679 3767 Indiuiduum
696 3712 766 3767 dicit
788 3713 924 3768 rationem
943 3719 1052 3768 unuin
1078 3717 1148 3770 dum
1165 3713 1289 3789 μονάδος
1302 3712 1433 3785 tremitis
1449 3717 1497 3766 aul
1514 3710 1625 3784 τριάδος
1642 3710 1674 3765 ts
1688 3710 1794 3784 μοιάᾶι
1809 3726 1915 3782 aqu·

215 3796 394 3866 singulariter
411 3797 587 3866 subsistendi,
605 3813 639 3852 ac
655 3799 770 3869 respicit
787 3800 904 3869 primam
922 3799 1051 3855 substan-
1078 3809 1129 3867 tes,
1141 3816 1259 3873 qaorum
1271 3799 1396 3871 turigii·
1406 3798 1489 3853 hodie
1500 3796 1631 3852 insistunt
1645 3797 1820 3866 Plotier‘am',
1837 3794 1916 3850 ene-

215 3882 292 3950 tiam,
312 3882 572 3940 incommunicabile
587 3884 708 3955 explicat
724 3884 839 3940 formale
856 3885 1001 3953 individui,
1018 3902 1052 3939 ac
1078 3889 1206 3945 trimitarii
1220 3906 1253 3943 ex
1271 3904 1304 3942 eo
1321 3886 1419 3941 merito
1437 3885 1512 3940 dicti.
1548 3884 1639 3941 hocin.
1658 3885 1688 3938 in
1706 3883 1813 3939 defu.
1831 3883 1916 3938 nri}

189 3981 194 3990 ·
215 3967 331 4037 respicit
346 3967 416 4021 alias
432 3983 564 4037 personas
583 3971 708 4040 ejusdem
730 3977 853 4027 murae
889 3972 923 4026 In
951 3978 1052 4026 natura
1078 3978 1140 4033 adv.
1160 3995 1187 4046 p.
1204 3980 1270 4030 311:
1300 3974 1411 4028 Veteres
1428 3971 1559 4039 theolopi,
1575 3988 1639 4023 cum
1655 3969 1812 4023 mutares
1829 3967 1915 4023 semi

216 4054 323 4125 aliquid
340 4059 433 4124 potest
449 4070 509 4109 esse
526 4055 595 4111 haec
613 4062 642 4110 et
659 4057 775 4127 proinde
792 4057 883 4128 prima
895 4058 1053 4112 substantia
1078 4065 1200 4131 uuiaet,
1218 4079 1275 4114 mou
1293 4068 1324 4113 ut
1344 4076 1417 4112 nuuc
1433 4060 1497 4123 sere
1514 4058 1562 4125 m,
1579 4057 1673 4126 ι’ριιιοι
1691 4055 1753 4109 Dei
1767 4054 1916 4108 ιιιιιιάιιι

215 4155 250 4196 ac
260 4148 463 4212 consequenter
480 4141 661 4212 individuum,
680 4145 756 4215 quod
774 4150 866 4199 tamen
882 4161 939 4199 non
955 4151 999 4199 ost
1011 4144 1051 4198 in-
1078 4152 1110 4203 ιι
1126 4151 1214 4203 trium
1228 4146 1363 4215 permis
1380 4145 1582 4206 remittentem,
1606 4144 1659 4195 scd
1675 4137 1844 4211 simpliciter
1860 4141 1916 4194 Pa·

217 4228 464 4298 communicabile,
497 4235 531 4283 ut
559 4230 633 4301 ignis
663 4231 694 4284 in
724 4231 797 4285 ferro
825 4232 962 4286 candente
988 4231 1049 4286 lec.
1078 4245 1156 4304 trem
1175 4234 1283 4289 lilium
1302 4229 1747 4299 commemoraturum.
1776 4227 1814 4281 hit
1832 4225 1916 4298 paulo

218 4311 299 4370 llam
321 4322 346 4370 2.
370 4315 406 4371 de
424 4315 514 4369 tribus
532 4315 611 4371 Illoh.
637 4328 661 4373 c'.
680 4323 704 4372 4.
730 4317 819 4372 mrrlta
842 4318 987 4372 individua
1011 4318 1052 4371 in·
1079 4329 1160 4377 ante:
1193 4320 1291 4373 Potuit
1317 4318 1507 4383 Hieronymus
1530 4322 1619 4368 emet.
1645 4314 1784 4367 mmetats'e
1806 4312 1916 4367 mem

218 4400 385 4456 didduitate
415 4408 524 4456 retente
552 4404 684 4458 amittunt
713 4403 1052 4459 incommunicabilitatem
1078 4407 1252 4475 intempore,
1277 4422 1334 4457 mom
1359 4404 1436 4471 quod
1460 4410 1518 4454 tres
1545 4402 1600 4454 siret
1626 4400 1657 4454 iu
1678 4402 1742 4453 Deo
1765 4414 1916 4469 pmaenas,

218 4503 267 4542 seu
285 4487 391 4557 proprii
409 4489 547 4559 suppositi
564 4491 700 4544 rationem
714 4507 739 4544 c.
752 4491 787 4556 6.)
816 4489 887 4546 Ibid
908 4504 1053 4560 personum
1079 4496 1174 4561 Pater,
1202 4492 1297 4545 bilius
1313 4498 1340 4543 ct
1361 4489 1487 4559 Spiritu
1509 4505 1542 4554 a,
1564 4489 1617 4540 aad
1640 4488 1718 4556 quad
1736 4486 1786 4540 ιλιι·
1806 4494 1864 4538 tres
1886 4483 1916 4536 ιἰι

217 4573 328 4642 deflerit,
357 4575 432 4645 quod
452 4577 488 4628 rit
505 4577 664 4630 substantia
676 4578 776 4644 pruna
792 4576 961 4646 intellimus.
997 4576 1053 4632 Sed
1078 4588 1191 4634 noemae
1208 4578 1310 4631 salutis
1328 4575 1459 4643 mysterio
1480 4579 1656 4627 concurrunt.
1683 4577 1711 4628 t.
1732 4571 1871 4626 Caluinus
1885 4570 1915 4624 iu

91 4683 130 4724 111.
143 4651 189 4724 ese
213 4659 248 4717 is
263 4661 314 4715 ills
333 4660 494 4716 definitione
513 4663 650 4717 omittitur
671 4662 794 4719 formalis
818 4663 889 4719 retia
912 4678 1055 4735 personae,
1079 4666 1158 4737 epist
1185 4663 1222 4718 ad
1244 4662 1341 4718 Polou
1369 4677 1398 4730 p.
1426 4664 1501 4715 tett.
1527 4674 1623 4729 opino.
1647 4656 1713 4712 edit
1741 4673 1806 4712 unu.
1834 4661 1913 4714 rtet:

218 4762 290 4820 quse
308 4754 352 4801 est
368 4747 674 4807 incommunicabiliter.
1080 4754 1160 4806 Haec
1174 4750 1305 4818 prr-coelio
1324 4747 1504 4800 emuniter
1521 4752 1649 4814 recepta,
1670 4751 1772 4797 rueme
1795 4744 1916 4805 uisitur,

86 4857 176 4897 semen
252 4841 294 4891 ct.
328 4838 356 4888 3.
377 4836 512 4889 Trinitas.
547 4835 641 4906 Hujus
664 4835 740 4891 vocis
764 4835 887 4890 notanda
913 4841 935 4892 l.
953 4835 1054 4906 irruo-
1078 4854 1150 4892 ιιιιιι
1168 4839 1263 4902 Deus,
1291 4833 1434 4886 miliaco
1452 4833 1556 4899 placet.
1592 4835 1619 4885 3.
1640 4831 1795 4885 Musas
1819 4830 1916 4886 eodm

86 4906 204 4949 ‘'mm'‘
218 4923 308 4991 lapte.
345 4920 511 4976 'lhinitatem
529 4920 631 4975 dictam
648 4922 746 4976 volunt
763 4922 845 4993 quasi
862 4921 946 4976 trium
963 4921 1054 4976 unita-
1079 4923 1190 4978 nomine
1214 4919 1337 4992 pariter
1360 4923 1494 4972 amamur
1508 4917 1641 4973 desuitae
1676 4916 1864 4972 llallsrmims
1886 4914 1917 4969 in

216 5007 1054 5079 tem,utcmphatieeexprimetiliudspostoliouml.Job.t‚
1078 5009 1195 5080 praeiet
1220 5013 1344 5062 controv.
1368 5004 1406 5058 de
1428 5002 1539 5058 Christo
1572 5010 1601 5058 et
1627 5003 1657 5057 in
1676 5003 1739 5072 jud
1763 5003 1800 5059 de
1825 5002 1917 5057 uum
1952 5008 1955 5012 ’

200 5109 243 5173 [ι.
258 5100 281 5151 t.
301 5101 327 5147 et
344 5095 376 5146 m·
389 5102 447 5148 tres
463 5111 549 5148 usum
567 5102 637 5148 mm.
667 5093 765 5149 Thom.
785 5110 812 5166 p.
827 5101 849 5150 1.
861 5112 889 5167 q.
905 5101 1011 5152 ltart
1030 5088 1215 5171 t.l(loncord.
1234 5092 1325 5147 mend.
1344 5098 1367 5146 3.
1392 5090 1445 5145 col.
1466 5094 1546 5146 thid:
1574 5088 1608 5143 m·
1630 5089 1755 5142 uelem
1774 5089 1917 5157 prem

218 5196 251 5235 cx
269 5179 377 5233 Isidoro
394 5180 442 5235 lib.
466 5186 487 5235 l.
506 5196 530 5236 c.
551 5186 575 5235 4.
611 5181 701 5251 Atqui
716 5182 806 5251 primo
825 5181 957 5236 Latinum
975 5181 1055 5236 trini-
1080 5181 1212 5236 άοοινάιιο
1235 5178 1374 5232 catholica
1398 5179 1434 5230 de
1450 5178 1558 5230 similate
1584 5175 1720 5229 ιιιιιιάαι
1743 5183 1770 5228 rt
1791 5176 1917 5228 ιιίιάιιιι

217 5273 261 5321 tas
281 5267 431 5336 respondet
449 5266 558 5323 Graeco
576 5266 666 5341 τριάς,
688 5284 761 5338 quae
781 5284 837 5322 uon
854 5268 972 5324 includit
994 5268 1054 5324 uui-
1077 5283 1274 5337 pascuarum,
1293 5282 1345 5316 our
1362 5281 1395 5317 eu
1407 5263 1540 5330 procubus
1558 5261 1747 5314 mammaea·
1761 5260 1917 5315 Omo-

216 5351 284 5408 tatu
310 5353 539 5424 appellationem
564 5352 688 5408 secundo
708 5353 880 5409 Athanasius
908 5355 937 5408 in
964 5354 1053 5426 symb.
1079 5370 1143 5407 mm
1163 5350 1246 5404 illam
1260 5349 1505 5419 premiiumculam
1523 5347 1651 5416 cuntulit,
1670 5355 1771 5400 sanctu
1793 5348 1918 5413 tristiter,

217 5439 302 5508 dicit,
327 5438 464 5494 mutem
481 5442 512 5495 im
530 5441 658 5495 trisitate
678 5448 704 5492 et
723 5442 877 5496 minaeum
895 5443 925 5496 iu
945 5442 1053 5495 unitate
1079 5455 1151 5493 uuus
1167 5437 1297 5504 Duce,
1321 5437 1454 5489 miserus
1477 5435 1575 5489 amre?
1610 5432 1727 5504 Grager.
1749 5432 1786 5488 de
1804 5433 1917 5489 Valent.

215 5541 386 5584 mactamur.
420 5527 462 5581 At
478 5528 541 5598 quis
559 5525 748 5598 italoquitur,
765 5528 852 5583 mium
868 5527 1003 5584 unitatem
1020 5526 1051 5581 in
1080 5525 1128 5583 lib.
1150 5532 1173 5581 t.
1190 5523 1227 5579 de
1245 5508 1316 5578 uuit
1333 5526 1364 5576 et
1381 5521 1468 5578 trinit.
1490 5537 1516 5577 a
1533 5526 1568 5590 t,
1587 5538 1614 5592 p.
1637 5523 1704 5575 tlt:
1737 5520 1773 5574 Ut
1795 5520 1828 5574 iss
1851 5536 1919 5575 osee
