3984 6022
211 260 271 332 2:40
882 208 1220 316 weusmcuunns

212 417 371 474 afficiuntur
400 421 427 471 et
453 415 482 469 in
508 415 598 469 locum
625 415 683 469 veri
706 413 760 469 Dei
785 413 949 477 evehuntur,
979 427 1041 466 cnm
1068 429 1118 464 sen
1137 414 1227 480 desim,
1251 427 1300 465 nee
1319 411 1451 482 praesim
1476 419 1501 465 et
1524 411 1651 465 socchus
1679 417 1799 463 uocum
1828 411 1905 477 dem,

211 509 304 559 tamen
326 518 421 558 revers
441 516 496 555 non
521 506 586 555 sunt
609 498 733 568 Elobim,
760 497 809 554 sed
827 483 954 574 &5³55ss
976 499 1041 554 Lea.
1068 499 1120 551 sed
1136 514 1197 550 eum
1215 497 1269 550 trae
1286 496 1461 566 adjectione:
1485 498 1555 550 deus
1574 494 1745 550 Pharaonis.
1782 494 1849 547 Nou
1866 501 1905 547 ert

215 595 260 656 to,
279 606 303 642 r.
321 595 344 642 t.
363 587 425 640 Esa.
445 591 474 649 3,
492 602 519 641 v.
542 591 579 640 to.
598 584 634 640 ab
652 567 717 646 ἧς
738 585 822 652 nihil,
847 585 980 652 nihilum,
999 600 1042 637 res
1070 582 1140 634 dcta
1158 582 1255 650 Moysi
1269 590 1387 648 nmuro,
1407 599 1464 652 qua
1480 584 1562 636 Deus
1580 589 1663 649 uret,
1681 583 1736 635 aad
1750 578 1906 634 cantorius

212 672 268 730 non
286 672 428 739 exsistens,
455 669 574 734 inutilis,
602 670 668 740 quia
691 670 765 724 idola
782 670 852 725 nihil
869 676 947 739 sunt,
975 667 1043 722 nihil
1070 674 1097 720 et
1120 676 1271 736 postestas,
1302 686 1358 737 qua
1383 668 1457 722 celest
1483 669 1554 722 mssa
1581 667 1763 721 Pharaonem
1780 674 1905 735 terreret,

211 766 327 830 prosunt
348 764 368 813 1.
383 756 445 812 Cor.
463 761 487 820 8,
504 773 529 809 v.
548 762 578 810 t:
599 755 715 823 Scimus,
733 755 775 808 dri.
793 755 890 825 οὐδέν,
909 757 986 824 quod
1001 753 1043 806 ui·
1066 753 1181 822 puniret
1216 762 1242 806 et
1276 755 1412 812 nolentem
1441 761 1551 822 caperet
1581 752 1726 807 Hebraeos
1759 752 1905 806 dimittere.

210 845 253 897 lu't
278 842 386 898 idolum
407 842 438 894 in
459 843 574 909 mundo,
601 860 627 912 q.
655 825 824 917 aetthi}
847 826 887 893 ab
915 858 971 896 non
989 839 1043 902 Dii,
1070 838 1166 892 Ambr.
1192 838 1240 894 lib.
1265 846 1288 893 5.
1315 839 1350 893 ds
1373 837 1420 893 tid.
1441 855 1464 894 c
1489 846 1521 894 5.-
1547 841 1629 893 Dcus
1650 839 1805 893 eamcam
1832 837 1906 894 aert-

211 936 234 988 2.
254 930 317 984 Par.
338 935 377 992 13,
397 946 422 981 r.
442 934 465 981 3.
485 927 625 998 quinimo
644 926 786 997 Scriptura
808 945 859 999 per
877 932 1043 983 contemtum
1069 933 1172 994 ptores
1190 933 1240 978 aut
1256 941 1338 978 serus
1356 935 1397 979 eat
1411 926 1500 991 Deus,
1519 934 1550 979 ut
1565 928 1661 994 Pater,
1680 925 1778 979 Filius
1795 923 1864 978 etS.
1877 941 1906 993 a,

210 1016 285 1071 idola
299 1020 380 1070 vocat
397 996 517 1079 fl'htht,
530 1018 659 1082 stercora,
673 1013 739 1068 deos
753 1013 927 1069 stercorarios
943 1013 1043 1085 l.Reg.
1071 1019 1121 1063 out
1144 1012 1359 1080 nummarium,
1384 1020 1416 1064 ut
1441 1012 1548 1079 cupali,
1571 1013 1701 1081 judicem
1727 1019 1780 1064 orat
1804 1010 1906 1079 salsus,

212 1110 251 1164 ts,
269 1119 295 1156 r.
316 1106 355 1157 12.
377 1106 400 1155 2.
420 1099 489 1171 Reg.
511 1106 549 1168 t't,
567 1117 593 1153 r.
616 1106 654 1154 12.
673 1098 770 1154 Potest
786 1100 869 1153 etiam
887 1116 947 1171 esse
965 1099 1041 1153 dimi-
1071 1105 1101 1150 ut
1118 1099 1265 1150 memores
1282 1105 1308 1150 et
1326 1098 1488 1152 enumera.
1525 1097 1609 1170 Greg.
1629 1097 1700 1153 hom
1718 1102 1743 1153 8.
1761 1095 1792 1151 in
1806 1093 1906 1156 Emit.

210 1187 337 1243 nativum
358 1186 393 1241 ab
419 1169 593 1254 ι213,Ι)θιιε,
622 1202 648 1255 q.
667 1186 693 1239 d.
714 1184 857 1248 deunculi‚
882 1185 1043 1254 ildttmtipen,
1073 1186 1151 1237 Deus
1175 1184 1205 1236 in
1230 1184 1378 1252 Saripnm
1402 1203 1423 1238 s.
1448 1185 1604 1253 aliquando
1632 1183 1833 1252 maenttalt‘ter,
1856 1182 1907 1237 ali·

212 1271 379 1328 comtemtim
401 1271 441 1324 sic
465 1270 606 1342 appellati.
639 1270 710 1326 item
726 1255 793 1338 513,
808 1255 854 1342 ht}
881 1287 936 1324 non
959 1270 1045 1337 Dens,
1072 1272 1185 1339 quando
1210 1271 1394 1339 nuncupative
1417 1271 1528 1324 dicitur.
1564 1271 1642 1324 Iacet
1662 1270 1736 1323 euim
1759 1286 1824 1323 cum
1846 1270 1907 1324 Deo

210 1360 285 1415 idola
308 1358 380 1413 enim
403 1376 459 1413 non
483 1365 548 1411 sunt
570 1373 634 1412 vere
657 1357 709 1417 dii.
735 1358 779 1412 rel
797 1355 879 1410 cham
900 1339 979 1417 *72⁶2
1002 1339 1045 1422 ¹³²3.
1072 1358 1298 1409 communicemus
1325 1356 1354 1408 in
1381 1357 1477 1410 multra
1503 1358 1661 1412 nominihus
1686 1365 1713 1410 et
1737 1355 1907 1426 operat&-

210 1446 288 1501 Deus
305 1444 402 1512 noctis,
424 1448 587 1507 noctumns‚
606 1442 759 1514 lucifugas,
783 1442 880 1513 quales
899 1448 964 1497 sunt
980 1441 1043 1495 dae·
1073 1444 1134 1510 bru,
1169 1445 1198 1496 iu
1231 1444 1349 1496 essentia
1374 1452 1466 1497 tamen
1495 1463 1637 1514 nunqrsam
1665 1445 1906 1497 communicamus.

211 1549 321 1598 mones,
347 1529 394 1600 qui
419 1529 448 1583 in
468 1529 549 1582 idolis
568 1529 707 1596 coluntur,
726 1529 770 1583 vel
789 1528 825 1582 ab
844 1512 914 1601 ³5:⁸1
936 1544 1044 1583 execra·
1073 1529 1145 1595 Quin
1163 1529 1217 1583 imo
1242 1536 1274 1582 ut
1291 1529 1435 1600 Scriptura
1455 1545 1551 1585 verum
1568 1529 1659 1584 Deum
1677 1528 1790 1600 proprie
1811 1528 1854 1582 sic
1871 1529 1907 1583 di·

210 1623 323 1684 tuaest,
342 1615 640 1688 quiaidolasuntrcs
659 1615 836 1671 execrandae.
967 1686 970 1693 ι
1073 1623 1149 1670 ctum
1172 1615 1259 1670 adiis
1284 1615 1433 1686 improprie
1464 1622 1492 1670 et
1514 1615 1585 1669 falso
1608 1615 1648 1670 sic
1673 1615 1757 1670 dictis
1780 1622 1908 1670 accurate

83 1706 103 1747 ²·
116 1708 182 1775 3⁰⁰¹·
249 1711 286 1760 tt.
307 1702 387 1769 Quod
406 1707 499 1756 autem
516 1701 551 1756 de
562 1701 692 1756 Hebraeo
710 1702 824 1754 Etobtm
843 1699 954 1766 dictum,
972 1699 1045 1753 idem
1074 1702 1220 1769 discernat,
1239 1701 1318 1755 illurn
1336 1709 1418 1756 vocat
1426 1699 1510 1774 φύσει
1520 1701 1588 1756 θεόν
1605 1700 1667 1756 Gal.
1676 1709 1701 1768 t,
1711 1718 1737 1754 r.
1747 1706 1771 1757 3.
1783 1701 1835 1755 hos
1846 1716 1907 1756 raro

84 1765 155 1818 '⁹⁶⁰⁶'
211 1791 246 1846 de
270 1790 379 1844 Gracco
404 1787 482 1855 θεός,
510 1789 592 1840 Densa
617 1785 821 1856 accipiendum,
847 1785 914 1838 illud
939 1785 1046 1840 scilicet
1074 1793 1240 1858 λεγομένους
1258 1789 1339 1848 θεούς
1367 1795 1387 1843 l.
1406 1787 1468 1843 Cor.
1488 1794 1512 1855 8,
1533 1806 1558 1842 v.
1577 1795 1601 1844 5.
1636 1786 1723 1859 (injus
1741 1786 1907 1843 obmrrafio

210 1875 304 1930 itidem
328 1873 417 1944 accipi
440 1873 484 1927 rel
508 1872 642 1941 proprie,
677 1871 814 1943 quomodo
843 1871 974 1925 tribuitur
997 1872 1044 1924 uni
1073 1875 1115 1928 nis
1138 1891 1204 1928 usus
1232 1880 1275 1928 est
1306 1881 1402 1928 cenna
1429 1873 1609 1928 Photinianos
1639 1880 1787 1945 negantes,
1816 1889 1907 1928 reram

210 1978 274 2016 vero
301 1961 376 2028 Deo,
410 1959 495 2030 idque
521 1958 566 2013 vel
592 1959 777 2011 essentialiter
804 1956 931 2012 omuibus
957 1957 1046 2011 tribus
1073 1960 1173 2015 Christi
1192 1959 1364 2015 divinitatem
1384 1977 1418 2016 ex
1436 1960 1622 2030 appellatione
1638 1959 1690 2014 Dei
1708 1959 1762 2029 ipsi
1778 1959 1908 2014 attributa

208 2046 333 2119 personis
351 2045 415 2101 Joh.
439 2052 468 2111 t,
492 2062 517 2097 v.
543 2050 589 2114 243
618 2044 663 2099 vel
686 2044 876 2113 percontator
902 2042 937 2097 de
961 2043 1045 2097 Patre
1074 2046 1255 2101 demonstrari
1277 2063 1365 2117 posse.
1401 2045 1479 2100 Haec
1503 2046 1594 2100 omnia
1612 2045 1733 2101 breviter
1752 2045 1908 2116 complecti

209 2134 272 2191 Job.
294 2138 321 2200 3,
349 2150 374 2185 v.
399 2137 445 2195 1t;
474 2130 510 2185 de
531 2129 604 2185 Filio
622 2129 685 2186 Job.
713 2138 739 2197 1,
765 2148 790 2183 v.
820 2135 848 2199 t;
883 2129 918 2182 de
942 2128 1046 2198 Spiritu
1072 2140 1117 2187 tur
1136 2131 1271 2194 Basilius,
1290 2132 1401 2203 qnando
1421 2132 1500 2202 epist.
1523 2137 1587 2198 ttt,
1606 2147 1678 2204 quae
1698 2138 1741 2185 est
1758 2130 1908 2186 adeam

209 2226 304 2275 sancto
329 2218 422 2272 Actor.
448 2223 477 2285 5,
502 2233 527 2269 r.
547 2223 578 2285 43
603 2216 647 2269 rel
669 2215 839 2285 improprie,
864 2231 920 2286 qua
942 2215 1046 2270 ratione
1073 2219 1178 2286 rianos,
1205 2218 1286 2273 docet
1302 2218 1355 2272 Dei
1374 2235 1474 2273 nomen
1490 2217 1580 2272 tribus
1596 2217 1655 2272 tere
1674 2218 1765 2273 modis
1782 2218 1908 2290 usurpari

208 2306 304 2362 itidem
322 2304 365 2359 vel
384 2303 531 2371 creaturis,
551 2302 596 2357 vel
615 2302 703 2355 mola
722 2301 869 2369 tribuitur,
888 2300 936 2354 ubi
953 2308 1045 2355 temen
1073 2304 1166 2359 solere.
1198 2304 1309 2359 Dicitur
1326 2303 1398 2359 enirn
1424 2311 1445 2358 1.
1465 2306 1522 2357 κατ’
1544 2303 1656 2372 οὐσίαν,
1682 2306 1837 2358 nomadum
1852 2305 1908 2358 suh·

209 2397 338 2448 accurate
360 2389 526 2450 notandum,
554 2405 605 2444 nec
623 2388 771 2454 creaturis,
798 2404 850 2442 nec
866 2386 947 2441 idolis
967 2386 1044 2441 abso·
1073 2391 1204 2443 stantiam
1232 2390 1267 2444 dc
1292 2407 1398 2444 summo
1424 2395 1452 2445 et
1474 2389 1690 2444 incommutabili
1720 2390 1809 2461 bono,
1838 2391 1908 2463 quad

209 2479 266 2533 lnte
284 2483 312 2532 et
330 2475 492 2545 simpliciter
510 2491 609 2529 nomen
627 2473 693 2528 DEI
710 2474 804 2538 tribui,
823 2474 871 2528 sed
891 2491 953 2528 cum
970 2480 1046 2527 certa
1074 2483 1115 2530 est
1133 2475 1193 2547 ipsc
1209 2477 1295 2531 Deus.
1323 2473 1346 2531 2¹.
1364 2475 1431 2530 rard
1448 2474 1547 2546 χάριν,
1565 2478 1715 2529 amandum
1731 2477 1860 2544 pram
1876 2474 1909 2531 dc

208 2563 370 2618 limitatione
393 2578 428 2615 ac
452 2559 638 2629 restrictione,
665 2575 737 2632 quac
761 2558 883 2615 ostendit
905 2576 961 2613 non
982 2575 1044 2629 pro·
1072 2562 1375 2633 iis,quibusdirinu1n
1391 2561 1504 2633 aliquod
1522 2579 1621 2616 munus
1638 2561 1784 2619 incumbit
1807 2568 1832 2618 3.
1844 2563 1909 2616 sari

208 2650 281 2722 prio,
305 2649 354 2702 ssd
375 2645 506 2717 ligurate3
530 2662 581 2701 nec
605 2645 720 2713 directe,
746 2646 796 2700 sed
815 2652 890 2700 certo
911 2646 1046 2700 duntaxat
1074 2649 1176 2715 ψεῦδος
1198 2650 1347 2702 seeundum
1366 2648 1555 2715 mendacium,
1579 2647 1624 2703 rel
1642 2648 1677 2703 de
1695 2664 1744 2717 eo,
1766 2649 1814 2704 cni
1832 2648 1909 2704 bono

207 2740 337 2805 respectu
365 2732 468 2787 ibidem
494 2748 623 2800 expresso
645 2731 715 2785 illnd
738 2729 805 2787 fieri.
849 2731 894 2786 Sic
918 2731 1044 2786 diabolus
1071 2742 1169 2805 sponte
1198 2752 1249 2788 sua
1274 2751 1303 2788 sc
1328 2733 1442 2804 subjicit
1465 2740 1493 2789 et
1512 2734 1608 2799 servit,
1634 2734 1679 2789 rel
1705 2735 1741 2789 de
1758 2750 1805 2802 eo,
1829 2751 1908 2806 quen

208 2820 309 2876 dicitur
326 2822 413 2886 Deru,
431 2834 487 2870 non
505 2816 673 2887 simpliciter,
690 2817 740 2871 sed
756 2820 805 2871 τοῦ
822 2819 922 2878 αἰῶνος
939 2815 1045 2884 τούτου,
1070 2821 1151 2875 bomo
1175 2820 1263 2874 instar
1278 2821 1378 2875 summi
1395 2820 1461 2875 boni
1480 2819 1566 2876 habet
1582 2829 1610 2877 et
1627 2827 1787 2892 veneratur,
1812 2820 1860 2879 rai
1875 2821 1909 2877 dc

207 2909 274 2980 quia
298 2903 404 2961 scilicet
428 2903 546 2958 mundus
569 2902 610 2956 illi
634 2903 795 2976 obsequitur
819 2911 847 2959 et
864 2904 918 2959 hac
936 2904 1045 2959 ratione
1072 2922 1118 2974 eo,
1144 2923 1225 2977 quem
1248 2906 1372 2960 homines
1398 2923 1431 2962 ex
1455 2907 1648 2978 superstitione
1671 2923 1724 2978 pro
1741 2907 1805 2963 Deo
1830 2925 1909 2965 rene

207 3008 257 3065 pro
274 2992 335 3047 Deo
353 2992 445 3063 ipsum
464 2988 538 3057 colit,
558 2994 581 3042 2.
601 2987 662 3043 Cor.
684 2995 714 3054 4,
740 3008 765 3043 v.
784 2996 813 3044 t:
833 2990 969 3060 (quamvis
988 2990 1044 3044 Ira·
1070 2998 1174 3049 rantur.

207 3096 292 3135 naeus
315 3077 364 3133 lib.
384 3082 409 3135 3.
429 3076 491 3130 adv.
515 3075 621 3130 haeres.
643 3091 667 3129 c.
684 3082 709 3130 2.
729 3094 756 3147 p.
779 3081 835 3131 116.
855 3076 934 3130 malit
951 3076 979 3130 in
997 3076 1044 3130 illo
1108 3084 1147 3134 15.
1171 3077 1319 3144 Quaeritur
1343 3077 1370 3131 h.
1395 3077 1413 3131 l.
1441 3083 1463 3131 1.
1485 3096 1523 3131 un
1546 3079 1619 3132 inter
1640 3096 1735 3134 uocem
1751 3079 1827 3142 'tede
1849 3072 1973 3162 “⁸0¹¹ss

207 3165 283 3221 dicto
305 3163 481 3236 hyperbaton
502 3168 637 3218 statuere:
661 3163 742 3216 Deus
765 3163 921 3216 murcavit
943 3170 1044 3215 mentes
1071 3165 1193 3218 amardo
1218 3172 1244 3219 at
1268 3166 1385 3218 eandem
1407 3164 1468 3217 ains
1485 3165 1607 3219 articulo
1620 3165 1745 3234 post'tam
1761 3166 1833 3221 talis
1849 3184 1909 3223 coa·
1920 3130 1973 3226 ὦ]

206 3250 363 3321 infidelium
382 3249 467 3318 hujus
491 3249 598 3314 sends).
634 3247 741 3303 Venter
758 3248 860 3302 dicitur
877 3247 968 3311 Deus,
995 3247 1044 3302 scd
1070 3253 1211 3305 sumenda
1233 3252 1271 3304 eit
1296 3251 1468 3321 deperanda,
1497 3253 1574 3321 quod
1597 3251 1651 3305 um
1676 3253 1734 3307 aolr'
1758 3270 1826 3308 uera
1846 3225 1973 3317 neritii}

207 3337 419 3408 Epicureorum,
447 3334 495 3407 qui
520 3333 622 3388 ventris
641 3351 726 3387 causa
743 3333 835 3387 omnia
851 3307 959 3387 faciunt
971 3334 1042 3387 Phil.
1070 3340 1107 3391 eit
1140 3339 1277 3407 propria,
1319 3339 1386 3390 hoec
1427 3355 1491 3391 uero
1532 3339 1662 3392 minuet
1703 3337 1910 3399 Affirinntivam
1921 3338 1973 3438 π

208 3429 238 3492 3,
261 3439 286 3476 r.
308 3430 346 3478 13.
374 3421 486 3492 Moyses
511 3420 612 3474 dicitur
636 3422 730 3484 Densa,
758 3419 807 3473 sed
830 3420 992 3474 Pharaonis
1019 3429 1044 3472 ot
1075 3431 1095 3480 1.
1116 3423 1215 3478 Ariani
1234 3423 1299 3477 olim
1320 3422 1516 3488 defendebant,
1535 3429 1566 3477 ut
1585 3429 1693 3477 constat
1712 3440 1747 3478 sx
1765 3423 1908 3498 curymut
1923 3398 1973 3489 eim

207 3510 344 3573 Aeraria,
374 3509 441 3580 quia
460 3507 518 3561 scil.
540 3507 634 3561 divina
657 3506 819 3562 anctoritate
837 3507 958 3561 munitus
976 3506 1043 3561 divi·
1070 3510 1140 3564 hom.
1164 3516 1188 3564 3.
1212 3510 1241 3564 in
1257 3509 1320 3565 Job.
1342 3515 1365 3564 2.
1394 3509 1468 3575 Quin
1491 3515 1520 3563 et
1538 3509 1634 3564 eodem
1658 3509 1718 3565 abit
1734 3510 1839 3582 Epiph.
1859 3512 1909 3568 iih.
1923 3502 1966 3592 ’,ὼ

206 3615 273 3652 num
303 3595 419 3667 gerebat
444 3592 565 3648 officinm
597 3597 625 3646 et
643 3609 726 3662 super
743 3593 914 3648 Pharaonem
932 3593 984 3647 bac
1002 3611 1044 3647 ra·
1075 3604 1095 3651 1.
1115 3604 1178 3649 tom.
1209 3603 1230 3650 1.
1258 3600 1353 3648 contra
1370 3594 1520 3650 Samarites
1545 3595 1597 3654 col.
1624 3601 1664 3651 22.
1705 3596 1735 3652 Si
1759 3563 1973 3654 duumuiri·

207 3682 283 3736 tione
297 3682 375 3737 Deus
392 3680 556 3736 constitutus
573 3679 731 3732 eratExod.
752 3686 776 3746 1,
793 3697 817 3731 v.
835 3687 854 3732 t.
874 3695 898 3735 c.
912 3686 939 3746 t,
959 3697 984 3732 v.
1005 3685 1044 3734 16.
1072 3680 1145 3749 θεὸς,
1175 3681 1280 3747 idest,
1307 3679 1384 3734 Deus
1407 3678 1466 3734 sine
1489 3680 1617 3750 articulo,
1646 3682 1799 3753 quemlibet
1817 3684 1907 3740 Deum
1921 3658 1973 3698 '¹⁸⁸'

106 3770 146 3809 ¹¹¹v
162 3768 193 3811 ¹⁰·
208 3768 289 3824 Hauc
314 3767 534 3824 observationem
563 3764 726 3821 confirmant
752 3767 791 3835 pii
817 3772 932 3821 veteres.
972 3765 1044 3819 Iren.
1072 3768 1195 3839 gentium
1211 3767 1337 3835 diximus,
1355 3784 1409 3821 non
1427 3766 1518 3821 Deum
1536 3785 1638 3822 rerum.
1674 3767 1703 3823 Si
1721 3776 1815 3825 autem
1833 3771 1908 3826 dixe

206 3853 255 3910 hb.
275 3858 298 3909 3.
324 3871 347 3907 c.
369 3862 392 3908 5.
423 3872 449 3923 p.
472 3859 533 3909 its:
565 3855 661 3921 Neque
678 3853 819 3906 Dantinue
846 3869 933 3921 neque
954 3853 1044 3921 Spuri·
1072 3855 1156 3908 rimus
1181 3853 1195 3906 ὁ
1216 3852 1292 3922 θεός,
1312 3853 1403 3923 palam
1422 3859 1463 3907 est
1481 3853 1516 3907 ab
1536 3852 1665 3919 monio,
1689 3871 1785 3909 verum
1804 3855 1908 3929 signifi·

208 3950 252 3996 ms
270 3958 292 3996 r.
310 3956 396 4010 neqrse
415 3939 541 4009 oportolr'
559 3956 630 4004 eum,
656 3939 706 4008 qut
721 3957 776 3992 non
794 3947 863 3991 esset
879 3940 972 4007 Deru,
988 3939 1045 3990 'de-
1072 3958 1179 4007 camus,
1206 3940 1253 4011 qui
1276 3946 1319 3994 est
1343 3946 1371 3993 et
1397 3938 1579 4010 cognoscitur.
1612 3945 1635 3994 3.
1653 3939 1685 3993 Id
1707 3941 1799 4012 ipsum
1817 3961 1910 4013 presse

207 4028 284 4095 finite
302 4034 328 4079 et
346 4024 470 4079 absolute
487 4026 581 4078 Deum
600 4024 788 4078 nominassent
807 4025 971 4093 aliquando,
990 4026 1048 4077 uisi
1073 4034 1172 4099 urgent
1185 4025 1349 4094 Photiniani,
1368 4031 1399 4081 ut
1418 4033 1542 4082 evertant
1557 4032 1750 4098 argumentum
1766 4046 1819 4099 pro
1838 4047 1909 4087 aare

207 4121 277 4168 esset
300 4129 381 4166 cerus
402 4113 490 4165 Deua.
516 4126 539 4165 c.
565 4116 588 4165 6.
614 4128 640 4181 p.
663 4116 726 4165 tic:
751 4111 866 4177 Moyses
890 4110 970 4162 homo
988 4113 1047 4164 Dei
1072 4115 1158 4169 reuda
1176 4113 1240 4168 Filii
1266 4113 1409 4167 divinitate
1435 4130 1467 4167 ex
1493 4112 1603 4168 nomine
1621 4113 1686 4173 θεός
1703 4113 1757 4185 ipsi
1775 4116 1910 4172 attributo

207 4200 339 4267 maistans
353 4200 435 4252 Deus
450 4200 534 4250 dante
547 4205 586 4250 eat
598 4205 662 4250 ante
674 4197 860 4264 Pharaonem,
880 4215 936 4250 non
954 4207 1046 4251 arcem
1072 4201 1230 4256 deductum.
1266 4197 1356 4256 Sacin.
1381 4200 1409 4256 in
1432 4205 1465 4254 tr.
1489 4199 1524 4254 dc
1549 4199 1624 4269 Deo,
1650 4198 1760 4256 Christo
1787 4206 1816 4256 et
1841 4201 1871 4261 S
1887 4221 1911 4259 ι

207 4303 270 4341 cers
283 4285 423 4340 Dominus
436 4283 608 4353 appellatur,
617 4301 665 4336 uec
678 4284 758 4336 Deua
773 4291 887 4336 voeamr
901 4285 1045 4353 aprophe-
1071 4305 1097 4356 p.
1116 4293 1162 4341 55:
1192 4287 1282 4338 Locue
1303 4287 1351 4338 ille
1371 4286 1437 4338 Joh.
1460 4292 1479 4354 1,
1496 4304 1519 4340 u.
1539 4291 1562 4338 1.
1584 4287 1654 4339 satia
1673 4287 1911 4359 indicarepotcst

207 4374 250 4440 tis,
263 4371 419 4442 sedjidclr'a
431 4370 547 4439 Moysen
557 4369 685 4433 sammua
699 4376 725 4421 et
736 4384 831 4421 servus
841 4369 901 4421 Dei
909 4370 1013 4423 dicitur
1025 4388 1044 4421 o
1070 4373 1167 4424 Jenrm
1177 4371 1314 4425 Christum
1321 4389 1376 4425 raon
1385 4388 1442 4424 esse
1451 4389 1536 4440 ueqrse
1545 4389 1639 4426 oerum
1648 4374 1911 4431 DeumacPutrsm

208 4459 327 4530 Spiritu,
348 4460 425 4528 meod
438 4465 465 4510 et
478 4463 547 4510 eret.
561 4455 630 4510 ibid.
643 4454 712 4508 Oum
726 4456 841 4524 eos,qui
848 4474 903 4508 non
915 4463 979 4508 eunt
993 4457 1044 4522 ciii,
1071 4459 1170 4527 ipatus,
1183 4475 1244 4509 cum
1255 4458 1345 4526 ipsius
1357 4458 1444 4510 Pater
1455 4458 1497 4510 its·
1506 4456 1521 4511 ὁ
1534 4459 1599 4518 θεός
1610 4459 1768 4514 nominum
1785 4461 1841 4515 sle.
1862 4460 1912 4515 tile

208 4545 356 4615 Scriptura
386 4546 520 4612 nominat,
535 4560 591 4596 uon
603 4543 633 4595 in
650 4550 735 4595 comm
746 4543 868 4596 ostendit
884 4542 951 4595 illoc
970 4543 1044 4609 deos,
1069 4562 1141 4597 rmus
1160 4545 1253 4611 Deras,
1278 4545 1338 4613 ipae
1357 4560 1421 4598 uero
1438 4544 1518 4612 θεὸς,
1539 4547 1572 4599 id
1588 4553 1627 4599 eat
1646 4547 1726 4599 Deua
1744 4546 1912 4617 aimpiiar'toe

206 4635 259 4688 red
276 4650 337 4685 aum
361 4631 459 4700 aliquo
482 4630 674 4683 miditemento
703 4636 728 4681 et
752 4628 969 4696 sipnr'ficats'me,
989 4644 1044 4697 per
1070 4630 1191 4684 dicetur.
1227 4628 1306 4684 ldem
1330 4637 1426 4685 contra
1443 4630 1573 4686 Bellarm.
1600 4638 1628 4686 et
1646 4632 1779 4687 Wisknm
1796 4649 1825 4705 p.
1842 4639 1909 4691 ³³⁸:

207 4737 291 4791 meum
309 4719 492 4773 ostenduntur
509 4734 565 4770 non
584 4733 643 4769 esse
660 4715 710 4768 det.
743 4713 844 4770 Justin.
857 4714 914 4776 (vel
931 4715 1044 4784 quicun·
1070 4717 1176 4770 Filiam
1211 4733 1272 4769 mm
1307 4717 1440 4784 articulo,
1477 4717 1589 4770 tamem
1617 4719 1726 4786 epreqie
1749 4719 1910 4786 sullam,

208 4823 261 4879 que
276 4805 348 4860 alius
362 4805 467 4870 auctor)
480 4803 509 4857 in
522 4818 566 4873 qq.
579 4802 726 4870 etrespad
740 4800 807 4855 ortb.
820 4818 846 4871 q.
865 4806 919 4856 142.
937 4819 963 4871 p.
980 4805 1044 4856 378:
1071 4805 1164 4855 Deum
1192 4802 1348 4870 aliquunde
1376 4802 1518 4854 nominari
1543 4805 1711 4857 emundans
1738 4805 1910 4860 ademarii

208 4894 247 4947 Et
265 4891 373 4961 capelia
392 4889 582 4944 ethomiur'hue
600 4886 647 4941 tm
667 4884 944 4954 martranensis
961 4903 1045 4957 προσ·
1070 4905 1097 4958 p.
1114 4895 1181 4944 383:
1210 4889 1316 4941 Fateor
1342 4885 1482 4941 Chrretrsm
1507 4889 1613 4941 alicubi
1629 4889 1659 4942 s'u
1676 4890 1713 4942 N.
1734 4891 1766 4943 T.
1786 4891 1973 4946 ainwa*

208 4985 336 5052 ηγορίαν,
360 4986 480 5049 propter
504 4976 677 5030 commissum
699 4974 754 5026 sits·
777 4991 874 5025 mutuus
892 4975 987 5026 dotum
1007 4982 1045 5026 eat
1070 4975 1168 5026 uocari
1185 4975 1284 5044 Deum,
1305 4974 1364 5026 Dei
1387 4982 1478 5027 terren
1502 4975 1611 5027 nomine
1632 4976 1800 5043 praedicati
1820 4977 1912 5032 loon

208 5066 329 5119 obtinere
346 5065 406 5119 Dei
427 5071 453 5116 et
476 5062 667 5129 eliquationem
689 5067 716 5112 et
738 5060 965 5129 appeliationem,
991 5078 1044 5129 quo
1072 5061 1218 5126 obtinente,
1246 5070 1272 5114 et
1296 5061 1430 5130 articulo,
1449 5062 1498 5129 qui
1519 5078 1599 5114 uram
1616 5061 1672 5113 cim
1690 5062 1830 5130 intepran
1847 5064 1912 5120 rai·

207 5166 319 5204 munere
342 5152 415 5204 obito
434 5150 564 5203 derium
579 5148 678 5202 uocari
699 5147 745 5200 ait
767 5155 814 5200 ete.
836 5146 1045 5216 principandi·
1072 5156 1147 5212 neat‚
1170 5155 1286 5202 curante.
1315 5146 1453 5203 Goslavus
1477 5165 1504 5216 p.
1528 5153 1548 5201 1.
1574 5163 1598 5200 c.
1620 5153 1643 5202 5.
1667 5164 1695 5217 p.
1720 5153 1771 5202 tr:
1795 5151 1913 5206 Dicitur

207 5236 248 5290 nit
266 5238 346 5305 deos,
365 5254 422 5306 pro
448 5253 480 5290 eo
498 5237 575 5304 quod
592 5244 640 5303 est,
661 5233 981 5300 cantreciacensem,
1004 5233 1046 5285 ἀπ’·
1072 5234 1159 5285 Pater
1184 5234 1264 5286 Deua
1295 5252 1355 5287 cram
1382 5234 1517 5302 articulo,
1548 5235 1653 5287 dicitur
1679 5232 1807 5290 Obrutus
1831 5238 1913 5293 Dura

208 5322 365 5392 pactionem
388 5328 414 5376 et
437 5321 657 5391 appellationem
679 5338 768 5374 meam
788 5316 867 5389 τιμὴν
899 5324 942 5372 καὶ
962 5319 1046 5385 τάξιν,
1072 5321 1132 5371 sine
1157 5320 1291 5382 articulo,
1314 5322 1366 5373 sert
1387 5322 1417 5373 in
1440 5328 1498 5374 tota
1519 5338 1541 5373 s.
1562 5320 1713 5389 Scriptura
1732 5338 1789 5375 non
1806 5326 1914 5393 reperi·

209 5413 256 5464 ant
274 5408 380 5476 κλῆσιν,
403 5407 492 5462 Hilar.
512 5407 559 5463 lib.
579 5411 602 5460 i.
621 5407 656 5460 dc
673 5406 751 5463 Trin.
772 5425 827 5460 non
846 5406 950 5458 dieimr
966 5407 1048 5459 Deus
1073 5412 1119 5458 tur
1143 5403 1283 5459 Cbrismm
1307 5406 1368 5458 utet
1392 5408 1486 5459 Deum
1511 5424 1573 5459 cum
1592 5406 1720 5460 articulo.
1759 5407 1915 5465 Eniedinus

208 5493 338 5567 penur‘ses
358 5493 479 5562 Moysen
502 5496 600 5561 muns,
621 5494 673 5547 aeri
690 5510 748 5548 curn
768 5491 945 5547 constituisse
964 5492 1047 5561 Mau
1072 5490 1101 5545 in
1121 5508 1242 5561 prooem.
1263 5508 1359 5563 maog.
1385 5490 1448 5547 Joh.
1465 5510 1493 5561 p.
1514 5497 1575 5547 lau:
1601 5495 1664 5553 tede
1681 5492 1748 5548 leisc
1766 5497 1916 5550 ainerti
