3984 6022
651 225 703 306 nn
721 250 897 310 ransom
913 251 963 306 nr
981 250 1132 308 ornere
1150 251 1310 310 cuman.
1358 207 1377 299 J

152 409 208 461 150.
246 409 270 461 2.
297 406 343 458 Ea
361 405 531 458 rationibus:
561 411 584 460 l.
605 423 624 458 a
636 406 714 474 pari.
749 405 779 461 si
800 404 951 466 ὑπόστασις
979 423 1060 476 quam
1086 407 1178 462 anima
1205 407 1306 461 dicitur
1333 405 1506 479 ἔνσιόμιιιος,
1535 413 1563 461 et
1586 423 1696 478 corpus·
1714 407 1816 464 dicitur

111 493 162 543 τοῦ
180 487 280 559 Λόγου
299 508 362 546 vere
389 496 417 546 et
435 492 546 546 realiter
564 491 767 546 communicata
785 497 828 547 est
844 509 948 546 assum-
976 491 1115 563 ἔμιγυχον,
1134 492 1200 563 quia
1217 492 1309 547 anima
1327 500 1358 547 ut
1376 494 1539 563 ἐντελέχεια,
1561 511 1661 564 corpus
1680 503 1711 549 ut
1730 494 1814 550 driva-

110 581 158 632 tae
187 577 277 643 carni,
305 576 399 646 ntique
424 577 505 632 etiarn
523 577 595 632 inter
615 577 736 632 divinam
753 583 882 632 naturam
899 580 948 631 τοῦ
974 596 1024 650 μιν
1043 578 1159 648 perficit,
1188 578 1332 646 inhabitat,
1352 595 1384 632 ac
1404 595 1466 633 cum
1484 596 1516 634 eo
1535 586 1660 634 naturam
1678 598 1755 636 suam
1774 581 1815 637 ita

108 660 211 730 Λόγου
239 666 267 716 et
295 661 442 717 humanam
472 671 622 719 assumtam
653 670 695 719 est
721 681 788 719 vera
816 672 844 719 et
865 665 947 735 realis
975 665 1171 733 communicat,
1195 672 1227 718 ut
1247 683 1309 718 cum
1334 682 1448 735 corpore
1472 665 1621 721 constituat
1638 685 1723 721 unum
1740 686 1813 722 com·

107 747 329 803 communicatio.
366 748 449 804 Ratio
468 749 645 804 connexionis
666 757 720 817 est,
740 750 807 822 quia
824 749 946 805 όαόστα-
974 751 1094 820 positum
1119 757 1147 806 et
1171 752 1358 822 suppositum,
1380 753 1454 822 quod
1478 759 1520 806 est
1542 752 1637 806 homo:
1661 753 1701 806 sic
1719 754 1814 809 divina

110 847 155 892 αις
172 836 221 887 τοῦ
240 827 339 901 Λόγου
358 839 387 889 et
404 838 505 888 natura
524 833 618 889 divina
636 838 685 889 τοῦ
704 824 803 907 Λόγου
822 852 877 890 non
895 837 947 892 dif-
973 843 1001 891 et
1021 837 1141 892 humana
1163 843 1263 890 natura
1287 837 1315 890 in
1334 836 1442 892 Christo
1469 854 1517 907 per
1535 838 1663 892 unionem
1685 855 1813 908 persona·

108 918 203 973 ierunt
220 918 337 974 realiter.
374 919 430 976 Sed
448 919 601 974 όαόοιασιν
619 925 667 975 τοῦ
683 921 783 992 Λόγου
797 923 873 977 carni
885 939 945 979 esse
971 921 1024 977 leur
1046 922 1095 977 tali
1121 923 1289 993 participant
1307 929 1452 992 κοινωνίᾳ,
1477 930 1509 978 ut
1532 931 1632 979 natura
1649 924 1743 978 divina
1760 930 1811 979 τοῦ

108 1004 351 1074 communicatam,
385 1007 443 1076 jam
475 1011 539 1061 ante
569 1007 747 1062 ostendimus.
789 1007 873 1079 Ergo.
915 1009 944 1066 Si
971 1008 1068 1077 Λόγου
1086 1007 1193 1063 habitet
1211 1008 1239 1062 iu
1257 1004 1384 1077 humana',
1404 1009 1520 1063 eandem
1532 1008 1665 1080 perficiat,
1685 1026 1744 1063 eam
1758 1011 1811 1066 sibi

106 1090 219 1161 propria
237 1094 285 1144 roi
299 1092 400 1160 Λόγου
418 1092 622 1148 communicata
632 1100 698 1148 sunt
708 1099 847 1150 assumtae
859 1095 945 1164 carni,
970 1093 1131 1163 appropriet
1157 1101 1185 1148 et
1214 1110 1277 1149 curn
1305 1111 1337 1149 ea
1367 1094 1517 1149 constituat
1544 1112 1626 1150 unam
1656 1112 1809 1164 personam,

107 1176 204 1247 utique
223 1177 306 1231 etiam
325 1183 440 1232 naturae
459 1177 569 1233 divinae
580 1180 791 1235 communicatio
806 1180 847 1234 illi
859 1180 942 1249 iacta,
970 1186 1106 1250 quaeest
1131 1186 1159 1233 et
1185 1179 1286 1234 dicitur
1304 1179 1437 1237 Christus.
1474 1178 1551 1235 Sicut
1568 1181 1671 1235 ferrum
1692 1187 1721 1237 et
1737 1183 1809 1253 ignis

106 1277 171 1316 cum
193 1260 262 1317 haec
285 1261 354 1316 nihil
380 1262 456 1317 aliud
482 1262 530 1328 sit,
558 1281 640 1335 quam
667 1264 799 1319 idiomata
820 1272 884 1320 snut
903 1266 943 1319 di·
970 1281 1002 1319 eo
1020 1265 1102 1319 modo
1118 1264 1257 1334 uniuntur,
1275 1272 1308 1320 ut
1320 1273 1451 1319 κοινωνία
1463 1267 1599 1337 quaedam
1613 1267 1680 1337 ipsis
1693 1268 1807 1325 interce

106 1347 179 1401 vina.
211 1347 266 1403 Sed
287 1365 381 1402 verum
400 1348 487 1419 prius,
506 1354 538 1403 nt
553 1365 605 1403 suo
622 1348 682 1403 looo
701 1350 940 1405 demonstrabitur.
969 1349 1029 1412 dat,
1049 1358 1265 1421 propterquam
1284 1350 1385 1406 ferrum
1404 1351 1507 1406 dicitur
1526 1351 1658 1422 ignitum:
1686 1354 1725 1407 sic
1745 1371 1808 1424 pro-

106 1433 136 1463 **
143 1432 276 1488 Potestne
294 1442 494 1506 σαρκογενιαία
514 1438 552 1504 τῷ
570 1434 654 1506 Λόγῳ
672 1436 783 1491 realiter
800 1437 893 1505 tribui,
911 1444 943 1492 ut
968 1442 1031 1506 pter
1047 1436 1158 1492 divinm
1175 1442 1203 1490 et
1220 1435 1357 1491 humanae
1370 1444 1486 1492 naturae
1504 1438 1533 1491 in
1549 1437 1658 1493 Christo
1677 1438 1807 1493 unionem

93 1509 199 1573 'tamen
217 1518 294 1574 nulla
310 1519 382 1575 inter
401 1521 550 1576 essentiam
568 1525 616 1575 τοῦ
634 1521 729 1592 Λόγου
748 1527 778 1576 et
794 1522 884 1591 σάρκα
902 1522 940 1576 ἰυ-
967 1523 1048 1577 horno
1059 1521 1161 1577 dicitur
1170 1521 1247 1576 Deus
1260 1528 1288 1578 et
1300 1522 1377 1577 Deus
1388 1523 1478 1578 homo.
1504 1521 1612 1578 Confer.
1633 1523 1806 1595 siguardum

104 1604 231 1659 tercedat
246 1621 312 1660 vera
329 1605 505 1660 communio?
536 1614 586 1660 aut
607 1606 780 1663 habitabitne
800 1614 860 1663 tota
886 1607 940 1662 dei·
967 1615 1063 1663 eontra
1088 1609 1155 1664 iren.
1183 1609 1282 1663 Paraei
1307 1626 1333 1678 p.
1356 1614 1414 1664 tta.
1450 1615 1473 1662 ί.
1496 1610 1542 1663 Er
1567 1610 1652 1662 dictis
1674 1619 1806 1678 patmum.-

103 1689 170 1745 tatis
196 1691 341 1761 plenitudo
366 1693 395 1746 in
421 1692 522 1747 Christi
547 1692 718 1749 humanitate
742 1693 849 1765 absque
867 1694 940 1749 omni
966 1695 1037 1750 iren.
1054 1695 1103 1752 lib.
1123 1703 1147 1751 l.
1167 1713 1190 1750 c.
1202 1702 1248 1751 34:
1274 1698 1332 1749 Per
1350 1697 1479 1749 unionem
1490 1697 1578 1759 sacto
1597 1704 1637 1749 est
1649 1699 1804 1751 communio

50 1787 89 1832 aa
104 1776 216 1832 omnino
235 1772 483 1834 communionei**
509 1783 534 1834 2.
553 1799 572 1833 a
590 1782 700 1837 minori.
738 1780 772 1837 Si
787 1798 820 1835 er
839 1780 940 1834 unione
966 1783 1025 1834 Dei
1044 1790 1069 1834 et
1090 1782 1218 1835 hominis.
1254 1782 1357 1837 Athen.
1376 1782 1413 1836 ad
1432 1781 1552 1851 Epictet.
1572 1782 1700 1837 unionem
1724 1790 1805 1838 vocat

103 1862 239 1934 spirituali
267 1864 437 1920 credentium
464 1883 528 1921 cnm
553 1865 664 1921 Christo
689 1871 719 1921 et
741 1866 850 1937 piorum
876 1881 939 1919 cum
967 1872 1118 1922 κοινωνίαν
1138 1867 1225 1923 Verbi
1243 1868 1279 1923 ad
1304 1885 1423 1922 caruem.
1442 1867 1525 1922 Basil
1545 1868 1573 1921 in
1591 1867 1676 1922 homil
1695 1870 1729 1924 de
1748 1875 1804 1924 nat.

102 1948 165 2005 Deo
184 1951 270 2006 oritur
282 1951 418 2022 quaedam
432 1958 573 2020 κοινωνία,
592 1952 679 2006 multo
694 1952 825 2023 magisex
838 1951 939 2006 unione
965 1951 1081 2007 Christi:
1108 1953 1346 2029 Qrccmadmodum
1367 1955 1460 2008 Filius
1480 1956 1538 2007 Dei
1553 1955 1696 2024 particeps
1709 1956 1806 2017 factus

100 2038 240 2107 personali
269 2038 379 2093 divinae
407 2046 435 2094 et
457 2039 594 2093 humanae
620 2043 736 2092 naturae
762 2039 792 2092 in
820 2036 939 2106 Christo,
965 2045 1004 2090 sa
1030 2039 1125 2091 cornis
1149 2047 1175 2091 st
1198 2040 1359 2106 sanquinr's,
1387 2040 1427 2092 ita
1454 2039 1577 2093 humana
1599 2039 1718 2093 Domini
1737 2057 1804 2104 coro

102 2138 175 2192 quae
197 2122 289 2194 priore
314 2125 398 2195 longe
421 2123 523 2179 arctior
548 2130 576 2178 et
592 2123 716 2178 intimior
733 2128 789 2191 est,
808 2129 937 2178 κοινωνία
961 2125 1105 2193 particeps
1122 2127 1204 2188 facto
1222 2133 1261 2178 est
1280 2124 1402 2178 deitatis.
1427 2123 1532 2180 Concil.
1548 2124 1680 2194 Ephesin.
1698 2142 1757 2179 can.
1774 2133 1803 2181 5:

100 2207 212 2266 orietur.
249 2209 305 2265 Sed
322 2226 418 2264 verum
436 2208 522 2280 prius.
551 2214 574 2263 2.
593 2208 669 2264 Patr.
688 2216 711 2274 1,
728 2227 756 2265 v.
773 2197 797 2265 t.
827 2209 891 2264 Act.
912 2217 935 2273 9,
964 2210 998 2264 Si
1021 2211 1084 2279 quis
1103 2211 1188 2263 audet
1211 2210 1306 2263 dicere
1325 2210 1461 2263 hominem
1480 2208 1622 2264 Christum
1640 2212 1803 2281 Dcifsrum,

99 2311 126 2346 v.
146 2300 169 2349 4.
186 2294 226 2364 pii
243 2295 374 2351 dicuntur
390 2301 472 2356 θείας
488 2299 617 2348 κοινωνοὶ
640 2293 761 2364 ariorum
789 2299 814 2351 3.
828 2314 852 2349 α
873 2314 935 2349 con·
962 2304 989 2349 ct
1006 2314 1061 2350 non
1068 2296 1167 2365 petias
1178 2298 1271 2350 Deum
1282 2296 1531 2349 omocitcrdicerit
1543 2305 1679 2366 tanquam
1694 2297 1803 2351 Filium

99 2388 237 2448 aequente.
270 2380 455 2435 Praedicandi
482 2379 580 2435 modus
604 2381 731 2451 sequitur
752 2381 865 2436 modum
894 2399 934 2436 es-
959 2399 1012 2451 per
1031 2389 1177 2447 amaram,
1200 2383 1350 2434 secundum
1368 2382 1445 2449 quod
1470 2381 1586 2435 Verbum
1604 2400 1673 2436 coro
1687 2383 1803 2449 sactum

98 2450 177 2520 seudi
202 2473 230 2521 et
254 2466 309 2521 dici
335 2467 371 2521 de
394 2467 489 2537 aliquo
507 2466 624 2537 requirit
642 2467 744 2528 incisae.¹
777 2465 854 2522 siin
874 2485 935 2538 per·
962 2475 1001 2519 est
1026 2474 1051 2519 et
1075 2466 1287 2520 communicavit
1310 2467 1452 2534 similiter,
1479 2475 1510 2520 ut
1527 2485 1577 2520 nos
1595 2469 1679 2521 carni
1695 2477 1722 2522 st
1737 2485 1802 2522 saa·

99 2567 168 2605 sona
192 2550 294 2606 Christi
321 2551 398 2607 Deus
424 2569 490 2607 vere
514 2558 543 2607 et
571 2552 681 2607 realiter
708 2559 750 2607 est
775 2570 808 2608 ac
834 2553 936 2608 dicitur
960 2553 1056 2621 quini,
1074 2553 1223 2606 anathema
1240 2554 1285 2608 sit.
1345 2594 1347 2602 .

98 2635 196 2705 homo,
214 2643 244 2692 et
259 2637 340 2692 homo
359 2652 423 2692 vere
442 2654 474 2692 ac
491 2638 603 2693 realiter
621 2642 664 2693 cst
679 2654 713 2691 ac
732 2637 833 2693 dicitur
850 2639 935 2706 Deus,
999 2643 1055 2693 152.
1090 2639 1252 2692 Anthhesis.
1280 2644 1301 2694 1.
1327 2637 1371 2692 De
1391 2638 1575 2692 samosateno
1594 2647 1728 2694 memorat
1741 2639 1801 2695 soi-
1814 2642 1879 2735 innui

97 2721 195 2793 utique
218 2723 290 2778 iuter
313 2724 435 2778 divinam
456 2722 605 2779 humanam
628 2731 756 2779 naturam
779 2725 808 2778 in
827 2724 936 2780 Christo
963 2723 1012 2777 das
1034 2724 1053 2777 f.
1076 2730 1141 2792 737,
1167 2725 1242 2794 quod
1267 2724 1393 2780 docuerit
1412 2722 1459 2785 τὰς
1483 2723 1536 2778 δύο
1555 2724 1654 2793 τγόσιις
1672 2726 1800 2800 όιῃρημέ-
1840 2705 1894 2736 Μ’

97 2815 141 2863 est
157 2815 297 2862 κοινωνία.
332 2809 409 2865 Nihil
433 2809 506 2864 euim
529 2826 593 2864 vere
613 2817 640 2864 et
659 2809 770 2864 realiter
789 2816 882 2881 potest
899 2812 935 2867 ab
963 2829 1015 2868 κως
1045 2810 1160 2880 ‘totoue
1190 2815 1236 2864 καὶ
1268 2809 1470 2878 όκοινιονήιους
1504 2810 1573 2879 πρὸς
1604 2809 1702 2872 ἑαυτὰς
1729 2811 1802 2865 εἶναι

96 2894 184 2949 altero
204 2895 382 2965 denominari,
403 2895 476 2966 qnod
496 2896 934 2966 noncumipsoquandamcom-
962 2896 1139 2950 παντάπασιν
1165 2897 1196 2952 ἐν
1220 2899 1332 2970 Χριστῷ
1361 2896 1398 2958 cir
1423 2896 1509 2951 ittae
1536 2892 1616 2957 ὄντος
1645 2897 1731 2951 αὐτοῦ
1755 2903 1803 2953 τοῦ

95 2979 309 3035 mancationem
333 2980 463 3036 obtineat.
500 2980 735 3044 Quemadmodum
761 2999 827 3053 ergo
848 2983 941 3037 Filius
965 2985 1088 3053 Χριστοῦ
1119 2988 1165 3036 καὶ
1189 2982 1276 3037 ἄλλον
1301 2986 1349 3037 τοῦ
1374 2984 1405 3039 ἐκ
1429 2982 1503 3052 αὐτῷ
1522 2988 1715 3044 κατοικοῦντος
1732 2987 1801 3038 θεοῦ

96 3065 152 3121 Dei
170 3067 272 3120 dicitur
285 3066 358 3121 filius
375 3068 506 3135 hominis,
526 3067 591 3137 quia
609 3065 762 3120 ὑπόστασιν
780 3086 858 3123 suam
877 3086 934 3124 rea-
961 3067 1075 3138 Λόγου,
1096 3072 1168 3122 duas
1187 3078 1305 3123 ααικνοο
1323 3070 1353 3122 in
1375 3071 1487 3125 Chresto
1507 3087 1566 3123 esse
1584 3070 1692 3123 diuisas
1710 3088 1745 3123 ac
1759 3087 1800 3123 se-

96 3151 238 3208 liternum
256 3158 377 3208 assumta
394 3153 565 3208 humanitate
581 3153 800 3222 communicarit,
817 3153 935 3209 attilius
957 3162 1080 3224 paratos
1098 3173 1116 3208 a
1134 3171 1201 3223 sese,
1219 3172 1337 3223 qrsarum
1354 3162 1454 3208 neutra
1473 3155 1559 3209 citui
1569 3156 1718 3224 quicquam
1730 3173 1800 3210 com-

95 3237 215 3292 hominis
234 3238 335 3293 dicitur
350 3239 438 3294 Pilius
457 3240 523 3307 Dei,
543 3239 609 3310 quia
631 3244 754 3294 assumta
769 3245 869 3295 natura
885 3240 934 3294 hu·
961 3241 1091 3303 manicat,
1121 3248 1256 3309 tanqrsam
1281 3239 1364 3292 aliud
1389 3241 1527 3308 quiddam
1550 3240 1587 3294 sit
1610 3240 1750 3310 Christus,
1774 3250 1800 3296 et

94 3341 178 3378 mana
205 3323 279 3379 facta
304 3332 346 3379 est
370 3325 482 3380 realiter
507 3326 645 3396 particeps
668 3326 847 3395 hypostaseos
871 3327 935 3381 Filii
961 3328 1045 3381 aliud
1063 3328 1092 3380 in
1111 3343 1141 3378 ιο
1160 3325 1292 3378 hathone
1309 3326 1368 3378 Dei
1389 3326 1514 3380 Verbum.
1542 3331 1566 3382 2.
1583 3326 1710 3382 Jesuitoe
1728 3343 1800 3382 corn·

95 3410 157 3479 Dei,
177 3410 217 3464 sic
230 3409 308 3465 Deus
323 3427 388 3466 vere
405 3419 434 3466 et
446 3411 556 3467 realiter
573 3417 616 3466 est
633 3411 722 3478 horno,
743 3413 809 3482 quia
824 3413 934 3468 realiter
960 3413 1174 3467 manicationem
1206 3417 1367 3466 naturarum
1398 3411 1494 3467 itidem
1524 3417 1640 3483 negant,
1674 3411 1800 3468 Busaeus

95 3496 309 3551 communicavit
332 3514 410 3552 suam
434 3503 560 3552 naturam
580 3514 644 3552 cum
666 3503 788 3552 assumta
808 3497 932 3553 humaui·
960 3500 1029 3569 disp.
1049 3499 1084 3553 de
1101 3515 1172 3569 pers.
1185 3496 1286 3552 Christi
1304 3497 1372 3552 thes.
1394 3503 1439 3553 14:
1457 3499 1523 3552 Non
1541 3499 1632 3552 solum
1651 3498 1798 3566 Catholici,

93 3589 168 3646 tate,
196 3589 224 3638 et
249 3583 330 3638 homo
351 3600 416 3639 vere
440 3589 468 3638 st
493 3584 604 3637 realiter
621 3590 664 3638 est
681 3581 773 3647 Deus,
798 3584 864 3654 quia
883 3585 932 3639 hu·
958 3585 1112 3639 sedetiam
1128 3584 1291 3638 Celsiniani
1309 3584 1424 3653 quidam
1445 3585 1548 3637 drame
1566 3586 1682 3653 docerrt,
1702 3602 1751 3641 nec
1767 3603 1799 3639 re

94 3686 176 3723 mana
198 3675 297 3723 natura
319 3668 430 3724 realiter
449 3670 588 3739 particeps
606 3668 682 3723 facta
699 3676 742 3724 est
759 3676 874 3724 naturae
892 3670 932 3724 di·
958 3689 1008 3725 nec
1022 3672 1132 3726 nomine
1146 3672 1176 3723 in
1188 3688 1313 3740 persona
1327 3670 1433 3724 Christi
1444 3680 1492 3725 aut
1506 3673 1724 3725 communicatas
1737 3689 1796 3726 ease
1811 3687 1851 3726 111.
1868 3685 1913 3727 stt.

92 3754 188 3823 vinae3
215 3759 240 3808 i.
261 3773 293 3808 cc
310 3756 444 3810 absurdo.
483 3753 512 3810 Si
536 3772 590 3810 non
613 3759 655 3809 est
671 3755 753 3810 realis
771 3763 930 3810 naturarum
958 3767 1007 3812 aut
1034 3757 1234 3811 communicari
1255 3758 1382 3827 potantes
1410 3765 1528 3811 naturas
1556 3775 1705 3827 earumque
1728 3777 1797 3827 pro-

92 3841 318 3909 communicatio,
345 3840 434 3894 Filius
451 3840 505 3895 Dei
529 3857 584 3895 non
609 3841 662 3895 erit
683 3856 748 3894 vere
773 3846 802 3896 et
820 3841 932 3896 realiter
956 3846 1098 3915 prietates.
1134 3843 1263 3899 Bellarm.
1290 3842 1351 3897 libr.
1375 3849 1399 3898 3.
1423 3844 1458 3898 de
1477 3842 1586 3900 Christo
1613 3863 1635 3899 c.
1656 3852 1680 3902 9.
1711 3842 1738 3920 ξ.
1757 3864 1797 3900 se-

91 3926 181 3996 homo,
200 3926 333 3982 attributa
349 3925 528 3980 humanitatis
545 3944 601 3981 non
619 3932 749 3996 poterunt
766 3925 851 3981 tribui
859 3926 931 3981 Filio
956 3931 1062 3985 cunda:
1085 3928 1315 3983 *Communicatio
1339 3929 1506 3982 idiomatum
1532 3947 1565 3984 sa
1589 3932 1691 3984 unione
1712 3932 1798 4000 hypo·

91 4012 161 4080 Dei,
188 4029 273 4083 opera
289 4011 389 4081 Λόγου
408 4013 520 4082 propria
536 4028 592 4066 non
610 4018 742 4082 poterunt
758 4011 793 4067 de
809 4018 931 4067 assumta
956 4017 1057 4070 scotica
1074 4024 1167 4070 secuta
1181 4033 1237 4069 non
1256 4024 1297 4069 est
1313 4016 1408 4082 realia
1425 4025 1552 4086 respectu
1572 4019 1698 4087 ipsorum
1717 4026 1796 4070 nata-

89 4098 262 4156 humanitate
285 4114 348 4153 vere
371 4104 399 4153 et
425 4098 536 4153 realiter
560 4098 714 4168 praedicari
738 4105 804 4162 etc,
829 4097 930 4152 falsum
956 4121 1061 4171 rancor,
1079 4111 1110 4155 ut
1123 4101 1220 4155 uolunt
1235 4102 1397 4169 becherarii,
1415 4120 1501 4171 neque
1517 4112 1558 4157 cst
1566 4104 1796 4172 planevertalia

90 4183 161 4248 erit,
186 4182 261 4254 quod
278 4200 328 4255 per
351 4190 466 4239 mortem
484 4183 549 4237 Filii
566 4183 651 4238 simus
668 4183 730 4239 Deo
753 4183 931 4249 reconciliati,
956 4196 987 4241 ut
1008 4188 1105 4241 uolunt
1123 4189 1198 4240 Besa
1223 4195 1249 4240 et
1267 4188 1398 4255 Martyr,
1423 4190 1476 4241 sed
1498 4197 1538 4242 ert
1560 4190 1649 4242 realis
1671 4198 1797 4256 respectu

90 4269 169 4340 quod
191 4270 304 4341 sanguis
323 4268 426 4324 Christi
448 4287 497 4324 nos
520 4269 635 4324 mundet
658 4287 676 4324 a
699 4277 831 4340 pessum
856 4274 881 4324 ό.
899 4286 931 4323 ea
956 4274 1136 4342 hypostaseos
1155 4272 1299 4340 aeriaeque
1322 4281 1449 4337 naturae,
1476 4291 1531 4327 non
1556 4282 1648 4327 autem
1669 4283 1797 4342 respecta

89 4363 197 4408 κιαίατο
216 4358 365 4412 unitorum.
402 4355 591 4427 Quaecunque
610 4355 696 4425 unita,
715 4356 754 4410 ita
771 4364 931 4425 comparata
956 4360 1085 4428 ipsarum
1110 4354 1284 4411 naturarum.
1320 4358 1409 4429 Atqui
1433 4358 1457 4412 si
1485 4365 1527 4413 est
1547 4359 1630 4413 realis
1647 4360 1796 4413 communi-

90 4447 171 4509 sunt,
196 4447 228 4496 nt
252 4457 347 4495 eorum
368 4457 453 4495 unum
478 4442 514 4495 sit
530 4442 607 4496 velut
624 4442 788 4512 ἐντελέχεια,
813 4441 930 4496 alterum
958 4443 1030 4499 catio
1054 4449 1181 4514 respectu
1209 4441 1406 4512 hypostaseos,
1430 4443 1527 4513 utique
1555 4443 1639 4498 etiam
1668 4452 1797 4514 respectu

89 4544 156 4583 vero
183 4527 261 4582 velut
285 4527 417 4602 δύναμις,
444 4545 477 4583 ea
499 4545 555 4583 nou
578 4527 710 4584 uniuntur
732 4529 791 4584 sine
811 4528 931 4600 quadarn
957 4530 1080 4600 ipsarum
1112 4534 1292 4595 naturarum,
1329 4528 1395 4599 quia
1423 4528 1567 4599 utriusque
1596 4534 1712 4585 naturae
1740 4549 1797 4586 una
1849 4522 1853 4527 ’

89 4612 346 4670 communicatione.
379 4614 419 4667 At
436 4618 552 4668 naturae
569 4614 641 4669 duae
662 4615 691 4668 in
709 4613 819 4669 Christo
837 4614 931 4669 unitae
957 4622 999 4672 est
1016 4615 1188 4686 hypostasis,
1214 4630 1248 4669 ac
1268 4613 1362 4668 divina
1381 4620 1483 4668 natura
1499 4632 1554 4670 nou
1576 4615 1670 4670 differt
1686 4617 1797 4672 realiter

89 4700 131 4754 sic
149 4717 179 4755 se
198 4699 310 4763 habeut,
330 4706 362 4754 nt
378 4716 434 4753 una
451 4716 552 4767 earum,
574 4699 669 4754 divina
686 4699 793 4755 sufficet
811 4700 847 4754 sit
854 4701 932 4755 velut
956 4719 974 4756 a
997 4718 1048 4756 sua
1073 4699 1230 4755 incertiore.
1264 4699 1327 4757 Non
1352 4705 1445 4754 autern
1471 4701 1612 4771 sequitur,
1638 4709 1670 4756 nt
1688 4703 1794 4757 Bellar-

90 4785 256 4854 ἐντελέχεια,
273 4784 394 4840 humana
417 4802 481 4841 vcro
503 4785 581 4839 velut
599 4785 724 4858 δύναμις.
760 4785 836 4857 Ergo
854 4792 878 4842 6.
899 4805 932 4840 ea
957 4786 1156 4842 minusinfert:
1166 4786 1317 4851 Divinitas
1330 4795 1436 4840 nonest
1450 4788 1531 4846 facta
1536 4788 1690 4856 possibilie.
1715 4790 1795 4858 Erpa

58 4858 68 4864 ’
92 4871 273 4944 περιχωρὴοιι
298 4880 401 4924 mutua.
436 4871 625 4941 Quaecunque
648 4871 687 4926 ito
705 4878 770 4926 sunt
786 4872 878 4939 unita,
901 4881 932 4928 ut
958 4893 1015 4928 non
1044 4881 1084 4927 eat
1111 4873 1201 4926 realia
1224 4872 1437 4926 communicatio
1466 4881 1594 4942 respectu
1619 4881 1795 4943 naturarum,
1863 4907 1869 4912 -

92 4958 165 5013 iuter
190 4975 224 5013 ea
246 4957 400 5012 intercedat
422 4956 619 5029 αιριχώρηοις,
643 4975 698 5027 qua
717 4955 932 5029 profundissime
958 4960 1025 5031 quia
1043 4959 1078 5013 ad
1100 4958 1202 5014 realem
1220 4957 1494 5013 communicationem
1511 4964 1673 5013 naturarum
1691 4959 1795 5015 sufficit

92 5048 121 5099 et
139 5043 234 5098 intime
254 5042 306 5096 sibi
326 5041 491 5110 immanent,
518 5042 590 5096 inter
608 5059 641 5097 ea
659 5050 701 5097 est
719 5043 855 5113 quaedam
874 5063 931 5095 κοι-
958 5051 1116 5100 concretum
1134 5045 1216 5098 unius
1233 5050 1349 5097 naturae
1369 5042 1404 5098 de
1421 5050 1550 5100 concreto
1569 5044 1683 5098 alterius
1696 5050 1797 5100 natura

93 5135 189 5184 κωνία.
215 5127 270 5184 Sed
289 5128 361 5182 inter
378 5133 505 5182 naturam
517 5127 640 5182 divinam
658 5130 706 5182 τοῦ
719 5128 819 5198 Λόγου
838 5135 866 5185 st
882 5129 932 5183 hu·
958 5146 1021 5184 vere
1037 5135 1066 5184 et
1085 5128 1196 5184 realiter
1213 5127 1380 5200 praedicari,
1400 5129 1525 5199 quamvis
1540 5129 1572 5184 ln
1589 5129 1730 5185 abstracto
1748 5147 1796 5186 na·

92 5228 203 5269 manum
227 5219 376 5268 munitam
401 5219 443 5267 est
460 5220 556 5266 mutua
575 5213 769 5285 ντεοιγώρησις,
793 5220 824 5267 ut
842 5222 932 5270 osten·
957 5221 1037 5270 turae
1055 5215 1091 5270 de
1109 5213 1272 5269 seinvicem
1291 5230 1347 5267 non
1358 5214 1561 5285 praedicentur.
1588 5219 1615 5269 3.
1632 5215 1797 5269 Celsiniani

93 5300 184 5354 dimus
203 5299 336 5370 superins.
372 5298 454 5368 Ergo.
957 5306 1119 5355 naturarum
1129 5299 1405 5355 communicationem
1415 5307 1549 5357 evertunt.
1567 5302 1643 5358 Besa
1652 5302 1682 5356 in
1689 5301 1793 5373 Colloq.

130 5391 186 5442 151.
223 5389 250 5439 3.
269 5386 316 5438 Ec
340 5384 486 5438 similibus.
516 5382 595 5438 Sicut
612 5383 703 5437 anima
723 5390 750 5439 et
768 5401 868 5455 corpus
882 5404 932 5456 per
958 5385 1106 5457 Mompelg.
1132 5404 1159 5456 p.
1184 5391 1248 5443 20³:
1276 5383 1571 5457 Communicotionem,
1594 5389 1626 5441 id
1650 5396 1691 5443 est
1715 5390 1794 5442 unic

91 5472 223 5528 unionem
242 5475 366 5527 mutuam
384 5471 523 5543 quandam
539 5470 692 5525 sortiuntur
709 5478 871 5540 κοινωνίαν,
895 5473 931 5528 ob
957 5490 1020 5528 nem
1041 5480 1209 5527 notroraram
1228 5472 1393 5536 admittens,
1412 5475 1444 5527 ia
1463 5491 1519 5545 qua
1536 5485 1648 5530 manent
1666 5475 1795 5546 siaputae
