3968 6024
577 291 629 347 DE
645 290 820 348 PERSONA
840 288 890 345 ET
910 288 1062 348 OFFICIO
1082 290 1242 350 CHRISTI.
1554 343 1556 349 .
1697 299 1761 358 ‘509

67 443 200 499 Abrahae
231 444 407 517 ingratiam
438 447 578 516 receperit.
626 454 648 502 7.
679 447 760 512 Quod
789 445 1029 502 verbumlversae
1041 447 1150 518 speciei,
1168 465 1202 502 ac
1219 447 1351 503 tribuitur
1362 453 1418 502 tam
1434 446 1591 501 inanimatis
1609 463 1692 517 quam
1705 448 1761 501 ani·

68 530 223 600 praesentis
247 531 376 602 temporis
402 531 618 602 ἐπιλαμβάνεται
640 533 765 602 ponitur,
795 508 1019 602 nostrsslmstis,
1036 520 1094 588 tam
1109 534 1197 588 brutis
1210 551 1292 604 quam
1305 533 1500 601 rationalibus3
1518 536 1544 586 3.
1563 533 1764 600 specialissime
1871 605 1872 609 Ἰ

69 633 126 670 non
151 617 311 671 adversatur
336 617 564 689 interpretationi,
583 619 660 674 eccui
681 620 753 674 enim
770 619 903 690 ignotum,
931 636 965 671 ac
977 615 1158 688 strictissime,
1177 628 1208 674 ut
1226 619 1364 690 significet
1381 618 1566 673 substantiam
1583 617 1764 683 individuam,

67 704 201 774 temporis
230 704 373 776 enallagen
401 706 431 759 in
455 705 603 776 Scripturis
627 722 687 760 esse
711 704 904 777 frequentem?
931 705 1145 786 intelligentem,
1176 706 1464 764 incommunicabilem
1495 706 1574 761 alteri
1603 704 1762 769 ὑποστὺοιι,
1776 713 1816 753 ιιι.
1829 711 1876 756 ιι).

67 789 167 843 Potest
192 790 273 843 etiarn
291 791 354 844 talis
371 791 432 845 dari
448 791 632 862 paraphrasis.
670 792 804 862 Nuspiam
822 808 905 863 ange·
931 809 986 846 non
1007 792 1209 862 dependentem
1228 792 1265 847 ab
1282 794 1337 848 alio
1356 811 1445 864 nequa
1463 793 1640 848 exsistentem
1657 794 1686 846 in
1706 799 1763 847 toto

67 875 110 929 los
139 876 254 929 assumit
280 876 384 932 scilicet
409 878 438 931 in
465 877 622 949 Scriptura,
655 878 682 933 b.
710 895 733 935 e.
764 878 907 949 Scriptura
931 884 1063 949 tanquam
1080 887 1202 948 partem,
1226 879 1276 933 sed
1294 898 1345 950 per
1363 896 1393 934 se
1412 880 1607 935 subsistentem
1626 884 1657 932 ιιι
1674 885 1763 932 ιοιιιιιι

69 961 197 1031 nuspiam
221 968 353 1032 testetur,
376 962 464 1017 filium
481 964 534 1019 Dei
560 971 744 1019 assumturum
761 966 846 1019 fuisse
863 964 906 1019 vol
931 965 1085 1034 perfectum
1109 971 1137 1021 at
1159 966 1188 1021 in
1212 984 1262 1021 suc
1288 983 1389 1037 genere
1414 966 1578 1021 absolutum.
1614 964 1763 1020 Damasce-

70 1048 231 1102 assumsisse
258 1056 385 1103 naturam
412 1050 573 1121 angelicam.
616 1049 661 1106 Sic
688 1051 906 1106 Melchisedecus
932 1070 983 1105 nus
1003 1052 1032 1106 in
1041 1052 1114 1106 Dial.
1133 1069 1156 1106 c.
1170 1059 1210 1109 ιι.
1231 1052 1407 1113 ὑποστάσεως
1426 1070 1525 1108 nomen
1543 1053 1598 1106 duo
1615 1051 1761 1123 significat,

71 1135 172 1188 dicitur
195 1133 421 1207 ἀγενεαλόγητος,
443 1137 557 1209 όττόιωρ
581 1143 627 1192 καὶ
646 1139 758 1212 όμήιωρ
779 1138 865 1194 Hebr.
884 1145 906 1202 7,
933 1138 999 1192 ποτὲ
1017 1139 1071 1212 μὲν
1089 1139 1137 1206 τὴν
1156 1137 1248 1199 ἁπλῶς
1267 1139 1398 1214 ὕπαρξιν.
1417 1140 1567 1192 secundum
1586 1141 1663 1206 quod
1679 1138 1763 1206 siqni-

70 1237 95 1273 v.
116 1227 147 1289 ³,
174 1221 240 1292 quia
264 1223 370 1279 scilicet
390 1232 535 1295 parentum
555 1232 583 1280 et
599 1227 708 1298 generis
724 1225 811 1296 ipsius
831 1225 908 1279 nulla
927 1226 1044 1293 flectam
1065 1227 1139 1279 idem
1158 1233 1197 1279 est
1214 1226 1369 1280 substantia
1390 1232 1414 1278 et
1432 1225 1598 1294 hypostasis,
1617 1225 1764 1292 undequi-

69 1306 101 1362 fit
120 1307 149 1361 in
166 1307 314 1378 Scripturia
332 1311 441 1366 mentio.
933 1312 999 1364 dam
1017 1319 1174 1365 sanctorum
1183 1320 1300 1380 patrum
1313 1319 1429 1364 πσιανασ
1447 1312 1575 1365 dicebaut
1587 1312 1764 1380 hypostases,-

10 1399 56 1447 st,
108 1399 164 1450 129.
201 1402 223 1450 5.
242 1395 318 1450 Dicti
342 1396 482 1462 1..Joh.4,
501 1416 526 1453 v
544 1403 572 1453 2:
591 1400 675 1452 Jeaus
689 1398 817 1452 Christus
835 1398 906 1451 verrit
933 1399 1099 1467 ςιιαιιᾶσριια
1116 1415 1180 1451 vero
1196 1417 1252 1468 per
1268 1415 1297 1451 se
1314 1399 1406 1466 ipsam
1432 1407 1458 1451 et
1473 1398 1594 1502 prppria
1618 1398 1763 1452 consistes·

71 1482 100 1533 ia
125 1498 210 1535 carae
234 1482 318 1536 talem
341 1482 409 1537 dant
431 1484 625 1554 paraphrasin,
654 1484 781 1539 Chmstss
804 1485 906 1552 chaque
932 1490 985 1536 tem
1003 1484 1156 1551 essentiam,
1176 1484 1243 1537 nori
1260 1485 1291 1537 di
1314 1485 1361 1550 ιήν
1380 1483 1440 1537 καθ’
1459 1483 1524 1538 αὑτὸ
1545 1487 1591 1537 ast
1609 1481 1763 1537 ιόιοσόστα-

10 1559 44 1646 ιη
19 1565 213 1621 “mundano
244 1570 395 1637 miseriore
427 1572 633 1625 administravit
660 1591 740 1625 αιασι
768 1573 798 1625 ira
823 1571 907 1624 terris
931 1587 980 1622 τον
999 1569 1126 1640 ὑπαρξιι,
1140 1572 1226 1639 justa
1249 1573 1325 1641 quod
1342 1571 1531 1639 significatam
1550 1570 1672 1624 ostendit
1689 1571 1763 1622 isdi-

10 1671 23 1699 ι
71 1655 211 1724 officiam,
238 1664 263 1707 et
289 1657 349 1724 ejus
372 1657 558 1716 infirmitas'
545 1677 575 1711 m
595 1677 675 1712 cruce
695 1667 736 1711 est
752 1666 904 1727 conspecta.
931 1656 1043 1710 uiduam
1061 1673 1175 1710 numero
1194 1658 1334 1726 defferens.
1370 1656 1490 1713 Nestorii
1508 1656 1653 1727 discipuli,
1674 1663 1705 1710 ut
1722 1673 1762 1710 er·

71 1739 186 1796 Catach.
211 1741 312 1796 Racov.
339 1759 367 1811 p.
393 1747 447 1797 115.
482 1742 606 1798 Socin.
598 1763 627 1799 111
652 1745 755 1808 defens.
784 1743 905 1799 nimadv.
931 1759 1021 1796 rorem
1039 1743 1163 1814 magistri
1182 1743 1345 1814 palliarent,
1364 1742 1540 1810 dixerunt,'
1526 1761 1556 1795 ιιι
1575 1741 1686 1795 Christo
1705 1760 1763 1796 esse

71 1845 99 1897 p.
117 1832 156 1883 16.
176 1827 399 1899 Respondemus:
421 1835 441 1884 l.
456 1828 581 1884 Christus
595 1830 711 1885 venitin
730 1846 820 1898 carne,
840 1829 906 1901 quia
932 1830 1043 1897 quidem
1064 1848 1147 1882 unam
1163 1847 1327 1899 pesonam,
1349 1832 1401 1883 sed
1422 1838 1514 1883 tames
1536 1831 1593 1882 duo
1618 1831 1764 1898 mapposita
1807 1836 1810 1846 ⁴

70 1913 167 1985 Λόγος
185 1930 249 1967 caro
268 1914 373 1983 faetus,
392 1914 469 1970 Deus
490 1915 518 1969 in
540 1933 623 1971 carne
642 1916 832 1972 manifestatus
851 1922 904 1983 est·¹
924 1915 986 1967 'sive
1008 1914 1184 1979 incuriosis,
1213 1921 1245 1970 ut
1262 1923 1341 1971 notat
1358 1934 1390 1972 ex
1408 1915 1504 1972 lumb.
1525 1921 1548 1970 3.
1568 1922 1637 1972 sent.
1657 1916 1719 1970 dist.
1739 1921 1763 1971 6.

71 2007 94 2056 l.
120 2000 229 2071 phrasis
250 2002 344 2054 venire
366 2001 397 2053 ιά
421 2019 505 2055 carrae
521 2019 662 2074 nunquam
680 2009 707 2057 et
728 2002 853 2071 nuspiam
871 2001 905 2055 de
931 1999 1028 2055 'I'hom
1049 2020 1075 2071 p.
1096 2007 1126 2057 ³.·
1148 2009 1253 2071 quaest.
1276 2009 1300 2058 l.
1325 2003 1402 2057 artie.
1422 2009 1445 2057 3.
1461 2008 1502 2073 ,αι
1532 2008 1555 2057 t.
1586 2002 1615 2055 iu
1642 2001 1762 2058 conclus.

69 2086 146 2142 nudo
166 2086 275 2141 homine
288 2093 444 2158 usurpatur,
464 2088 511 2158 qui
524 2089 663 2144 nascendo
678 2105 788 2143 carnem
803 2088 906 2158 accipit
931 2088 1010 2142 Idem
1027 2087 1094 2142 fecit
1118 2088 1178 2158 ipse
1199 2088 1358 2153 Nestorius,
1385 2095 1418 2144 ut
1445 2089 1587 2159 colligitur
1613 2103 1646 2141 ex
1671 2087 1762 2144 verbis

70 2179 99 2228 et
124 2190 234 2228 carnem
260 2174 421 2244 accipiendo
448 2175 584 2242 nascitur,
611 2176 714 2247 quique
739 2182 803 2231 ante
827 2192 904 2229 suam
931 2173 1081 2228 iustiniani
1099 2173 1127 2227 in
1147 2174 1238 2229 edicto
1257 2173 1330 2244 fidei,
1348 2175 1422 2245 quod
1442 2181 1532 2229 exstat
1550 2183 1615 2230 tom.
1634 2181 1657 2230 3.
1692 2174 1763 2230 Con·

69 2259 243 2315 nativitatem
273 2277 328 2314 non
354 2260 439 2315 habet
463 2261 565 2317 realem
590 2262 811 2329 subsistantiam,
841 2280 904 2316 cum
931 2260 974 2313 cil.
1001 2279 1029 2330 p.
1049 2267 1108 2316 tet.
1128 2260 1180 2316 col.
1203 2268 1223 2329 1,
1248 2260 1297 2314 ubi
1314 2261 1369 2329 ait,
1396 2268 1468 2314 recte
1493 2263 1705 2314 condemnatam
1728 2261 1764 2314 ab

69 2363 137 2417 ergo
159 2346 194 2400 de
212 2346 284 2401 Filio
302 2346 356 2400 Dei
379 2347 521 2401 incarnato
538 2347 645 2418 phrasis
665 2348 713 2402 illa
728 2349 904 2419 peculiariter
931 2347 1074 2416 thalassiae
1093 2348 1212 2401 concilio
1224 2348 1394 2416 Nestorium,
1414 2350 1491 2415 quod
1507 2365 1592 2400 acam
1601 2365 1762 2416 personam,

68 2432 235 2502 accipiatur,
260 2433 394 2500 ostendit,
415 2449 478 2487 eum
497 2433 582 2490 fuisse
601 2443 664 2490 ante
682 2453 760 2490 snam
779 2436 903 2490 incarna-
930 2452 983 2487 αοα
1007 2442 1099 2486 tamen
1117 2452 1203 2487 ιιοοπι
1222 2434 1427 2487 αιιὺιὺιιαιιιιοαι
1451 2434 1480 2486 ιἰι
1502 2433 1613 2487 Christo
1633 2434 1761 2500 affirma-

67 2520 207 2576 nationem
230 2537 374 2589 personam
397 2537 461 2575 vere
483 2520 691 2587 subsistentem
717 2527 741 2577 3.
770 2522 805 2577 dc
825 2521 903 2577 diffe·
929 2520 1007 2572 verit.
1046 2519 1100 2574 Sed
1118 2536 1152 2574 ex
1173 2519 1259 2574 allata
1283 2519 1459 2574 distinctione
1483 2518 1666 2586 manifestum,
1693 2518 1761 2588 quid

65 2607 158 2661 tentia
174 2605 314 2675 phrasium
332 2607 425 2659 venire
445 2608 474 2659 ιἰι
496 2626 606 2661 caraem
624 2615 651 2663 et
668 2610 761 2662 occire
777 2610 903 2663 incarne
930 2605 1083 2661 haedere
1103 2607 1343 2661 sitstatuendum.
1379 2605 1526 2660 Caeterum
1544 2604 1700 2660 όὶιιειαιιιιιι
1717 2607 1776 2671 τῆς·

65 2692 96 2746 ιιι
121 2692 306 2766 praelectione
329 2694 363 2748 de
379 2693 597 2749 Photinianismo
621 2694 676 2748 fuit
701 2702 807 2765 actum,
830 2703 855 2752 4.
875 2697 903 2749 in
931 2690 1107 2753 ὑποστάσεως
1123 2693 1235 2764 proprie
1253 2692 1345 2748 dictae
1363 2691 1398 2747 ab
1411 2690 1494 2760 οὐσία
1511 2696 1638 2747 accurate
1656 2697 1698 2746 est
1713 2705 1761 2744 no·

66 2795 150 2833 carne
179 2778 272 2833 venire
302 2785 344 2833 est
374 2779 485 2850 quidem
516 2780 590 2836 idem
621 2782 695 2853 quod
724 2799 787 2836 cum
821 2799 903 2838 carne
930 2779 1024 2843 tanda,
1043 2780 1109 2851 quia
1126 2786 1196 2835 teste
1213 2779 1387 2835 Damascene
1404 2778 1452 2835 lib.
1467 2784 1491 2833 3.
1510 2776 1616 2832 orthod.
1635 2776 1681 2832 fid.
1700 2794 1723 2832 c.
1738 2782 1761 2832 3.

67 2865 170 2934 venire,
190 2865 299 2920 interim
309 2867 508 2938 praesupponit
526 2866 554 2920 τὸ
574 2868 669 2923 venire
686 2868 715 2921 in
734 2886 853 2937 carnem,
872 2877 904 2924 ut
930 2865 1009 2920 τοῦτό
1031 2868 1087 2920 ἔστι
1109 2868 1137 2919 τὸ
1158 2871 1258 2921 ποιοῦν
1283 2873 1340 2927 τοῖς
1364 2868 1510 2939 αιρετιαοῖς
1534 2865 1580 2931 τὴν
1603 2862 1711 2930 πλάνην
1733 2861 1762 2915 τι

67 2952 203 3023 parallelo
232 2951 390 3024 Scripturas
423 2954 484 3009 loca
513 2955 677 3025 ostendunt,
720 2956 902 3027 asportans
929 2951 1011 3006 ταύτὸ
1037 2955 1129 3022 λέγειν
1153 2951 1200 3019 τὴν
1225 2951 1312 3024 φύσιν
1337 2956 1383 3005 sat
1408 2949 1458 3019 τὴν
1481 2948 1639 3006 ὑπόστασιν.
1676 2949 1762 3003 Atha-

66 3047 162 3093 notam
199 3038 354 3094 antichristi
390 3040 533 3095 constitnit
566 3042 597 3095 ιὸ
630 3058 733 3114 negare
763 3042 902 3096 Christum
929 3038 1023 3093 nasius
1039 3044 1105 3092 tom.
1128 3043 1150 3092 2.
1172 3038 1200 3092 in
1218 3045 1296 3093 tract.
1321 3039 1357 3092 de
1383 3037 1465 3093 defin.
1489 3056 1516 3108 p.
1537 3042 1579 3092 53.
1604 3036 1676 3090 hanc
1699 3050 1761 3105 pro·

64 3125 176 3180 venisse
207 3126 235 3179 in
264 3142 354 3182 carne.
399 3126 439 3181 At
466 3126 527 3198 quis
556 3127 756 3185 haereticorum
782 3148 903 3201 unquam
930 3124 1008 3195 ponit
1026 3124 1222 3179 differentiam:
1239 3127 1352 3178 Natura
1373 3131 1398 3178 st
1416 3123 1659 3177 miserescatur
1678 3129 1761 3176 saeo-

64 3211 181 3282 negavit
204 3211 342 3266 Christum
369 3212 474 3283 absque
503 3213 648 3284 splendore
674 3215 794 3271 humano
822 3224 850 3271 et
874 3219 903 3271 in
930 3210 999 3279 λιιιή,
1017 3228 1049 3264 eo
1068 3212 1145 3280 quod
1161 3211 1263 3264 maltos
1280 3211 1489 3279 comprehendit
1502 3226 1641 3279 personas
1659 3209 1704 3262 nel
1721 3210 1762 3262 ia·

65 3315 175 3352 summa
192 3297 347 3354 infirmitate
367 3299 488 3354 officinm
508 3319 587 3354 suum
607 3301 833 3358 administrasse?
851 3304 903 3359 boc
930 3299 1066 3366 dividua,
1091 3296 1242 3358 ὑπόστασις
1261 3306 1352 3351 autem
1371 3296 1488 3370 μερική,
1508 3296 1663 3365 partialis,
1690 3311 1760 3364 qssos

64 3401 134 3439 vero
150 3390 200 3453 cst,
218 3386 292 3456 quod
307 3386 461 3456 complures
480 3394 616 3459 negarunt
634 3389 764 3461 quodque
781 3389 902 3445 Photini·
925 3385 1134 3453 pertentabat
1153 3385 1280 3455 aliquam
1297 3387 1437 3439 essentiae.
1474 3384 1548 3454 (Hoc
1567 3388 1694 3454 respectu
1712 3382 1761 3436 hu-

65 3471 122 3540 ani,
141 3471 249 3525 illorum
268 3473 388 3527 asseclae
408 3472 500 3527 adhuc
519 3480 631 3545 negant,
649 3475 747 3530 Jesum
763 3476 902 3548 christum
929 3488 1027 3526 manae
1055 3479 1171 3526 naturae
1201 3489 1263 3527 cum
1293 3471 1354 3525 aliis
1381 3470 1532 3524 individuis
1559 3470 1676 3525 collatae
1705 3469 1761 3524 dici

67 3575 127 3613 esse
153 3575 247 3613 verum
274 3565 301 3613 et
324 3565 465 3614 aeternum
483 3558 549 3612 DEI
567 3560 682 3623 Filium,
709 3563 757 3633 qui
782 3562 903 3618 hnmana
929 3562 1031 3627 potest,
1054 3558 1166 3612 minime
1186 3576 1250 3614 vero
1267 3564 1394 3629 respectu
1412 3557 1521 3612 divinae
1539 3563 1663 3624 naturae,
1681 3557 1762 3626 juxta

65 3650 167 3698 natura
189 3643 218 3698 in
239 3661 374 3714 personae
397 3661 463 3700 suae
480 3647 612 3701 unitatem
631 3654 753 3702 assumta
773 3648 800 3702 in
819 3667 902 3706 carne
929 3648 988 3698 cani
1007 3643 1079 3697 enim
1101 3661 1155 3700 non
1172 3650 1277 3714 partem
1295 3644 1417 3716 aliquam
1435 3643 1580 3707 essentiae,
1598 3642 1647 3696 sed
1665 3647 1761 3710 totam,

66 3730 188 3799 venerit,
252 3735 275 3785 6.
310 3737 392 3802 urget
427 3730 541 3786 Socinus
581 3734 694 3804 phrases
737 3736 901 3806 apostolicas
928 3729 1063 3785 infinitam
1085 3738 1114 3786 et
1135 3730 1288 3800 perfectam
1315 3731 1462 3785 essentiam
1489 3730 1611 3784 divinam
1636 3728 1761 3783 Christus

66 3818 212 3871 αοισιιὶοαα
240 3818 270 3870 ia
303 3834 402 3881 carne,
431 3819 521 3871 cicere
548 3819 577 3872 ιἰι
607 3837 705 3889 οανοα,
735 3839 901 3890 perraancrc
928 3817 1053 3886 obtinet.)
1082 3817 1323 3872 MaxentiusDial.
1341 3825 1363 3872 1.
1377 3821 1449 3871 cont.
1462 3817 1586 3873 Neston:
1605 3818 1761 3870 Personam

66 3905 98 3956 ι’τι
129 3921 230 3971 camec,
260 3920 331 3974 quae
361 3905 444 3958 etiam
473 3905 534 3958 aliis
559 3905 715 3961 hominibus
742 3908 901 3963 tribuuntur
928 3923 985 3958 rem
1011 3923 1096 3958 αασπι
1121 3913 1240 3958 acturae
1265 3905 1441 3957 individuam
1462 3905 1610 3974 significat.
1647 3905 1761 3957 Natura

67 3996 91 4046 2.
121 3989 242 4045 Corinth.
274 3995 318 4059 10,
344 4010 369 4044 v.
396 3997 421 4047 3.
449 3990 539 4048 Galat.
570 4000 599 4060 l,
626 4013 649 4048 v.
679 4000 719 4051 20.
747 3995 848 4065 Philip.
878 4002 900 4058 1,
928 4008 991 4045 cero
1010 4009 1177 4045 communem
1196 3991 1369 4059 copaoscr'tur
1385 3991 1534 4044 declarare
1552 3991 1717 4053 materiam,
1747 4005 1761 4042 e

64 4094 93 4130 v.
127 4083 174 4141 24,
210 4078 259 4134 sed
295 4079 418 4134 confusio
454 4085 497 4133 est
529 4080 720 4135 distinctarum
754 4082 901 4154 phrasium.
928 4079 1570 4148 quaplarimcepersoacepossentsubstatere,
1589 4084 1760 4146 quapropter

67 4162 157 4217 Aliud
173 4164 246 4219 enirn
264 4165 374 4220 omnino
386 4173 429 4221 est
446 4167 539 4222 venire
557 4168 585 4221 in
602 4185 693 4239 earne,
711 4160 787 4223 alirid
805 4169 901 4224 ambri.
928 4167 1017 4218 omnis
1036 4167 1148 4235 quidem
1163 4182 1287 4234 persona
1306 4165 1389 4218 αιίιιαι
1406 4173 1536 4218 naturam
1557 4166 1687 4227 conticet,
1705 4181 1759 4216 noa

68 4249 144 4313 lare,
162 4250 266 4321 vivere,
283 4268 445 4322 perimere
463 4254 492 4307 in
513 4271 600 4308 came,
637 4254 712 4309 illud
729 4255 797 4309 nulli
815 4254 900 4310 homi.
928 4259 1019 4303 outem
1039 4252 1127 4304 omnis
1151 4258 1255 4303 actura
1272 4267 1424 4319 personam
1447 4266 1534 4319 aeque
1560 4250 1757 4317 complectitur.

68 4325 137 4390 nuni
155 4338 285 4407 competit
302 4338 354 4392 nisi
375 4339 425 4393 soli
439 4339 556 4404 Christo,
575 4341 621 4412 qui
635 4359 745 4397 carnem
764 4341 900 4410 assumsit,
930 4336 1049 4407 Cyrillus
1062 4336 1140 4393 Alex.
1161 4337 1190 4391 in
1208 4336 1321 4406 exposit.
1341 4334 1420 4389 fidei:
1440 4335 1456 4402 ἡ
1475 4334 1557 4388 οὐσία
1575 4332 1631 4402 ἤτοι
1646 4332 1759 4406 ἡφύσις

68 4422 97 4477 h.
117 4440 139 4478 e.
160 4422 206 4493 qui
223 4425 300 4493 priua
324 4423 378 4479 fuit
401 4443 519 4496 persona
543 4444 607 4482 vere
630 4435 657 4482 et
678 4429 790 4484 realiter
813 4428 900 4483 rubri·
928 4421 1065 4477 τὸκοινόν
1080 4427 1279 4495 χαρακτεριζει,
1300 4420 1316 4488 ἡ
1335 4421 1364 4475 dl
1385 4420 1535 4482 ὑπόστασις
1552 4420 1616 4488 ἦτοι
1633 4420 1661 4475 τό
1680 4419 1760 4492 πρός·

67 4515 151 4573 stans,
168 4518 316 4610 antequam
335 4510 416 4566 homo
433 4519 605 4583 nasceretur,
626 4515 677 4569 hoc
698 4533 841 4570 commune
860 4523 902 4570 est
929 4529 1007 4565 ωπον
1026 4508 1056 4563 τὸ
1076 4511 1191 4563 torosi
1193 4508 1294 4562 κόστου
1324 4516 1460 4584 σημαίνει
1513 4508 1641 4563 Damaso
1666 4509 1713 4563 lib
1736 4513 1760 4563 3

67 4595 225 4651 hominibus
235 4597 313 4669 ,qui
332 4598 360 4651 in
378 4615 429 4652 sua
448 4599 593 4654 nativitate
619 4600 728 4656 demum
753 4602 901 4656 subsistere
928 4596 999 4651 orth.
1018 4596 1065 4651 fid.
1086 4614 1108 4652 c
1127 4602 1158 4651 3:
1184 4598 1237 4650 τῶι
1231 4599 1455 4650 πλείστωνκαὶ
1477 4594 1760 4702 dasqdpprsnooui·

67 4682 211 4753 incipiunt.
929 4690 1089 4757 usurpator
1109 4682 1320 4788 pierrepersie.
1357 4683 1386 4737 C.
1406 4691 1436 4739 6.
1463 4684 1557 4738 κοινὸν
1580 4683 1596 4752 ἡ
1619 4684 1701 4738 οὐσία
1727 4682 1762 4743 ὡς

10 4791 12 4799 ’
41 4798 51 4807 ·
105 4775 161 4825 130.
199 4768 344 4833 Quaeritur
368 4770 516 4825 hocloco:
545 4777 567 4825 4.
599 4773 709 4835 Quid‘
696 4773 846 4834 ὑπόστασις
872 4776 901 4827 ia
929 4772 1015 4833 ridor,
1039 4769 1153 4842 μερικόν
1170 4770 1276 4839 oti
1264 4791 1316 4825 σπι
1311 4769 1427 4834 ’στασις,
1450 4770 1565 4844 μερικόν
1588 4773 1616 4825 δὲ
1643 4768 1694 4840 οὐχ
1719 4770 1762 4822 δτι

10 4847 14 4922 ζ
65 4854 117 4909 hoc
136 4857 552 4928 mysteriopropricss'gsr'ficct
569 4861 746 4927 ecquomodo
764 4862 799 4911 ab
819 4860 901 4928 οὐσία
928 4863 1013 4931 μέρος
1030 4857 1075 4925 τὴς
1093 4856 1202 4931 φύσεως
1220 4859 1284 4928 ἔχει,
1304 4862 1389 4931 μέρος
1407 4857 1438 4910 δὲ
1457 4856 1508 4911 οὐκ
1526 4859 1577 4928 ἔχει
1598 4855 1668 4911 ἀλλὰ
1684 4877 1759 4930 μερι-

22 4963 30 4976 ·
65 4942 279 5010 distemperatur?
298 4940 521 5012 Respondemus:
542 4944 731 5015 Hypostaseos
744 4964 843 5001 nomen
855 4948 901 5000 tri·
929 4946 980 5000 ιιὸν
995 4949 1030 5014 τῷ
1044 4944 1156 5018 ἀριθμῷ
1170 4944 1205 5006 ὡς
1223 4942 1337 5018 ἄτομον,
1359 4943 1471 5016 ἀριθμῷ
1483 4944 1537 5018 γὰρ
1560 4948 1605 4996 και
1626 4943 1658 4998 οὑ
1677 4942 1781 5015 φύσει·
1815 4943 1817 4947 ’

67 5027 178 5098 pliciter
191 5029 339 5099 accipitur:
360 5036 383 5082 1.
406 5030 614 5097 generalissime
632 5049 681 5101 pro
703 5030 825 5102 ὑπάρξει,
846 5050 901 5104 qua
928 5033 1074 5104 διαφέρειν
1091 5037 1217 5106 λέγονται
1237 5035 1266 5084 αι
1282 5030 1453 5088 ὑποστάσεις.
1493 5031 1522 5082 C.
1544 5035 1582 5085 11.
1600 5029 1695 5096 θεόιης
1714 5031 1761 5096 τὴν

67 5113 175 5170 ratione
193 5115 266 5171 idem
284 5115 422 5187 significat
439 5117 513 5186 quod
531 5118 695 5172 exsistentia.
733 5118 794 5172 Hoc
819 5137 900 5175 sensu
929 5120 1016 5192 φύσιν
1034 5121 1127 5188 δηλοῖ,
1150 5120 1177 5174 τό
1198 5120 1227 5173 dt
1250 5119 1338 5189 scrip
1358 5117 1406 5185 τὴν
1423 5116 1583 5185 ὑπόστασιν,
1603 5116 1696 5188 ὥσπερ
1715 5123 1760 5171 καὶ

66 5201 181 5274 quidam
199 5220 232 5257 ex
250 5203 388 5258 veteribus
407 5204 476 5257 duas
495 5203 656 5264 ὑποστάσεις
664 5244 671 5268 ,
699 5205 751 5259 hoc
770 5214 812 5260 est
830 5209 902 5261 duas
928 5205 1109 5277 ἀνιιρωπόιης
1120 5204 1169 5273 τὴν
1183 5205 1278 5277 φύσιν,
1292 5209 1390 5274 πέτρος
1402 5205 1432 5257 δὲ
1447 5200 1494 5271 τὴν
1506 5204 1666 5258 ὑπόστασιν.
1691 5204 1760 5261 Sub-

66 5296 187 5341 ιιαιατοα
204 5288 234 5342 in
245 5287 355 5344 Christo
369 5295 538 5360 agnoscunt3
558 5293 582 5343 2.
602 5292 724 5344 strictius
743 5311 777 5345 cc
795 5294 902 5363 specia-
929 5294 1024 5348 sistere
1044 5299 1087 5347 est
1104 5310 1153 5362 per
1171 5308 1201 5345 sc
1214 5291 1351 5359 exsistere,
1372 5308 1436 5362 ergo
1455 5289 1632 5345 subsistentia
1652 5299 1694 5347 est
1711 5310 1762 5362 per

68 5372 126 5427 lias
151 5390 202 5447 pro
225 5376 370 5446 supposito
395 5377 453 5431 sive
477 5374 590 5449 ὑπάρξει
620 5378 818 5447 ισιοσοστιίιῳ,
847 5398 901 5451 quo
929 5397 959 5433 se
978 5378 1143 5446 exsistentia,
1161 5378 1205 5432 cui
1220 5377 1368 5448 opponitur
1381 5395 1439 5432 esse
1456 5376 1484 5431 in
1501 5377 1556 5431 alio
1573 5378 1760 5434 exsistentiam

68 5475 153 5515 sensu
172 5458 310 5533 significat
327 5462 501 5517 individuum
519 5480 568 5534 per
585 5480 615 5517 se
633 5463 785 5520 subsistens
806 5464 901 5519 distin·
914 5467 988 5571 ejus
1016 5465 1170 5536 complente
1196 5481 1229 5519 ac
1256 5464 1428 5519 terminante.
1464 5462 1649 5520 Subsistentia
1675 5465 1761 5565 igitur

67 5553 144 5602 ctum
161 5547 197 5603 ab
216 5548 277 5603 aliis
296 5548 445 5605 individuis
466 5548 525 5607 sive
542 5549 706 5621 ejusdem
684 5568 742 5609 sive
760 5552 843 5608 etiam
860 5552 917 5607 di·
914 5522 1059 5626 {competit
1077 5551 1117 5607 illi
1135 5559 1250 5608 naturae
1267 5551 1460 5622 substantiali,
1488 5568 1560 5624 quae
1584 5569 1640 5608 non
1665 5557 1708 5609 est
1731 5551 1762 5605 in
