3984 6022
170 237 233 300 360
847 228 969 288 Locus
988 226 1185 288 mannus

173 387 274 459 Ephes.
296 390 320 451 1,
338 403 362 440 v.
383 391 422 441 11.
458 384 574 440 Tertull.
594 383 623 439 in
641 384 743 441 exhort.
764 385 799 439 ad
819 385 908 441 casse
927 391 1009 441 vocet
1034 383 1095 439 vult
1117 384 1267 441 secuudum
1290 382 1495 457 beneplacitum
1518 382 1669 441 voluntatis
1690 399 1771 456 suae,
1791 402 1864 457 quae

173 473 342 527 solssntatem
363 487 484 542 param,
512 472 663 540 majorem,
685 470 832 540 potiorem.
871 471 1009 528 Voluntas
1033 475 1142 542 poterat
1167 477 1195 526 et
1217 471 1289 526 velle
1311 476 1339 525 et
1362 470 1450 540 nolle,
1473 472 1534 527 vult
1556 478 1649 528 autem
1670 487 1706 527 ea
1728 470 1788 529 sine
1805 472 1864 530 ulla

170 562 337 630 pennittens
358 562 413 622 est,
438 573 495 628 qua
512 556 589 612 Deus
612 556 747 626 permittit
763 575 780 612 a
798 557 930 612 creaturis
948 556 1009 613 fieri
1033 557 1206 625 amenitate,
1223 562 1416 630 praeterquam
1435 557 1634 630 hypotheseos,
1653 574 1726 630 quse
1742 564 1786 614 est
1802 576 1864 632 pro

174 648 277 701 malum
307 661 358 700 nec
388 641 504 713 impedit
534 641 622 706 illud,
656 659 718 697 cum
750 643 883 714 impedire
913 645 1009 715 possit.
1033 644 1096 716 pria
1125 643 1362 700 inmutabilitatis.
1399 644 1528 701 lbomas.
1553 644 1603 703 lib.
1629 652 1651 703 1.
1677 650 1764 704 sona.
1791 651 1866 719 gena

174 731 361 789 Tertullianus
384 735 467 785 vocat
488 730 658 784 volantatem
683 730 880 799 indulpentiae
904 740 929 785 et
958 733 1008 786 mi·
1033 745 1057 785 e.
1074 735 1122 787 83:
1141 732 1221 785 Deus
1239 749 1294 785 non
1311 733 1468 786 necessario
1484 733 1556 801 salt,
1573 733 1710 805 quicquid
1725 733 1800 802 salt,
1813 750 1867 805 po-

175 821 262 888 neris,
280 818 342 873 eliis
361 814 463 873 dicitur
478 817 609 872 noluntas
623 817 802 888 permissivo,
821 816 1009 890 improbamus
1033 816 1088 870 sito
1119 824 1224 883 autem,
1256 819 1333 888 maed
1360 818 1472 887 alipsnd
1495 818 1576 887 velit,
1608 827 1649 873 est
1671 820 1868 889 mcessariasn,

174 923 248 979 ergo,
268 905 343 977 quod
361 903 459 961 scribit
470 903 601 960 Dauaeus
620 904 649 958 in
667 903 745 960 ench.
763 903 883 977 August.
902 923 928 976 p.
950 909 1007 960 ets.
1033 903 1100 973 ntia
1118 903 1246 957 voluntas
1262 904 1323 957 Dee‘
1340 912 1380 958 est
1396 905 1584 959 immutabilis.

173 993 203 1048 in
225 991 291 1048 vol:
318 991 388 1060 Illa,
407 1007 478 1060 puae
501 990 616 1060 reprobi
641 998 666 1044 et
692 990 775 1060 impii
800 999 903 1060 ayunt,
927 992 1008 1045 Deus
1070 994 1127 1045 277.
1163 988 1325 1043 Antithesis.
1354 988 1550 1045 orthodoxiam
1574 991 1646 1047 hanc
1669 990 1825 1048 labefactat
1844 999 1931 1050 1.sstn

168 1080 239 1150 fieri
268 1078 327 1131 salt
358 1095 414 1131 non
446 1077 587 1131 voluntate
613 1084 721 1131 tantum
741 1078 927 1148 permissiva,
961 1078 1011 1131 sad
1041 1075 1175 1130 Veratius.
1217 1082 1239 1132 i.
1265 1076 1377 1148 qnando
1407 1076 1435 1137 in
1458 1076 1541 1149 Apol.
1567 1093 1644 1150 areg.
1668 1094 1692 1132 c.
1718 1084 1760 1135 10.
1784 1096 1813 1151 p.
1834 1084 1865 1136 st
1879 1059 1931 1152 {iffi

175 1165 313 1236 effectiva,
331 1179 381 1216 nec
405 1169 523 1232 tantum,
542 1169 574 1215 st
599 1162 654 1216 alii
676 1126 784 1233 colunt,
806 1163 945 1217 saturante
968 1181 1009 1216 se·
1035 1161 1148 1232 als'auicl
1170 1179 1228 1218 esse
1251 1164 1281 1217 in
1305 1165 1369 1218 Dea
1394 1163 1508 1232 messis,
1535 1166 1612 1237 praed
1636 1181 1692 1219 non
1719 1164 1758 1218 sit
1777 1156 1868 1234 Dias,

175 1258 287 1322 queste,
306 1251 358 1303 sed
377 1257 402 1302 ct
421 1249 613 1317 antecedente,
630 1256 661 1303 ut
678 1251 803 1320 spasmum
821 1250 1010 1320 improborum
1035 1266 1096 1301 cum
1118 1249 1238 1303 meantia
1257 1249 1317 1304 Dei
1336 1249 1501 1320 simpliciter
1522 1255 1549 1304 et
1572 1250 1697 1306 absalme
1719 1251 1757 1305 eit
1774 1266 1868 1308 neees-

175 1346 266 1393 ortum
290 1344 315 1390 et
340 1337 439 1389 misnen
463 1336 636 1389 creationem.
681 1333 736 1390 Sed
759 1342 888 1391 accurate
915 1342 1010 1392 notan-
1035 1337 1129 1405 saria,
1167 1338 1278 1391 decena
1314 1353 1378 1391 cero
1407 1337 1463 1391 sint
1487 1337 1577 1392 lebera
1607 1356 1642 1393 ac
1672 1339 1869 1408 cmnnaentia.

176 1425 242 1480 dum
260 1421 353 1478 Deum
372 1420 484 1494 quidem
509 1438 565 1476 nou
582 1427 690 1490 coacte,
714 1422 761 1477 sed
782 1421 881 1478 liberte
900 1421 1011 1494 permit·
1036 1421 1105 1494 Pag.
1126 1427 1166 1477 ti.
1189 1423 1245 1476 nasi
1259 1439 1353 1477 emam
1371 1440 1405 1477 ac
1421 1423 1499 1478 reale
1517 1424 1668 1478 &crimen
1684 1424 1760 1478 inter
1778 1442 1868 1480 men·

175 1517 234 1567 tere
250 1513 410 1581 peccatum,
435 1507 503 1578 quia
524 1505 631 1563 scilicet
646 1508 724 1564 novit
744 1526 777 1563 ex
795 1525 827 1564 eo
846 1509 943 1564 elicere
961 1508 1011 1563 bo·
1037 1508 1104 1562 tiam
1124 1517 1149 1562 a
1166 1508 1334 1562 voluntatem
1351 1509 1411 1563 Dei
1427 1509 1459 1562 in
1473 1509 1534 1579 apso
1553 1511 1616 1565 Dea
1633 1504 1789 1577 mmuamr,
1806 1510 1869 1566 nul-

174 1612 255 1667 num,
286 1601 370 1666 atque
399 1594 452 1650 hoc
480 1611 563 1649 sensu
588 1583 771 1649 voluntariam
802 1592 1011 1666 permissionem
1037 1595 1094 1648 lim
1125 1595 1240 1649 arbitrii
1266 1595 1421 1650 libertatem
1449 1597 1513 1649 Deo
1539 1596 1670 1667 relinqui.
1705 1596 1740 1651 In
1767 1596 1816 1653 lib.
1833 1597 1869 1654 de

174 1684 233 1740 sive
251 1673 440 1755 permissivam
453 1679 625 1736 voluntatem
642 1679 717 1736 circa
734 1687 878 1752 peccatum
896 1676 1011 1736 concedi
1036 1680 1128 1736 attrib.
1148 1679 1203 1737 div.
1227 1699 1258 1752 p.·
1273 1685 1331 1737 207.
1359 1683 1471 1735 ‹lecreta
1486 1682 1547 1735 Dei
1564 1683 1634 1736 dicit
1650 1699 1708 1737 esse
1727 1686 1869 1754 quaeda·

174 1785 265 1841 posse,
282 1767 392 1823 interim
411 1773 504 1821 tamen
526 1771 672 1838 peecatum
691 1766 780 1839 ipsum
798 1774 935 1839 quatenus
954 1766 1011 1823 tale
1036 1766 1192 1821 accidentia
1210 1769 1244 1819 ab
1262 1768 1353 1838 ipsias
1369 1767 1526 1822 adstantia
1544 1768 1625 1837 lenps
1636 1769 1758 1824 dianna.
1783 1769 1867 1843 Besp.

175 1875 230 1912 non
263 1854 334 1909 velle
366 1869 416 1909 uec
447 1851 601 1925 approbare
628 1869 679 1907 nec
706 1853 741 1907 ad
767 1852 836 1908 illud
860 1852 1010 1925 impellere,
1035 1858 1115 1906 aetus
1133 1852 1291 1922 voluntatis,
1316 1869 1371 1925 quo
1394 1852 1471 1908 Deus
1496 1852 1602 1925 aliquid
1627 1853 1702 1909 circa
1726 1861 1868 1912 creaturas

175 1940 290 2014 proinde
310 1940 437 1996 voluntas
456 1944 484 1995 et
503 1938 647 2010 permissio
666 1939 703 1993 ad
723 1939 833 1995 diversa
855 1939 1011 1996 referuntur
1034 1937 1121 1993 libere
1146 1938 1280 2009 decernit,
1305 1938 1452 2010 dupliciter
1470 1938 1674 2010 consideratur,
1697 1941 1826 1996 meelate
1843 1951 1868 1997 st

177 2028 302 2099 objecta,
321 2024 465 2097 permissio
483 2023 601 2079 refertur
618 2025 653 2079 ad
672 2024 763 2096 ipsum
780 2034 939 2097 peccatum.
964 2043 1010 2079 vo·
1034 2025 1137 2095 relate,
1161 2027 1203 2078 ad
1224 2026 1300 2078 intra
1323 2033 1349 2079 st
1368 2026 1409 2077 asi
1428 2033 1508 2078 entra
1530 2034 1655 2096 respectu
1677 2027 1822 2098 principii
1842 2035 1869 2083 et

175 2115 268 2169 luntas
285 2110 422 2167 adfinem
441 2110 552 2176 utilem,
581 2128 662 2183 quem
684 2129 735 2183 pro
754 2129 805 2168 sua
823 2113 960 2168 sententia
977 2130 1009 2168 ex
1037 2112 1154 2181 effectus.
1189 2110 1277 2166 Priori
1301 2111 1382 2165 modo
1406 2111 1594 2167 consideratus
1616 2117 1659 2168 est
1676 2112 1739 2184 ipsa
1755 2113 1810 2170 Dei
1827 2130 1868 2170 aa·

175 2200 223 2255 illo
246 2198 324 2253 novit
347 2197 452 2254 elicere.
488 2197 558 2253 Inde
577 2203 634 2267 est,
658 2198 732 2270 quod
750 2205 885 2255 nostrates
907 2199 1009 2269 dicunt,
1036 2198 1137 2266 senua,
1163 2204 1195 2251 ut
1219 2197 1291 2253 enim
1315 2197 1430 2253 scientia
1455 2196 1507 2252 Dei
1532 2205 1574 2253 est
1591 2198 1651 2269 ipsa
1667 2197 1722 2255 Dei
1740 2201 1868 2266 meantis,

175 2292 292 2359 peccata
310 2301 365 2339 nou
384 2283 444 2339 fieri
465 2283 626 2354 simpliciter
645 2287 708 2338 Dea
727 2286 835 2340 colente
854 2287 898 2339 vel
915 2287 1010 2357 incito,
1036 2299 1100 2338 cum
1116 2282 1192 2340 Deus
1211 2290 1361 2355 cognoscat
1379 2301 1429 2355 per
1446 2301 1477 2339 se
1494 2283 1600 2355 ipsum,
1617 2285 1656 2341 sic
1672 2285 1802 2342 voluutas
1815 2286 1868 2344 Dei

176 2389 256 2429 nemo
275 2370 347 2427 enim
362 2371 453 2426 Deum
468 2375 560 2442 potest
583 2385 692 2441 cogere,
708 2387 761 2425 nec
778 2370 930 2443 quidquam
949 2372 1010 2451 Deo
1036 2376 1078 2426 est
1093 2371 1155 2442 ipsa
1166 2369 1221 2425 Dei
1238 2371 1363 2441 essentia,
1383 2389 1447 2425 cum
1464 2371 1541 2426 Deus
1559 2371 1626 2427 velit
1643 2389 1694 2443 per
1713 2390 1743 2428 se
1762 2373 1867 2446 ipsum3

176 2457 344 2531 impediente
372 2462 401 2512 et
426 2463 598 2528 repugnante
623 2462 716 2528 potest
740 2456 814 2526 fieri,
841 2474 892 2514 nec
916 2463 1009 2514 mmeu
1035 2456 1178 2528 posteriori
1207 2458 1288 2513 modo
1318 2458 1508 2515 consideratus
1537 2459 1684 2514 voluntatis
1714 2466 1795 2516 actus
1827 2478 1868 2517 re·

175 2545 235 2602 fieri
263 2546 326 2598 Deo
351 2545 517 2614 simpliciter
540 2544 662 2613 evolante,
687 2543 754 2616 quis
777 2543 854 2598 Deus
877 2562 933 2599 non
950 2545 1010 2602 vult
1036 2551 1131 2615 spectu
1162 2543 1332 2600 diversorum
1359 2543 1530 2616 objectorum
1556 2544 1868 2620 distinguitur‘absque

175 2649 227 2688 nec
248 2630 386 2703 approbat
401 2635 561 2700 peccatum,
584 2628 632 2683 sed
650 2628 710 2685 fieri
730 2631 792 2684 Deo
811 2649 867 2684 nan
891 2632 1009 2698 roman,
1035 2629 1093 2685 ulla
1113 2629 1224 2685 divium
1246 2632 1379 2686 essentiae
1398 2631 1549 2687 mutatione
1567 2632 1611 2685 vel
1628 2631 1867 2703 multiplicatione

177 2735 210 2775 ea
234 2733 300 2772 vero
328 2716 400 2771 inter
423 2714 519 2771 nolens
544 2721 572 2770 et
595 2733 650 2772 non
672 2716 766 2771 volens
784 2722 828 2771 est
846 2716 1011 2788 differentia,
1036 2715 1158 2771 Decreta
1180 2715 1234 2771 Dei
1252 2716 1472 2772 considerantur:
1499 2723 1522 2771 1.
1542 2717 1680 2787 abjectius,
1699 2723 1727 2772 et
1745 2717 1786 2773 sic
1802 2724 1867 2775 sunt

177 2803 252 2877 quod
270 2801 340 2857 illud
357 2801 442 2857 habet
455 2802 644 2871 pnffcatianem
661 2802 812 2857 uoluntatis
831 2812 856 2857 et
872 2804 1012 2873 prisacipis'
1035 2802 1113 2857 varia
1148 2809 1176 2857 et
1209 2801 1389 2873 multiplicia,
1429 2802 1496 2875 quia
1529 2802 1639 2875 objecta
1673 2808 1740 2858 sunt
1775 2805 1866 2874 varia;

176 2890 262 2947 aenei
287 2907 346 2943 una
373 2878 434 2942 cuns
460 2890 649 2958 repupnantia
675 2897 701 2942 et
726 2891 834 2944 amians
860 2892 1010 2957 coenaria,
1037 2892 1063 2943 2.
1087 2889 1184 2957 active,
1209 2895 1237 2943 et
1260 2888 1300 2942 sic
1323 2904 1378 2942 non
1397 2893 1462 2943 sunt
1479 2888 1567 2943 multa
1585 2895 1612 2944 et
1628 2889 1718 2960 varia,
1738 2891 1806 2961 quia
1821 2908 1867 2946 vo

174 2979 227 3034 hoc
245 2982 339 3032 autem
356 2979 464 3029 mutum
481 2968 714 3047 habet'sstpnms
736 2976 816 3031 illan
835 2978 937 3047 amque
954 2979 1010 3033 oio·
1035 2976 1127 3030 luntas
1153 2975 1306 3031 decretoria
1328 2992 1375 3030 seu
1399 2980 1478 3030 actus
1503 2974 1651 3030 decernens
1677 2975 1869 3034 substantialis

175 3066 252 3119 lenta
269 3061 461 3116 scismaticae.
484 3059 553 3116 Vide
568 3060 718 3117 Lombard.
734 3069 755 3116 1.
768 3068 884 3118 sentent.
898 3063 1011 3120 distet.
1036 3063 1065 3117 iu
1083 3061 1143 3117 Deo
1166 3079 1221 3117 nou
1245 3066 1286 3116 est
1309 3060 1465 3131 multiplex,
1488 3061 1537 3117 sed
1562 3061 1667 3118 umens.
1703 3062 1868 3121 scholastici

176 3151 219 3206 Ne
245 3147 307 3220 quis
333 3147 419 3220 igitur
443 3144 496 3201 bac
525 3144 701 3201 distinctione
729 3147 765 3202 ad
790 3147 1012 3204 labefactandam
1037 3149 1133 3204 dicunt
1163 3149 1191 3201 in
1220 3147 1331 3203 decreto
1354 3146 1408 3203 Dei
1430 3147 1518 3203 libero
1540 3148 1593 3204 tria
1616 3165 1676 3204 esse
1700 3151 1867 3222 spectanda:

176 3233 360 3292 orthodoxian
383 3233 418 3288 de
438 3249 523 3288 cauea
548 3233 656 3305 peccati
677 3233 820 3304 abutatur,
842 3235 905 3291 ideo
925 3236 1010 3291 malu—
1036 3241 1062 3291 1.
1080 3234 1239 3289 Essentiam
1258 3235 1318 3287 Dn'
1329 3251 1384 3304 per
1402 3236 1515 3289 mactum
1533 3235 1652 3290 anienis
1668 3236 1767 3291 vitain
1783 3238 1867 3307 sicud

176 3340 238 3376 mua
256 3321 295 3376 sic
312 3319 402 3392 loqui,
429 3318 505 3374 Deus
523 3319 660 3392 quaedam
677 3320 750 3390 vult,
770 3326 802 3376 ut
820 3320 908 3389 bona,
928 3339 1010 3395 quae·
1030 3323 1158 3390 stactam,
1177 3337 1248 3394 quae
1267 3327 1309 3377 est
1327 3319 1486 3391 simpliciter
1503 3321 1657 3377 necessaris
1674 3323 1869 3382 etneoessario

177 3410 241 3464 dam
259 3407 410 3478 permittit,
430 3412 463 3462 ut
481 3408 562 3463 mala.
580 3407 688 3463 Maces.
711 3407 782 3480 disp.
800 3415 829 3464 9:
856 3411 1010 3465 Distincts'o
1036 3407 1199 3464 terminatur
1224 3407 1260 3462 ad
1285 3407 1435 3463 increatam
1459 3407 1513 3464 Dei
1536 3407 1703 3479 bonitatem
1730 3412 1758 3464 2.
1778 3411 1867 3466 nerni-

177 3496 251 3549 inter
270 3495 439 3549 volrentatem
461 3495 520 3548 Dei
540 3494 737 3564 permissiones
757 3503 782 3548 et
801 3497 952 3566 effectivam
972 3505 1012 3551 est
1036 3495 1175 3548 amionem
1198 3495 1277 3549 illias
1303 3495 1436 3548 essentiae
1453 3497 1494 3548 ad
1510 3503 1653 3549 creaturas
1665 3499 1869 3565 proclamandus

178 3582 262 3650 bona,
284 3598 334 3634 nec
351 3582 423 3634 enim
443 3582 522 3634 Deus
541 3598 632 3645 amne,
658 3583 735 3650 praed
750 3583 823 3652 vult,
842 3584 942 3651 efficit,
960 3587 1013 3638 sed
1037 3590 1062 3634 et
1078 3583 1286 3650 paternensem,
1304 3597 1374 3652 quac
1395 3586 1435 3636 est
1452 3580 1611 3652 simpliciter
1628 3580 1732 3652 libcra;
1751 3587 1778 3638 3.
1796 3585 1868 3640 rela-

177 3668 397 3738 ‹pnaeriamfieri
409 3668 555 3736 permittit,
573 3677 604 3720 nt
621 3676 773 3737 pcccatsnn.
799 3668 854 3725 Sed
873 3669 945 3725 male
964 3688 1012 3740 ap·
1036 3666 1137 3722 tionem
1163 3669 1283 3722 rationis
1312 3685 1344 3721 aa
1377 3667 1430 3722 illa
1459 3670 1649 3723 seminatione
1681 3671 1869 3741 cassanen,

144 3765 147 3772 ’
177 3753 272 3826 plicat.
291 3753 391 3809 Paullo
410 3760 472 3824 post
491 3753 563 3809 enim
580 3762 696 3810 conatur
708 3755 825 3826 probare
837 3758 929 3810 Deum
941 3758 1010 3811 selle
1037 3770 1108 3825 quae
1124 3759 1167 3808 cst
1182 3754 1284 3825 partim
1303 3754 1471 3823 necessaria,
1492 3753 1594 3825 partim
1611 3754 1714 3823 libera,
1743 3773 1868 3814 neomu-

176 3842 318 3896 solnntate
336 3841 506 3910 permissive
529 3859 585 3895 non
604 3842 829 3911 permissionem,
854 3845 905 3896 sect
920 3844 1011 3912 speum
1036 3840 1078 3896 rio
1102 3840 1174 3896 enim
1196 3840 1311 3896 resultat
1328 3840 1419 3911 posita
1437 3841 1641 3908 terminatione,
1664 3849 1759 3914 potest
1777 3852 1870 3901 umen

172 3935 333 3999 peccatum,
358 3927 446 3981 tnnc
472 3928 655 3996 assumentis:
688 3934 710 3982 1.
727 3928 787 3982 sine
810 3946 865 3998 quo
883 3930 1011 3983 domim
1036 3944 1092 3982 non
1109 3928 1251 3997 resultare,
1268 3927 1291 3980 si
1311 3943 1365 3982 non
1382 3927 1532 3997 praecedat
1549 3928 1713 3984 terminatio.
1740 3930 1871 4005 tNesset

177 4033 233 4070 non
252 4021 367 4085 poterat
382 4013 526 4084 jectitiam
545 4032 625 4068 suam
640 4016 803 4085 punientem
821 4017 968 4070 declarare
986 4025 1012 4070 et
1037 4013 1091 4068 Dei
1109 4014 1220 4069 decreta
1237 4031 1297 4070 esse
1314 4013 1474 4084 simpliciter
1491 4019 1605 4070 aeterua
1621 4014 1651 4069 in
1667 4022 1748 4072 tract
1762 4018 1797 4076 de
1808 4018 1869 4076 Deo

176 4100 411 4169 misericordiam,
428 4099 504 4154 illud
519 4101 612 4169 sperem
624 4101 744 4156 decreuit
759 4109 785 4157 et
799 4102 1011 4174 valuit,scilicet
1036 4118 1064 4171 p.
1082 4105 1129 4156 at:
1153 4100 1258 4155 Libera
1281 4101 1339 4153 Dei
1363 4101 1473 4153 ‹lecreta
1497 4108 1559 4154 ante
1582 4103 1680 4157 nsandi
1702 4104 1870 4161 mentionees

176 4189 317 4245 voluntate
338 4187 516 4257 permissive.
553 4187 592 4241 At
612 4188 672 4242 sine
690 4196 808 4257 peccate
825 4207 881 4243 nen
898 4198 1012 4260 poterat
1036 4195 1098 4241 sunt
1120 4189 1269 4256 producta.
1306 4186 1338 4240 Ρ.
1365 4191 1426 4242 207ε
1456 4187 1524 4240 laec
1553 4189 1649 4241 cadem
1677 4191 1792 4245 decreta
1815 4209 1869 4247 aas

177 4278 228 4331 loc
242 4276 348 4340 facere.
382 4279 408 4329 2.
429 4273 614 4346 Qstaecunque
632 4276 712 4328 Dens
724 4276 850 4345 praescit
866 4278 939 4347 sare,
957 4276 1011 4331 illa
1037 4281 1100 4327 sunt
1131 4273 1297 4342 sinspls'citer
1333 4281 1454 4327 aeterna.
1489 4272 1635 4329 Rationem
1674 4274 1757 4331 affert
1792 4293 1870 4334 eam-z

177 4363 264 4418 uoluit
281 4368 307 4417 et
319 4361 448 4416 decreuit.
476 4361 516 4415 Ae
529 4369 674 4431 peccatam
689 4362 905 4431 praesensere.
932 4365 1011 4432 Erpa
1039 4360 1134 4414 Omnis
1161 4376 1246 4413 casua
1265 4359 1353 4413 libera
1374 4359 1511 4413 antecedet
1531 4378 1610 4413 suum
1627 4362 1752 4430 effectum
1772 4364 1869 4418 ordine

173 4457 320 4520 peccatum
338 4448 427 4503 coluit
444 4455 469 4503 et
487 4449 615 4504 merevin
647 4451 673 4503 3.
695 4451 753 4504 Aut
771 4450 851 4504 Deus
864 4459 1011 4520 peccatam
1037 4446 1171 4515 temporis
1194 4462 1242 4498 seu
1267 4446 1434 4498 doratensis.
1470 4447 1545 4500 Nam
1568 4446 1658 4500 libera
1680 4449 1756 4504 acteo
1774 4450 1868 4505 wlan-

143 4554 149 4561 ·
177 4536 266 4592 saluit
292 4543 341 4590 aut
367 4535 471 4604 naluit,
501 4543 550 4588 ant
576 4551 663 4606 ssaqrse
689 4536 779 4589 noluit
804 4552 891 4605 neque
915 4536 1021 4594 voluit..
1037 4534 1103 4587 tatis
1129 4531 1286 4586 necessario
1305 4532 1512 4602 praesupponit
1534 4532 1764 4590 deliberationem
1782 4537 1813 4593 in
1829 4537 1868 4591 in·

179 4624 244 4677 Non
257 4628 351 4692 potest
368 4622 428 4676 dici
444 4622 580 4691 salense,
601 4621 669 4691 quia
687 4621 740 4675 illo
758 4622 865 4676 nolente
883 4622 953 4676 mfln'l
966 4623 1011 4693 fit.
1037 4619 1161 4688 tellecta,
1190 4619 1240 4689 qui
1268 4619 1340 4672 enim
1365 4616 1450 4673 libere
1473 4620 1596 4673 decernit
1624 4620 1739 4691 aliquid
1758 4626 1868 4694 facere,

178 4707 1011 4778 Nonpatestdics'necnaluissenecsoluisse,quiaqaaene·
1033 4707 1116 4777 prius
1139 4703 1289 4773 deliberat,
1315 4698 1463 4775 assuescam
1489 4708 1628 4761 decernat.
1663 4709 1704 4761 At
1729 4712 1811 4765 Deus
1831 4718 1869 4766 est

177 4814 230 4866 aare
246 4796 313 4863 eall,
329 4812 415 4864 neque
434 4813 490 4848 non
507 4794 573 4862 salt,
591 4792 645 4847 illa
663 4812 717 4848 nan
736 4802 824 4863 curat,
846 4812 912 4863 erpo
932 4803 1011 4849 cetra
1037 4812 1125 4848 causa
1148 4792 1238 4846 libera
1262 4800 1386 4862 respectu
1403 4793 1553 4847 liberorum
1571 4796 1751 4851 decretarum.
1790 4799 1869 4867 Erpa

173 4882 382 4953 prandentem
401 4881 462 4935 Dei
472 4887 619 4951 peccatum
638 4888 711 4934 esset.
743 4882 820 4950 Erpa
835 4881 930 4935 coiecit.
956 4881 1011 4937 sed
1037 4889 1159 4950 tempore
1178 4896 1226 4934 seu
1246 4880 1395 4933 alteratione
1415 4881 1551 4934 antecedit
1568 4898 1621 4933 sua
1639 4880 1763 4953 decena,
1782 4892 1807 4938 st
1816 4899 1869 4955 per

178 4975 231 5024 duo
253 4968 342 5041 prima
365 4972 530 5040 argumenta
552 4965 630 5021 falsis
653 4965 780 5023 nituntur
796 4966 1011 5040 hypothesibus3
1037 4984 1204 5037 consequens
1221 4984 1277 5020 non
1291 4973 1410 5036 pecarent
1432 4984 1490 5021 esse
1510 4968 1573 5021 Deo
1601 4975 1758 5023 cesennia.
1787 4968 1869 5041 Resp.

178 5055 214 5109 ad
233 5056 345 5112 tertium
363 5055 491 5126 jamdum
511 5071 681 5126 responsum.
731 5092 734 5100 -
1037 5052 1182 5109 confundit
1195 5052 1321 5108 Vorstius
1337 5051 1549 5108 intellectionem
1567 5059 1595 5108 et
1613 5052 1784 5111 voluntatem
1802 5055 1869 5111 diri-

213 5148 270 5199 eto.
303 5149 342 5199 10.
365 5142 443 5198 Deus
466 5141 602 5213 quaedam
619 5140 679 5196 vult
704 5158 735 5194 ea
753 5140 914 5195 necessitate
932 5149 1009 5195 nane
1023 5131 1103 5195 'nam
1125 5156 1188 5194 cum
1214 5138 1400 5194 intellectione
1424 5146 1452 5194 et
1469 5138 1609 5194 voluntate
1627 5138 1758 5196 humana.
1793 5141 1869 5199 Deus

178 5246 243 5295 rae,
265 5228 403 5301 quaedam
426 5229 519 5283 libere.
554 5227 596 5282 Ex
621 5228 783 5283 necessitate
806 5235 925 5281 naturam
944 5228 1010 5293 vult,
1036 5244 1092 5282 non
1116 5223 1245 5298 intelligit
1263 5227 1427 5289 succcssise,
1454 5243 1504 5282 nee
1523 5226 1583 5280 vult
1600 5226 1795 5298 deliberative,
1822 5229 1870 5286 sed

178 5332 250 5388 quae
268 5315 302 5372 de
318 5332 348 5372 se
365 5314 425 5387 ipso
443 5317 515 5386 vult,
539 5315 616 5370 nulls
638 5333 668 5386 re
685 5314 743 5370 sive
763 5312 916 5370 exmusivo
938 5313 1025 5370 intra
1038 5329 1108 5378 uuo,
1126 5309 1326 5383 simplicissimo
1346 5318 1374 5366 et
1391 5311 1508 5367 indiviso
1525 5311 1680 5368 intellectus
1699 5319 1727 5369 et
1745 5315 1870 5372 volunta·

178 5417 208 5456 se
231 5409 383 5473 pennotus,
405 5402 459 5460 hec
476 5401 559 5458 modo
583 5400 642 5456 vult
660 5419 689 5456 se
710 5401 814 5472 ipsum,
835 5417 914 5456 suam
932 5374 1072 5455 boni-'es
1099 5404 1163 5454 actu
1186 5397 1316 5471 iutelligit
1341 5404 1369 5454 et
1391 5397 1451 5454 vult
1469 5398 1575 5470 absque
1601 5399 1813 5458 ratiocinatione
1844 5410 1872 5460 et

178 5494 262 5544 tatem
288 5493 316 5544 et
341 5486 466 5559 gloriam.
503 5487 602 5543 Libere
628 5487 688 5543 vult
713 5503 785 5561 quae
813 5486 848 5542 de
875 5424 1247 5553 creaturisldcliberatione,
1277 5483 1393 5554 proinde
1422 5500 1477 5540 nou
1504 5484 1633 5556 producit
1661 5484 1691 5541 iu
1722 5503 1754 5544 se
1783 5506 1872 5547 noras
