3984 6022
197 268 257 326 593
724 295 726 298 ,
840 252 844 263 ·
883 224 1203 321 nocusousmus

196 413 309 470 ultionis
338 419 439 468 statum
469 411 619 466 scieramus
649 429 703 466 nou
738 410 826 465 solum
859 409 1031 481 passionem,
1059 422 1147 479 aspra
1165 427 1246 466 omne
1264 426 1373 478 nomen,
1391 414 1421 466 in
1439 411 1634 482 aesomnium
1655 408 1898 480 penaaflectenda

198 502 419 570 orum'fiaionem,
445 505 559 550 mortem
584 515 618 550 ac
641 498 815 566 sepulturam
836 497 957 564 Christi,
984 497 1033 552 sad
1060 499 1270 565 mansonario
1289 498 1361 553 Phil.
1383 504 1412 561 3,
1429 516 1454 554 r.
1473 504 1497 555 3.
1522 502 1567 561 1ος
1585 496 1630 553 vel
1646 502 1679 551 ut
1696 497 1726 551 iu
1745 495 1811 551 suis
1830 496 1897 554 sm-

198 587 282 644 etiam
300 584 386 656 ipsius
406 585 610 653 conceptionem
627 601 663 636 ac
683 583 873 653 nativitatem,
900 583 967 654 quia
994 582 1034 636 di·
1061 587 1159 653 pturae
1178 583 1260 638 dictis
1279 583 1454 654 describitur,
1473 590 1516 639 est
1527 583 1648 639 solennis
1666 578 1899 638 inthronisatioet

199 672 395 744 stinguendum
425 670 497 724 inter
527 670 749 723 incarnationem
777 677 801 722 et
829 668 1036 721 incarnationis
1062 669 1238 740 inauguratio
1257 669 1359 724 Christi
1375 685 1408 725 aa
1427 671 1540 725 mortuis
1556 669 1717 724 resuscitati
1737 669 1775 724 ad
1793 668 1899 740 plenam

198 761 317 813 maan.
352 755 494 810 Potuisset
522 755 574 810 Dei
597 754 685 828 Filius
711 755 872 810 immediata
896 754 1037 809 creatione
1062 771 1095 810 ac
1114 754 1266 826 perlectam
1289 755 1416 812 coelestis
1442 756 1550 828 imperii
1572 754 1786 827 usurpationem
1808 760 1838 810 et
1854 773 1900 828 gu·

199 845 349 899 humanam
368 849 495 896 naturam
513 841 632 896 tonuere
652 841 826 911 eandemque
852 841 881 894 in
902 856 1037 912 personae
1063 840 1252 896 humationem
1289 842 1359 897 coeli
1395 859 1428 896 sc
1459 848 1566 912 terrae,
1603 841 1731 920 inprimis
1762 840 1900 897 ecclesian

200 930 334 984 unitatem
351 926 617 991 assumendo-homo
634 926 712 994 fieri,
740 926 763 980 si
781 925 826 980 rel
844 926 962 982 maxime
981 944 1036 982 non
1065 926 1305 992 Quemadmodum
1323 929 1359 983 de
1380 926 1565 985 exinanitione
1584 928 1720 997 diximus,
1741 927 1820 1000 quod
1838 928 1902 983 mci·

200 1016 299 1070 luisset
317 1015 346 1067 in
363 1020 441 1068 utero
460 1013 555 1067 matris
573 1017 738 1082 conceptus,
765 1027 837 1082 quae
854 1011 921 1078 tuit,
949 1018 981 1066 ut
999 1013 1038 1066 sic
1066 1011 1159 1082 piatur
1177 1013 1302 1068 insensu
1319 1019 1378 1068 tum
1393 1014 1592 1079 ecclemastioa
1611 1021 1671 1069 tum
1691 1013 1812 1068 biblico:
1831 1015 1902 1068 itari

97 1148 100 1155 .
201 1104 308 1172 loquar,
325 1101 459 1153 nativitas
479 1101 600 1167 interna,
620 1098 648 1153 in
666 1105 745 1154 utero
757 1097 853 1151 matris
870 1116 921 1168 per
941 1115 1038 1153 norem
1065 1098 1248 1168 oppositionis
1267 1100 1301 1154 de
1319 1099 1487 1155 exaltatione
1504 1099 1576 1155 idem
1589 1097 1701 1155 omuino
1719 1100 1901 1155 statuendum.

202 1203 309 1241 memes
329 1192 454 1258 gestatus
472 1191 500 1240 et
520 1202 554 1239 ex
572 1191 652 1240 utero
671 1184 700 1238 in
719 1184 809 1238 lucem
834 1183 941 1252 editus,
967 1200 1040 1256 quae
1067 1184 1213 1237 Enattatio
1228 1186 1258 1238 in
1269 1203 1352 1239 sensa
1368 1187 1557 1239 ecclesiastico
1573 1191 1692 1256 accepta
1710 1191 1755 1241 est
1770 1184 1903 1242 humanus

89 1280 130 1321 111·
144 1277 190 1320 ⁶⁷¹·
201 1272 256 1327 init
273 1273 408 1326 amicitas
426 1279 547 1328 amana
574 1269 691 1325 Constat
703 1269 776 1324 enim
787 1269 928 1324 Ademum
944 1286 1040 1324 nerum
1067 1275 1181 1325 naturae
1200 1270 1230 1325 in
1249 1271 1339 1343 ipsam
1351 1271 1450 1343 Λόγον
1465 1267 1619 1326 ὑπόστασιν
1632 1271 1753 1335 evectio,
1773 1288 1846 1344 quae
1861 1289 1902 1327 ro

202 1359 289 1414 luisse
306 1357 453 1420 hominem,
472 1357 520 1427 qui
538 1362 631 1412 tamen
649 1373 700 1410 uec
718 1355 838 1410 iuutero
850 1372 901 1410 nec
915 1372 948 1410 ex
962 1363 1041 1412 utero
1067 1355 1124 1409 cari
1138 1352 1233 1426 'potest
1250 1357 1385 1411 esaltatio
1405 1359 1617 1412 incantationis.
1647 1357 1730 1413 Siout
1748 1365 1811 1424 erat
1827 1375 1903 1430 qnae

203 1450 294 1500 uatus.
321 1444 377 1499 Sed
397 1449 511 1514 propter
527 1461 580 1498 uos
598 1449 626 1498 et
638 1449 767 1503 ¹nostrum
788 1441 905 1497 salutem
922 1460 980 1497 uon
998 1459 1040 1496 ao·
1068 1441 1132 1495 dam
1151 1440 1322 1512 humiliatio,
1340 1444 1453 1515 quaudo
1472 1443 1560 1499 Filius
1576 1443 1630 1500 Dei
1648 1461 1682 1499 ex
1702 1460 1809 1500 arcana
1825 1448 1902 1517 ma}

204 1529 447 1597 iumhomoheri,
466 1529 615 1584 sedetiam
629 1545 661 1583 ex
679 1534 773 1583 nostra
792 1545 875 1584 carne
893 1531 1042 1582 humanam
1068 1526 1147 1582 statis
1173 1544 1239 1582 suae
1263 1530 1329 1584 sede
1352 1529 1483 1600 prodiens
1504 1529 1533 1584 in
1558 1546 1671 1586 mmem
1696 1535 1824 1585 nocuum
1848 1547 1903 1586 sese

204 1624 331 1671 usturam
357 1632 497 1669 assumere
522 1620 551 1668 et
575 1613 797 1683 infirmitatibus,
826 1632 897 1684 quae
923 1615 952 1667 in
978 1631 1041 1668 con·
1069 1614 1196 1683 demisit,
1223 1615 1263 1670 sie
1281 1617 1413 1672 exaltatio
1430 1617 1523 1671 noemi
1548 1620 1657 1688 potest,
1684 1616 1764 1688 quod
1791 1625 1904 1673 amunta

205 1703 333 1773 ceptione
355 1718 388 1754 ac
413 1701 558 1754 nativitate
577 1700 723 1754 infantulis
741 1700 868 1755 accidere
893 1716 1041 1754 consueve—
1069 1707 1169 1754 natura
1200 1700 1321 1756 humana
1350 1703 1377 1756 in
1407 1703 1495 1774 ipsam
1527 1700 1628 1774 Λόγου
1662 1701 1831 1774 hypostasin
1859 1720 1904 1776 par

206 1797 278 1857 runt,
295 1793 393 1859 sponte
406 1803 437 1840 sc
451 1787 542 1857 ipsum
559 1786 698 1856 subjicere
708 1785 804 1852 voluit,
822 1791 855 1841 ut
872 1786 1041 1840 immundam
1070 1785 1199 1841 unionem
1215 1788 1388 1858 personalem
1408 1795 1450 1843 est
1468 1796 1579 1857 evecta,
1604 1789 1740 1860 quodque
1757 1789 1787 1843 in
1811 1789 1904 1845 ummo

206 1881 328 1931 noemam
346 1872 556 1943 conceptionem
574 1877 603 1926 et
620 1870 793 1926 nativitatem
813 1871 997 1927 sanctificaret
1009 1890 1042 1926 ac
1070 1888 1103 1924 uc
1119 1889 1170 1941 per
1187 1873 1316 1929 unionem
1336 1874 1491 1929 divinorum
1509 1875 1673 1929 idiomatum
1696 1872 1812 1930 divinae
1827 1877 1904 1947 maje

207 1962 275 2033 ipsis
293 1958 448 2014 infantibus
466 1964 546 2013 utero
563 1957 655 2012 adhuc
673 1958 811 2013 conclusis
830 1958 946 2012 salutem
958 1959 1043 2030 impe
1070 1956 1149 2010 statis
1168 1964 1196 2012 et
1216 1960 1323 2030 gloriae
1340 1974 1404 2015 rere
1423 1977 1455 2014 ae
1474 1960 1585 2015 realiter
1602 1960 1749 2032 particeps
1766 1969 1810 2016 est
1827 1961 1904 2027 iaetu

123 2086 125 2095 .
207 2052 300 2102 tranet.
1072 2042 1145 2096 unde
1168 2043 1197 2097 in
1215 2044 1306 2099 medio
1320 2045 1512 2102 exinanitionis
1530 2052 1621 2114 maur,
1646 2053 1799 2120 antequam
1816 2049 1905 2120 plens-

242 2139 300 2190 305.
337 2131 399 2185 Hac
419 2130 455 2184 de
478 2147 507 2184 re
531 2127 714 2199 antiquissimi
739 2128 873 2184 ecclesiae
896 2129 1045 2200 scriptores
1070 2127 1139 2182 riam
1157 2128 1269 2185 dominii
1296 2131 1325 2185 in
1348 2133 1426 2187 coelo
1449 2149 1482 2186 ac
1505 2138 1580 2187 terra
1602 2133 1813 2204 usurpationem
1838 2135 1906 2189 acci·

207 2217 391 2290 pulcherrime
431 2215 471 2270 sic
500 2213 655 2269 disserunt:
694 2214 796 2270 lustin.
830 2214 858 2269 in
889 2215 953 2269 dial
981 2233 1045 2270 cum
1070 2221 1156 2283 peret.
1174 2218 1525 2273 vocaturrexetdominus
1538 2218 1682 2287 Lue.2,r.
1695 2225 1734 2276 11.
1755 2219 1905 2287 stamar,

206 2304 313 2374 Tryph,
330 2321 357 2374 p.
378 2307 443 2358 204:
471 2301 639 2371 petrarium
661 2301 868 2373 capnonosnttir
891 2300 1045 2374 ὑπέμεινεν,
1072 2317 1097 2353 ν.
1119 2307 1141 2354 5.
1168 2302 1230 2357 toh.
1252 2309 1291 2368 18,
1312 2323 1336 2357 ν.
1359 2310 1399 2359 37.
1437 2304 1576 2360 Exuitatio
1596 2306 1627 2359 in
1644 2322 1730 2360 sensa
1745 2307 1847 2361 biblico
1864 2324 1905 2361 ac·

207 2407 234 2462 p.
248 2394 313 2445 iii:
332 2385 379 2442 tsi
400 2389 442 2453 τῆς
462 2386 607 2458 παρθένου
625 2384 776 2454 ἄνθρωπος
795 2387 963 2456 γεννηθῆναι
980 2386 1045 2441 rint·
1072 2391 1153 2457 cepta
1169 2388 1283 2459 respicit
1301 2377 1412 2461 propris
1435 2391 1538 2446 dictum
1562 2391 1778 2449 exinanitionem
1796 2393 1906 2461 Phili,

206 2494 303 2550 μεινεν
320 2475 389 2546 (qna
405 2473 468 2544 ipsa
488 2487 557 2527 voce
577 2471 607 2526 in
624 2471 759 2556 passionis
783 2473 969 2544 descriptione
992 2474 1045 2528 uti-
1070 2489 1096 2526 r.
1116 2479 1139 2528 5.
1158 2472 1337 2546 descriptam,
1355 2494 1428 2549 quae
1446 2477 1539 2532 vocari
1556 2482 1651 2548 potest
1669 2479 1808 2534 mauau'o
1825 2481 1905 2549 aton·

207 2567 254 2617 tur
272 2559 355 2632 Apol.
377 2564 399 2614 2.
418 2576 468 2630 pro
486 2557 586 2613 Christ
603 2575 630 2628 p.
651 2563 696 2612 tt:
721 2557 850 2626 Christus
863 2567 984 2629 propter
1001 2576 1045 2612 sa·
1072 2560 1226 2630 trationis,
1247 2563 1380 2616 enaltatio
1399 2565 1441 2617 ad
1461 2564 1543 2618 DEI
1559 2565 1698 2618 electrum
1734 2565 1905 2622 Describitur

199 2640 293 2702 vintem
309 2646 367 2716 ipsi
384 2644 556 2698 credentium
575 2647 621 2696 sai
639 2643 859 2712 ἔξουθενηθῆναι
876 2648 921 2698 nni
944 2651 1046 2700 παοεῒν
1072 2645 1108 2701 ab
1125 2647 1249 2716 apostolo
1267 2649 1285 2703 l.
1305 2649 1332 2702 d.
1351 2648 1380 2703 in
1397 2649 1439 2702 hie
1457 2649 1548 2705 verbis
1567 2667 1593 2706 r.
1614 2656 1647 2707 s:
1686 2652 1811 2722 Propter
1836 2655 1906 2723 quod

207 2733 386 2806 ὑπέμεινεν).
424 2729 496 2784 iren.
524 2729 572 2783 lib.
593 2734 617 2799 3,
642 2746 666 2785 c.
694 2737 733 2789 30.
763 2748 789 2802 p.
819 2736 884 2787 1³7:
918 2730 1047 2784 cunnos
1072 2739 1097 2807 et
1124 2723 1236 2787 DEUS
1258 2734 1340 2788 suum
1360 2737 1580 2804 superexaltatit
1603 2743 1630 2790 et
1652 2753 1687 2792 en
1708 2739 1811 2806 praua
1835 2741 1906 2793 antu

209 2835 317 2874 omnem
335 2824 454 2871 aetatem
474 2817 658 2885 sanctificarit
673 2833 728 2886 per
749 2834 817 2886 eam,
837 2834 908 2887 quae
928 2826 990 2871 erat
1007 2820 1047 2871 ad
1072 2817 1120 2871 illi
1135 2836 1234 2873 nomen
1250 2837 1335 2890 snper
1356 2838 1434 2875 omne
1452 2839 1558 2892 nonus,
1578 2839 1603 2877 r.
1626 2828 1675 2878 10:
1703 2832 1736 2878 at
1753 2825 1786 2878 in
1804 2827 1905 2879 aornim

180 2939 181 2943 =
208 2909 301 2977 ipsam
317 2904 538 2958 similitudinem.
576 2903 676 2956 Omnes
694 2904 767 2957 enim
789 2903 863 2956 oeni
885 2919 940 2972 per
962 2912 1046 2957 semet
1072 2905 1143 2957 Jeca
1161 2922 1240 2959 omne
1258 2923 1329 2974 pena
1342 2909 1492 2976 flectatur,
1513 2908 1674 2962 coekstium
1692 2917 1719 2963 et
1737 2914 1904 2967 terrestrium

208 2995 302 3064 speum
318 2993 446 3059 salvare,
473 3007 566 3042 omnes
584 2991 715 3059 inquam,
744 2990 794 3059 qni
811 3006 867 3058 per
886 3007 948 3043 acm
966 3007 1046 3043 rena-
1073 2999 1099 3043 st
1116 2992 1310 3061 insanorum,-
1335 3010 1359 3049 r.
1382 2999 1426 3049 tl:
1451 3000 1477 3048 et
1501 2995 1590 3049 annu
1612 2995 1712 3064 linpua
1738 2999 1907 3068 confiteatur,

160 3081 166 3088 '
209 3087 324 3133 scantur
344 3078 374 3132 in
394 3080 487 3130 Denm
504 3077 644 3144 insontes,
663 3085 689 3128 ct
701 3077 839 3145 paruulos
857 3084 884 3130 et
899 3093 1002 3145 pueros
1022 3085 1047 3130 et
1073 3080 1150 3146 qnod
1167 3079 1307 3132 Dominus
1324 3080 1361 3132 eit
1380 3079 1508 3134 Christus
1532 3082 1618 3134 Jassss
1636 3082 1666 3134 in
1689 3082 1819 3151 pluriam
1838 3084 1909 3137 DEI

204 3167 322 3235 juvenes
340 3172 365 3217 et
382 3163 522 3228 seniores,
546 3163 610 3215 ideo
627 3179 683 3230 per
702 3179 808 3216 amnem
834 3163 907 3215 uenit
929 3171 1046 3216 actatmn
1077 3165 1179 3216 Patris.

211 3259 237 3305 ct
255 3250 414 3316 infantibus
435 3249 533 3309 infans
551 3250 653 3316 factas,
672 3249 851 3316 sanctificans
866 3249 999 3315 infantes,
1017 3251 1047 3302 in
1108 3255 1165 3304 307.
1202 3249 1361 3318 Subjeemm
1378 3251 1457 3305 utin
1476 3251 1675 3321 exinanitione,
1701 3254 1743 3307 ita
1763 3255 1795 3308 iu
1813 3254 1946 3309 erun-u

205 3336 337 3406 parvalis
351 3335 491 3404 paruulus
510 3335 690 3398 sancbficons
706 3334 778 3386 hanc
803 3335 895 3402 ipsam
919 3334 1047 3387 babentes
1073 3335 1148 3389 tione
1165 3341 1207 3389 est
1220 3335 1346 3389 Clas-istm
1358 3338 1451 3405 Jeme,
1469 3342 1502 3392 ut
1518 3337 1640 3392 ostendit
1650 3337 1804 3393 mlsuvum
1823 3339 1905 3394 αὐτόν,

210 3430 345 3489 aetatem,
363 3420 449 3474 mmai
466 3427 491 3472 st
511 3419 742 3488 coempta-millis
758 3420 874 3488 pietatm
891 3421 1003 3489 effectus
1020 3427 1047 3473 et
1073 3421 1161 3475 Plena
1176 3420 1262 3492 igitur
1272 3422 1424 3493 propositio
1440 3422 1593 3493 apostolica
1611 3423 1651 3478 sic
1669 3423 1769 3491 habet,
1791 3426 1905 3481 runnu

204 3509 336 3577 justitiae
355 3515 380 3560 et
399 3505 586 3574 subjectionis.
622 3506 776 3558 Jaomilns
798 3506 930 3573 jasonis,
961 3523 1047 3560 cccm-
1072 3506 1168 3570 iesus‚
1191 3506 1239 3577 qui
1257 3523 1287 3561 se
1307 3506 1398 3577 ipsum
1418 3507 1570 3562 exinanivit
1585 3507 1676 3563 forma
1697 3511 1774 3566 servi
1798 3517 1906 3584 accepta

211 3595 290 3663 plum
302 3593 460 3663 juvenibus,
474 3593 549 3661 fiens
568 3598 594 3644 et
612 3591 793 3657 sanctificans
812 3593 943 3659 Domino,
961 3593 1003 3646 sic
1022 3601 1047 3647 et
1074 3598 1103 3646 et
1127 3608 1157 3646 se
1182 3591 1274 3662 ipsum
1299 3591 1457 3647 humiliavit
1483 3593 1574 3648 iactus
1601 3593 1736 3649 obediens
1763 3614 1853 3668 usque
1875 3597 1905 3651 ad

210 3681 306 3734 senior
331 3679 361 3732 in
385 3677 556 3745 senioribus,
582 3683 612 3729 nt
634 3677 671 3729 sit
691 3678 836 3746 perfectus
860 3678 994 3745 maphter
1017 3680 1047 3731 in
1073 3683 1189 3734 mortem
1207 3677 1307 3747 crucis,
1325 3682 1368 3733 cet
1383 3695 1401 3733 a
1417 3678 1502 3735 Patre
1519 3680 1632 3735 coelesti
1650 3681 1799 3737 multatus
1828 3682 1907 3738 Recte

212 3767 336 3820 omnibns
353 3783 409 3818 non
426 3763 517 3817 solnm
528 3763 680 3816 secandam
698 3762 897 3831 eapositionem
914 3764 1049 3828 veritatis,
1074 3763 1190 3834 proinde
1210 3763 1327 3818 dicimus
1346 3763 1537 3836 crisopacion
1552 3781 1701 3836 personam
1729 3768 1906 3839 compositam

120 3856 125 3878 ¹
212 3855 264 3906 secl
280 3852 432 3906 secundam
451 3856 570 3902 aetamm
581 3849 761 3918 sanctificans
774 3850 856 3902 simul
874 3858 900 3903 et
916 3851 1049 3919 seniores,
1074 3855 1160 3904 totam
1183 3847 1284 3904 Christi
1314 3852 1459 3920 personam
1488 3867 1548 3905 esse
1574 3857 1608 3905 ut
1632 3851 1804 3908 munitam
1833 3861 1908 3926 atque

212 3937 260 3993 lib.
282 3944 311 4007 3,
336 3952 359 3990 α.
379 3941 402 3990 t.
423 3952 450 4005 p.
472 3938 533 3988 17²:
562 3934 690 3989 cbristus
711 3934 769 3987 Dei
784 3934 880 3987 Filius
899 3953 959 3988 eam
979 3954 1050 4005 puae
1075 3935 1241 4000 exaltatam,
1269 3935 1391 3991 actiones
1416 3935 1488 3990 enim
1515 3943 1544 3989 et
1568 3935 1711 4005 passiones
1736 3947 1806 3994 sunt
1831 3939 1908 3994 totins

212 4033 251 4078 nst
279 4041 312 4078 ea
336 4022 444 4090 sirpine
468 4020 674 4089 concretionem
691 4019 840 4084 sustinuit,
865 4021 926 4089 epse
947 4037 1003 4090 per
1020 4038 1049 4076 se
1075 4021 1226 4092 compositi.
1264 4020 1318 4076 Sed
1336 4021 1359 4075 si
1376 4038 1459 4092 porro
1480 4027 1643 4093 quaeratur,
1669 4039 1734 4078 cum
1759 4024 1789 4079 iu
1808 4025 1909 4080 Christo

212 4112 350 4165 bominem
368 4110 501 4162 Menona
514 4108 595 4173 Deo,·
615 4104 676 4158 libr.
697 4111 720 4173 3,
741 4121 764 4158 c.
786 4111 825 4160 30.
845 4124 872 4177 p.
891 4111 956 4162 tlt:
992 4109 1050 4161 Per
1076 4109 1148 4163 duae
1160 4108 1216 4162 sint
1228 4115 1353 4176 naturae,
1372 4109 1504 4164 humet
1515 4109 1644 4178 humana,
1662 4112 1820 4167 secundum
1834 4129 1908 4183 quau

213 4214 320 4252 omnem
337 4195 410 4248 uenit
427 4200 545 4246 aetatem
563 4191 688 4246 omnibus
706 4191 853 4245 restituens
879 4208 954 4260 eom,
979 4210 1050 4262 meaa
1076 4202 1203 4250 naturam
1222 4193 1332 4251 Christo
1352 4195 1491 4251 tribuatur
1508 4196 1659 4251 exaltatio?
1688 4199 1908 4268 respondendum

213 4291 254 4337 est
268 4284 310 4337 ad
321 4283 423 4348 Deum,
436 4277 651 4334 communionem
657 4297 669 4345 ,·
683 4275 744 4330 libr.
753 4276 842 4346 ejusd.
855 4294 878 4331 c.
892 4283 932 4332 31.
944 4295 971 4350 p.
986 4284 1049 4335 22οε
1076 4288 1118 4336 est
1137 4280 1289 4335 secuudum
1301 4278 1449 4336 humanam
1467 4286 1602 4345 naturam,
1621 4286 1653 4335 ut
1669 4282 1756 4353 paulo
1774 4292 1840 4354 post
1854 4302 1908 4339 cou-

215 4368 309 4432 Qnure
336 4384 392 4422 nan
420 4366 521 4419 iterum
548 4363 646 4417 snmmt
672 4363 769 4417 limam
793 4364 872 4417 Deus
898 4365 938 4431 (et
960 4382 994 4420 ex
1018 4381 1051 4421 co
1076 4365 1213 4422 firmatum
1232 4366 1367 4421 dabimus.
1404 4366 1499 4437 Atque
1517 4365 1546 4421 iu
1573 4384 1605 4422 eo
1624 4366 1758 4424 exaltmio
1783 4369 1908 4425 insensu

212 4454 342 4510 formavit
357 4452 507 4507 humanam
526 4446 628 4504 Christi
645 4454 785 4517 naturam,
805 4449 878 4505 sicut
894 4450 923 4505 in
942 4451 1051 4509 Adamo
1076 4451 1180 4509 biblico
1200 4457 1228 4506 et
1254 4452 1364 4524 proprie
1389 4458 1505 4522 accepta
1526 4452 1563 4508 ab
1591 4453 1762 4509 exaltatione
1784 4455 1814 4509 in
1837 4473 1910 4512 amau

212 4539 414 4606 exstinctum),
433 4539 484 4591 scd
502 4553 535 4591 ea
553 4535 655 4590 Maria
676 4544 809 4605 operatas
827 4544 867 4591 est
883 4536 1050 4605 plasmatio
1078 4536 1264 4595 ecclesiastico
1279 4545 1396 4610 accepta
1415 4539 1602 4612 distinguitur.
1638 4539 1692 4594 Illa
1718 4541 1797 4596 cuim
1823 4541 1910 4597 tribui·

211 4646 274 4682 nem
285 4627 373 4698 fieris
399 4633 504 4679 utnon
524 4623 586 4677 alia
599 4624 758 4692 plasmatio
770 4624 867 4693 fieret,
887 4639 974 4693 neusse
990 4625 1052 4678 alia
1078 4631 1124 4680 tur
1140 4640 1275 4695 personae
1293 4630 1433 4695 συνθέται,
1456 4626 1506 4680 sed
1523 4627 1674 4681 meandum
1694 4624 1848 4682 humanam
1869 4644 1912 4681 ua-

212 4722 283 4769 escet
299 4712 470 4783 plasmatio,
496 4726 566 4780 prcus
592 4711 769 4778 salvaretur,
794 4711 845 4763 sed
865 4711 963 4764 eadem
987 4711 1053 4780 ipsa
1078 4717 1186 4780 turam,
1210 4710 1326 4781 perinde
1349 4717 1382 4765 ut
1405 4710 1554 4767 exinanitio
1581 4711 1692 4782 proprie
1720 4712 1801 4768 dicta
1823 4712 1912 4767 iudan

211 4799 451 4870 recapimloretnr
470 4805 583 4851 seruata
596 4796 791 4851 similitudine.
827 4795 950 4851 Hilarius
964 4796 1011 4852 lib.
1027 4803 1051 4853 2.
1079 4814 1212 4870 personae
1230 4796 1398 4868 compositae
1416 4797 1474 4852 aire
1491 4795 1600 4852 Christo
1620 4796 1803 4868 ascripsimus
1823 4815 1913 4853 amun

47 4944 51 4952 ,
146 4903 153 4916 “
212 4887 249 4943 de
269 4887 333 4940 uin.
359 4901 387 4955 p.
407 4890 455 4939 20:
488 4883 549 4938 Dei
564 4884 659 4950 imapo
683 4881 832 4936 invisibilis
847 4884 988 4953 pudorem
1004 4884 1052 4938 Ιια·
1078 4885 1145 4940 dum
1160 4883 1361 4939 humanitatem
1377 4882 1517 4952 tribuitur,
1536 4882 1605 4938 hauc
1624 4899 1690 4938 vcro
1711 4883 1855 4940 humanae
1871 4901 1913 4938 ua·

213 4972 291 5027 mani
315 4971 426 5025 euordii
451 4987 507 5024 non
531 4969 689 5037 recucurrit,
718 4977 745 5023 et
765 4985 821 5037 per
847 4971 1053 5040 conceptionem
1078 4977 1157 5025 turae
1179 4968 1325 5037 tribuitur,
1351 4969 1424 5023 sicut
1441 4967 1590 5024 exinanitio
1608 4968 1763 5040 improprie
1784 4971 1816 5024 in
1838 4984 1914 5025 sensu

207 5065 342 5128 partam,
370 5057 494 5126 capitum
519 5064 545 5110 et
571 5072 659 5109 canas
682 5071 774 5109 omnes
797 5062 910 5110 nocuae
934 5063 1052 5112 nmmos
1078 5054 1265 5111 ecclesiastico
1283 5062 1400 5126 accepta
1420 5054 1530 5109 divinae
1551 5058 1669 5111 naturae
1691 5071 1727 5111 ac
1746 5053 1835 5126 Λόγῳ
1856 5057 1914 5110 siru-

213 5144 397 5199 contnmelias
423 5142 610 5211 comannis,
639 5141 785 5195 humilitas
810 5141 872 5210 ejas
891 5149 989 5210 nostra
1012 5151 1053 5197 est
1078 5141 1146 5213 plici
1164 5140 1301 5196 tribuitur.

213 5231 356 5293 nobilitas,
375 5224 544 5284 contumelia
561 5229 622 5296 ejus
641 5235 735 5282 noster
752 5228 848 5281 honor.
1114 5232 1172 5283 308.
1209 5229 1259 5281 Act
1280 5228 1482 5295 praedicatum
1512 5225 1647 5297 pertinet:
1683 5232 1706 5281 i.
1729 5226 1914 5300 inspeluncare

85 5325 120 5366 D·
140 5325 201 5364 suin
250 5321 308 5371 306.
343 5315 442 5372 Thesis
461 5319 490 5371 3:
522 5314 671 5368 Enaltatio
695 5323 737 5368 est
764 5315 836 5369 Jeta
859 5313 967 5369 Christi
986 5324 1054 5385 post
1078 5313 1316 5383 supercaaltatio,
1351 5313 1381 5366 in
1415 5330 1551 5366 summam
1582 5311 1784 5367 sublimitatem
1811 5317 1914 5374 enacim.

86 5374 175 5470 biiii:
215 5403 401 5457 obedientiam
419 5403 461 5455 aci
477 5409 593 5455 mortem
608 5417 695 5470 nsqtse
719 5401 812 5453 crucis
832 5402 1000 5470 praestitam
1023 5403 1053 5455 in
1078 5418 1166 5468 snpra
1182 5401 1296 5454 modum
1317 5399 1464 5465 multatio,
1481 5414 1564 5468 quam
1584 5395 1732 5466 emphasin
1751 5400 1915 5471 praepositio

214 5504 351 5545 mnam
365 5488 563 5542 sablinritatem
582 5487 682 5542 mettio
706 5494 732 5540 et
757 5487 890 5552 noncinis,
914 5490 991 5559 qaod
1013 5495 1052 5541 est
1080 5484 1148 5559 intp
1161 5486 1247 5542 verbo
1261 5482 1380 5555 simplici
1398 5483 1494 5539 addita
1511 5481 1645 5552 exprimit.
1670 5482 1728 5537 Dn.
1743 5479 1915 5542 Chemuicins
