3984 6022
743 272 796 326 nu
813 270 1029 330 eeuwruus
1049 274 1180 331 meus
1736 266 1795 375 tu

97 425 286 480 hauriendum
309 427 403 480 deuote
427 443 461 479 ac
481 426 547 495 pie,
570 433 602 480 ut
622 441 692 479 uera
709 425 812 496 relipio
830 426 935 495 poscit,
963 445 1010 481 sus
1033 429 1075 482 acl
1090 428 1210 482 saltuem
1227 429 1382 484 consulitur
1398 429 1549 495 unicasis,
1571 446 1640 500 quos
1658 429 1798 485 Dominus

97 513 222 566 accedat.
248 510 296 567 lib.
322 517 345 567 2.
372 512 407 566 de
428 518 534 582 peccat
560 511 648 568 merit.
669 515 697 567 et
716 510 932 568 remiserit:
960 514 1073 569 saloare
1102 515 1256 584 stipantum
1288 516 1328 569 ibi
1354 523 1394 570 cst
1420 518 1495 586 quod
1522 516 1599 570 omni
1621 516 1710 570 aetati
1733 534 1797 571 con·

98 599 167 652 Etsi
185 598 324 668 quidlibet
344 599 444 652 horum
462 599 503 664 (in
522 597 681 670 quaestione
699 598 735 652 de
752 596 859 669 origine
875 596 934 651 eui-
959 608 1055 669 praet,
1080 601 1121 654 ibi
1145 604 1221 671 quod
1243 604 1321 657 omni
1337 603 1516 673 professioni
1536 603 1686 656 conomiat.
1728 599 1797 656 Gre-

96 701 158 738 mae
190 688 218 738 et
244 683 305 738 aliis
331 683 530 754 gravionbus),
563 684 795 754 quemadmodum
821 685 933 737 demon·
959 686 1052 757 gorius
1070 687 1099 741 in
1118 687 1225 758 epistol.
1245 688 1281 743 ad
1299 688 1418 744 Leandr.
1455 689 1608 758 Scriptura
1629 697 1670 742 est
1680 688 1796 757 firmius,

95 771 186 845 strari
212 778 239 824 et
266 769 405 839 replicari
432 770 539 838 possit,
571 770 711 838 ipnorcm;
740 768 817 822 illud
840 777 933 822 tamen
959 771 989 823 in
1013 789 1066 840 quo
1090 773 1203 842 elephas
1227 781 1307 828 natat
1333 783 1359 828 et
1377 793 1465 844 apnus
1479 774 1599 845 peditat.
1635 773 1669 828 In
1687 773 1796 829 morali·

96 848 196 920 medo,
222 857 300 925 qnsod
322 856 406 909 etiarn
423 856 488 909 hinc
506 855 666 908 cleps'ncrum
685 854 857 924 elapsiomuu
876 855 931 908 cla·
959 856 1026 911 bus:
1056 857 1205 928 Scriptura
1224 868 1263 912 est
1280 860 1357 912 cibcus
1375 859 1405 912 iu
1425 859 1642 921 obscurioribus,
1663 867 1748 928 potus
1765 859 1795 912 in

95 942 213 996 rissima
230 941 385 996 auctoritas
404 949 486 1009 essct,
509 941 537 993 si
550 941 631 994 homo
650 941 729 994 istud
745 941 803 993 sinc
821 940 933 1010 dispen-
959 942 1154 1010 apertioribus.
1203 942 1319 999 Carolus
1348 944 1467 1016 Magnus
1501 943 1573 999 libro
1604 944 1728 1000 seeundo
1761 944 1795 999 de

95 1028 145 1080 dio
182 1028 285 1081 salsam
322 1027 455 1094 ipnorarc
490 1044 545 1080 non
577 1033 681 1095 posset.
711 1025 759 1082 lib.
792 1030 816 1080 5.
848 1029 934 1080 contr.
958 1026 1071 1099 imagin.
1090 1045 1113 1082 c.
1134 1034 1179 1085 30:
1202 1030 1311 1083 Divina
1331 1029 1479 1100 Scrsptura
1499 1038 1539 1084 est
1557 1030 1605 1083 lua
1623 1030 1794 1094 mortalium,

95 1111 200 1168 Julian.
232 1130 255 1168 σ.
279 1118 301 1169 1.
335 1111 513 1183 reprehendit
536 1111 706 1167 haereticum
735 1111 828 1176 illum,
858 1113 935 1180 quod
960 1112 1067 1167 dicente
1100 1115 1251 1184 propheta,
1291 1115 1406 1169 lucerna
1437 1116 1558 1185 pedibus
1587 1115 1655 1170 neu
1684 1112 1795 1169 rabum

98 1198 311 1269 Scripturarum
329 1198 530 1265 difficultatem
548 1203 742 1267 euapperaret,
767 1213 867 1267 easque
884 1199 933 1251 do
961 1206 1052 1266 tuum,·
1078 1208 1118 1252 est
1141 1200 1313 1254 tenebrarum
1334 1201 1485 1267 discussio,
1511 1201 1618 1255 dicente
1637 1200 1795 1262 Salomone,

95 1285 148 1337 ctis
174 1292 280 1338 tantum
308 1285 454 1338 conuenire
480 1283 595 1338 diceret.
622 1282 696 1337 Psal.
722 1287 751 1337 8:
780 1283 933 1336 inclinauit
960 1283 1075 1336 lucerna
1094 1293 1134 1337 cst
1153 1287 1314 1338 orandorum
1332 1286 1409 1353 lepis.
1429 1284 1656 1356 Theophylaatus
1674 1285 1739 1340 inc.
1754 1291 1793 1342 16.

96 1372 177 1424 Deus
196 1371 362 1439 Scripturas
386 1372 426 1424 ad
447 1369 601 1435 infantium
624 1375 651 1421 et
672 1368 831 1421 humentium
849 1385 932 1437 capa·
960 1367 1028 1424 Luc.
1066 1370 1230 1440 Scripturas
1256 1379 1319 1424 sunt
1344 1370 1436 1424 instar
1458 1372 1589 1425 lucernae
1611 1374 1652 1425 ad
1666 1371 1795 1437 furtivas

95 1456 215 1509 citatem
240 1471 316 1510 conc.
341 1461 382 1511 23.
406 1455 435 1511 in
453 1455 525 1510 Psal.
548 1461 609 1511 119:
641 1453 724 1518 Quod
746 1453 791 1507 hic
809 1454 863 1520 ait,
893 1453 932 1506 lu·
960 1455 1160 1509 baeretimrum
1185 1456 1309 1510 latebras
1333 1457 1508 1525 deterendos.
1544 1455 1722 1511 Bemhardus
1740 1474 1795 1511 ser·

95 1557 180 1594 cerna
198 1541 321 1610 pedibas
343 1542 412 1594 meis
433 1542 544 1595 uerbum
567 1547 643 1593 tuum
667 1548 692 1593 et
716 1539 807 1592 burnan
827 1539 933 1592 semitis
960 1557 1030 1594 mon.
1059 1542 1094 1595 de
1117 1541 1208 1597 verbis
1226 1541 1342 1612 sapient.
1386 1543 1500 1595 Justum
1519 1543 1634 1595 deducit
1653 1543 1792 1597 Dominus

94 1627 172 1695 meis,
191 1628 302 1681 rubum
322 1636 371 1696 cst,
392 1629 469 1698 quoe
487 1627 644 1697 Scripturss
660 1626 752 1678 sacris
769 1626 931 1679 continetur.
956 1643 1009 1694 per
1033 1627 1094 1679 vias
1123 1635 1220 1682 rectcss.
1260 1629 1329 1683 Viae
1360 1629 1479 1682 Domini
1507 1629 1568 1681 riae
1595 1636 1701 1698 rectae,
1731 1629 1793 1681 niae

93 1716 130 1769 tr.
148 1712 212 1767 Act.
237 1718 277 1768 21.
295 1713 325 1768 in
342 1711 405 1770 Joh.
449 1713 541 1775 Quare
560 1712 735 1779 dictasunt,
759 1710 817 1762 nisi
832 1718 862 1764 ut
878 1712 931 1764 sci·
956 1711 1107 1781 pulchrae,
1135 1713 1198 1766 ciae
1216 1715 1334 1783 plenae,
1362 1715 1424 1768 viae
1445 1713 1562 1784 planae.
1606 1714 1711 1768 Rectus
1733 1714 1793 1768 sine

94 1801 202 1852 antur!
227 1816 314 1869 meare
334 1806 501 1863 sonuerunt,
525 1797 585 1850 οἱοί
598 1806 630 1850 ut
646 1797 822 1850 audiantur!
845 1813 932 1866 quare
959 1813 1061 1864 errore,
1080 1799 1148 1867 quia
1166 1801 1271 1853 ducunt
1290 1801 1332 1853 ad
1348 1800 1451 1865 vitam;
1466 1801 1606 1871 pulchras
1622 1801 1682 1854 sine
1699 1801 1792 1871 sorde,

94 1885 281 1954 meditarent,
298 1885 396 1938 nisiut
409 1884 622 1952 tnutttpamnrt
641 1884 740 1953 Neque
758 1883 830 1936 enim
850 1882 932 1936 uellet
958 1883 1026 1952 quia
1054 1886 1154 1939 docent
1178 1886 1355 1955 mauditum,-
1380 1887 1483 1956 plenae
1509 1886 1699 1956 muldhsdine,
1724 1887 1791 1957 quia

95 1970 198 2038 dicere
219 1971 296 2040 quod
312 1970 398 2025 nollet
415 1969 542 2037 intellipi.
580 1968 674 2032 Quare
694 1968 834 2022 Dominus
852 1969 932 2022 Deus
958 1975 1032 2022 totus
1045 1970 1110 2038 jam
1136 1972 1256 2023 mundas
1280 1979 1319 2024 est
1337 1972 1412 2025 intra
1434 1971 1540 2025 Christi
1557 1990 1705 2041 saponem·
1726 1973 1792 2042 pla·

94 2056 189 2109 uolens
214 2055 287 2109 nihil
306 2064 432 2124 opertum
451 2071 511 2108 esse
529 2054 628 2122 voluit,
653 2070 740 2123 nepae
758 2054 871 2123 aliquid
888 2070 931 2106 oc·
958 2072 1012 2109 nae
1029 2055 1088 2108 sinc
1108 2056 1290 2126 dissimultate,
1309 2058 1378 2127 quia
1396 2059 1502 2111 donant
1519 2059 1691 2112 suauitatem.

95 2141 224 2209 aclmust,
251 2142 320 2210 prin
340 2142 437 2210 potius
464 2141 563 2195 literm
588 2141 667 2194 nobs's
693 2141 815 2209 scriptos
839 2139 933 2192 radiis
994 2144 1053 2195 423.
1081 2140 1133 2196 Vis
1156 2139 1279 2196 veniis
1297 2141 1471 2212 quorundam
1488 2142 1709 2199 adversariorum
1729 2159 1792 2198 eon·
1807 2143 1890 2185 ⁸⁸⁶¹·-

95 2227 165 2280 solis
192 2230 317 2296 aptiores
344 2229 533 2298 clarioresque
558 2243 618 2280 csse
643 2227 738 2282 volam.
778 2225 823 2280 De
850 2241 932 2295 opere
958 2225 1104 2282 sessionem
1121 2226 1202 2281 nobis
1221 2226 1438 2283 consentientem
1457 2229 1578 2283 extorsit.
1605 2226 1792 2300 Hieronymus
1806 2195 1919 2287 parm:

97 2312 222 2367 Monaah.
251 2311 343 2383 eapite
370 2331 456 2368 nono:
494 2313 549 2376 Qui
574 2313 658 2365 verba
686 2311 851 2380 Scripturas
877 2329 931 2364 non
959 2311 995 2366 ab
1015 2311 1140 2367 Oleastro
1159 2312 1188 2366 in
1208 2328 1232 2366 e.
1251 2317 1292 2367 30.
1308 2313 1459 2368 Deuteron.
1483 2313 1710 2379 Gratificandum
1728 2316 1792 2369 Deo
1806 2308 1863 2339 ¹⁰¹⁰·

96 2399 271 2466 intellipunt‚
297 2406 347 2452 aut
372 2416 401 2452 se
428 2416 484 2452 non
503 2397 659 2466 intellipere
678 2398 804 2466 finpunt,
833 2404 932 2449 nostra
957 2398 1056 2463 valde,
1077 2400 1164 2468 prod,
1183 2415 1256 2468 meae
1272 2406 1336 2451 sunt
1353 2399 1514 2453 necessaria
1531 2400 1722 2469 adsalutem,
1739 2402 1792 2467 fa-

97 2484 184 2537 multo
212 2485 304 2537 minus
327 2484 496 2552 intellipunt,
522 2483 566 2536 sel
583 2499 613 2536 se
630 2481 784 2551 intellipere
799 2483 931 2552 profiten-
959 2483 1027 2536 cils'e
1053 2483 1130 2547 fecit.
1165 2483 1286 2538 Thomas
1308 2472 1337 2537 i'n
1362 2488 1386 2539 2.
1405 2482 1527 2539 Corinth.
1552 2490 1582 2553 i,
1605 2503 1630 2538 v.
1649 2489 1673 2540 3.
1712 2485 1794 2547 Qrsod

97 2576 151 2637 tur,
167 2568 225 2622 nisi
240 2571 316 2631 forte
328 2577 482 2638 propterea
501 2568 555 2621 cito
569 2567 727 2636 intellipant
740 2574 846 2634 nostra,
865 2554 932 2637 puio
959 2568 1042 2621 multi
1063 2587 1119 2622 non
1143 2569 1302 2638 intellipunt
1319 2568 1506 2638 euangelium,
1528 2586 1615 2624 causa
1631 2576 1670 2624 est
1687 2588 1743 2623 non
1762 2588 1794 2625 er

97 2655 261 2708 conceditur
289 2655 330 2708 eis
357 2653 497 2707 intellecta
528 2653 670 2720 deridere,
701 2653 737 2706 de
766 2651 933 2720 Scripturas
956 2661 1039 2724 parte
1057 2653 1204 2723 coanpclii,
1224 2655 1275 2708 ssd
1285 2662 1405 2724 propter
1419 2655 1643 2709 incredulitatem
1660 2673 1693 2710 ac
1712 2655 1794 2710 mali-

96 2740 187 2793 uerbs's
211 2758 266 2793 non
282 2740 325 2793 ita
343 2739 513 2793 conceditur.
547 2740 704 2806 Propterea
724 2738 773 2790 ubi
789 2738 873 2791 aliter
891 2755 932 2791 se·
959 2739 1027 2793 Sam
1052 2741 1201 2794 hominum.
1227 2747 1299 2810 part.
1329 2747 1349 2795 1.
1376 2757 1403 2811 q.
1432 2747 1453 2794 1.
1478 2746 1529 2797 art.
1555 2746 1580 2797 9.
1603 2756 1677 2811 resp.
1702 2742 1739 2796 ad
1763 2747 1793 2798 2:

97 2828 218 2880 mondum
240 2843 320 2879 suam
344 2825 505 2879 sententiam
529 2823 712 2894 interpretari
730 2840 787 2876 non
806 2832 933 2893 possunt,
960 2828 1020 2892 Ea,
1049 2842 1120 2895 quoe
1145 2826 1175 2878 in
1198 2843 1253 2879 uno
1279 2826 1340 2880 loco
1363 2825 1529 2895 Scripturas
1550 2827 1600 2879 sub
1622 2828 1794 2898 metaphoris

96 2913 181 2967 stiam
207 2913 289 2966 clara
315 2919 341 2964 ct
361 2911 527 2979 manifesta,
556 2910 675 2964 obscura
699 2916 725 2962 et
746 2910 853 2963 incerta
874 2926 932 2963 esse
960 2911 1104 2977 dicuntur,
1140 2911 1170 2963 in
1206 2910 1274 2964 aliis
1305 2896 1376 2964 locis
1406 2911 1561 2980 expressius
1588 2920 1792 2982 proponuntur.

96 2999 278 3068 respondent,
301 2997 370 3067 plia
392 3003 418 3050 ct
432 3012 528 3066 praua
552 3003 578 3049 et
595 3011 732 3065 peruersa
757 2996 849 3049 diem
876 3014 932 3049 non
959 2995 1156 3052 Genebrsrdus
1179 2995 1208 3049 in
1232 2995 1308 3050 Psul.
1336 3001 1376 3052 18.
1401 3000 1519 3051 testatur
1543 2996 1651 3069 sliquos
1675 2999 1710 3051 de
1736 3006 1794 3052 tota

97 3086 209 3138 audent.
244 3082 330 3139 Serm.
351 3086 389 3137 11.
408 3081 442 3136 de
459 3079 544 3136 verbo
561 3080 673 3136 Domini
691 3081 742 3136 col.
760 3085 807 3136 41:
832 3082 931 3134 Pasci·
960 3083 1109 3153 Scriptura
1145 3082 1197 3135 hoc
1234 3081 1372 3150 accipere,
1410 3083 1487 3151 qrsod
1520 3080 1617 3136 omlos
1648 3080 1794 3137 illuminet.

96 3186 159 3224 mm
184 3168 304 3238 apertis,
329 3183 486 3221 eaercensur
503 3167 635 3220 obscuris.
671 3165 792 3237 Cyrillus
811 3165 931 3221 Alexan·
958 3168 1122 3225 Ambrosius
1140 3167 1306 3223 catherinus
1323 3168 1352 3221 in
1370 3183 1467 3222 comm.
1486 3173 1510 3223 2.
1527 3166 1645 3223 'timoth
1664 3173 1692 3224 3:
1718 3167 1793 3222 Scri-

40 3273 83 3317 m
96 3255 167 3310 drin.
186 3254 235 3310 lib.
256 3260 279 3310 7.
297 3258 394 3308 contm
409 3252 554 3308 lulianum
571 3251 617 3321 ait,
639 3251 810 3322 Scripturas,
828 3260 859 3306 ut
876 3271 931 3307 ons·
956 3263 1059 3326 pturas
1082 3254 1123 3309 sit
1144 3254 1304 3323 praestanti
1322 3254 1412 3324 fidem
1434 3269 1465 3306 se
1485 3253 1592 3320 faciles
1607 3254 1745 3322 praebere
1768 3261 1793 3308 et

96 3342 178 3394 nibus
196 3348 286 3394 essent
302 3347 399 3408 notae,
419 3339 529 3407 mapnis
548 3345 574 3391 et
587 3338 702 3407 parvis,
723 3337 830 3392 utiliter
846 3339 932 3401 fami·
952 3341 1122 3408 familiares
1155 3340 1197 3392 ad
1226 3338 1410 3407 capnitionem
1441 3339 1495 3395 sui.
1541 3337 1639 3393 Matth
1672 3337 1793 3394 Breden·

96 3428 168 3481 liari
195 3442 320 3481 emmone
350 3426 558 3479 commendatas
590 3441 662 3493 csse,
696 3423 738 3477 ita
767 3433 798 3478 ut
825 3425 932 3480 nullius
959 3425 1073 3481 bachius
1096 3424 1126 3478 in
1150 3423 1260 3495 apolog.
1284 3442 1312 3495 p.
1337 3427 1378 3479 93.
1410 3424 1522 3492 suadet,
1549 3432 1580 3478 ut
1605 3426 1647 3479 ad
1666 3424 1794 3496 reprobam

96 3522 210 3584 captam
227 3514 437 3568 transcendant.
456 3509 506 3566 lib.
524 3517 549 3567 9.
567 3515 664 3565 conus
677 3509 832 3565 lulianum:
851 3512 933 3565 Nihil
958 3514 1155 3566 mandatorum
1176 3506 1250 3580 Dei,¹
1264 3524 1335 3580 prae
1351 3526 1401 3564 nec
1422 3511 1541 3565 obscura
1558 3519 1629 3580 sunt,
1647 3528 1697 3566 nec
1715 3510 1793 3582 diffl-

95 3609 136 3655 est
162 3598 285 3670 difficile
310 3599 361 3666 iis,
396 3599 446 3668 qui
475 3598 505 3651 in
534 3596 689 3665 Scripturis
712 3604 870 3662 versantur,
902 3607 932 3651 ut
959 3599 1040 3663 cilia,
1065 3598 1252 3667 unusquisque
1272 3597 1357 3651 uitam
1384 3605 1539 3666 componat.
1574 3595 1662 3653 Andr.
1686 3597 1794 3653 Fricius

95 3688 183 3742 decet.
220 3683 417 3740 Constantinus
438 3682 558 3755 Magnus
583 3682 620 3735 sd
644 3687 736 3752 patres
760 3682 860 3752 synodi
884 3683 931 3739 Ni·
957 3684 1005 3740 lib.
1024 3691 1048 3740 t.
1068 3684 1103 3739 ds
1122 3683 1221 3739 eccles.
1243 3701 1265 3739 a
1285 3690 1313 3738 7:
1341 3685 1408 3738 Non
1426 3684 1477 3738 boc
1496 3684 1576 3752 dico,
1604 3686 1681 3753 quod
1699 3700 1794 3753 nepem

94 3788 180 3829 cenae
199 3771 276 3843 apud
292 3768 499 3824 'Iheodoretum
516 3767 588 3823 libro
606 3766 694 3838 primo
711 3766 815 3825 Hister.
835 3768 931 3824 eccles.
960 3773 1137 3840 Scripturam
1160 3769 1255 3823 multis
1282 3769 1311 3823 iu
1337 3770 1407 3824 locis
1432 3770 1619 3824 obscuriorem
1642 3786 1715 3839 esse,
1743 3778 1793 3828 etc.

93 3857 179 3929 eupit.
205 3856 337 3928 septimo:
368 3853 542 3926 sbayysisnul
567 3856 614 3907 nat
638 3852 818 3907 ἀποστολικοὶ
842 3858 930 3923 pipios
959 3857 1010 3911 scd
1033 3874 1094 3910 cum
1118 3855 1308 3920 multifariam
1328 3856 1408 3909 Deus
1430 3855 1599 3909 uoluntatem
1620 3873 1701 3910 suam
1722 3874 1794 3910 mor-

94 3947 141 3999 nal
157 3946 214 3998 sair
233 3943 359 3996 παλαιῶν
377 3941 530 4012 προφηιῶν
547 3944 725 4013 θεσπίσματα
744 3942 844 4010 σοφῶς
862 3939 931 4010 ἡμᾶς
958 3929 1057 3996 talium
1082 3941 1181 4010 paneri
1199 3942 1399 4006 declararent,
1421 3942 1546 4011 primum
1560 3958 1615 4011 per
1630 3942 1794 4012 propbetas,

95 4028 115 4085 οἳ
129 4032 185 4104 χρὴ
204 4033 267 4102 περὶ
288 4031 336 4081 τοῦ
356 4029 424 4080 θεοῦ
443 4032 560 4099 φρονεῖν
579 4019 780 4079 ἐκποιδεὺουσι.
808 4022 931 4080 Isidorus
958 4029 1061 4082 deinde
1076 4044 1132 4099 per
1149 4027 1258 4081 litium
1277 4045 1310 4080 σσ
1328 4026 1474 4097 apostolos
1491 4042 1570 4092 setes,
1592 4043 1707 4096 musque
1724 4029 1792 4082 scri·

95 4114 238 4172 Pelusiota
260 4114 333 4170 libro
355 4117 454 4186 quarto
480 4111 558 4183 epist.
579 4116 620 4166 82.
649 4113 674 4164 sl
693 4108 783 4165 πάντα
801 4106 931 4181 viciniis,
954 4123 1067 4184 plorum
1093 4113 1274 4167 monumentis
1294 4112 1488 4181 consignatam
1505 4112 1638 4179 uoluerit,
1662 4113 1726 4166 dico
1743 4120 1794 4168 aut

94 4205 153 4257 nou·
170 4203 201 4276 sp*
216 4204 326 4256 συνέσει
344 4197 522 4272 ἐχρησάμεθα
538 4194 577 4269 μὴ
596 4193 680 4263 οὔσης
696 4196 824 4265 ζητήσεως
831 4219 839 4261 ,·
857 4199 883 4251 ri
899 4199 930 4252 δὲ
958 4200 989 4253 in
1016 4200 1060 4253 his
1087 4199 1157 4268 ipsis
1182 4198 1364 4252 monumentis
1389 4199 1557 4251 uoluntatem
1584 4198 1645 4251 Dei
1669 4199 1796 4267 corispici

94 4284 188 4344 nima
210 4284 298 4354 ἄδηλα
316 4290 362 4339 καὶ
381 4285 467 4345 οὕτως
484 4281 723 4351 irsnsnrcinupsr
740 4281 776 4336 ἂν
791 4282 831 4356 μὴ
849 4281 932 4353 οὔσης
959 4294 1041 4355 atquc
1060 4285 1213 4339 elucescere
1234 4284 1346 4351 debere,
1364 4290 1413 4336 aut
1428 4299 1565 4352 nusquam
1584 4282 1670 4347 alibi5
1697 4283 1793 4336 absur-

94 4372 238 4447 εὐρέσεως,
266 4374 318 4427 νῦν
346 4373 375 4425 δὲ
399 4369 446 4424 διὰ
466 4371 520 4423 τῶν
538 4367 629 4436 δήλων
647 4372 693 4422 nal
710 4367 742 4423 ri
763 4366 851 4437 ἄδηλα
870 4368 932 4441 rpo'-
959 4374 1025 4425 dum
1049 4370 1122 4424 enim
1147 4377 1199 4437 est,
1226 4369 1319 4422 Deum
1342 4368 1384 4420 ita
1407 4384 1490 4437 apere
1507 4366 1648 4421 nobiscum
1665 4366 1793 4436 coluisse,

94 4478 152 4514 nor
174 4460 236 4513 reri
261 4455 506 4531 naraluppoirsrou.
542 4456 577 4511 Si
598 4456 693 4509 omnia
710 4454 833 4519 fuissent
852 4455 933 4509 clara
958 4466 988 4512 ut
1012 4457 1095 4510 verba
1120 4456 1182 4525 ejus
1204 4472 1260 4508 non
1277 4453 1507 4520 intelliperentur.
1542 4454 1579 4506 In
1597 4452 1687 4507 uerbis
1705 4453 1794 4522 ipitur

94 4553 121 4600 et
147 4543 315 4612 manifesta,
341 4542 390 4594 ubi
407 4541 562 4611 prudentia
584 4542 632 4595 asi
651 4541 803 4608 fuissemus
825 4548 932 4596 remota
959 4545 995 4597 ab
1017 4543 1071 4596 illo
1088 4541 1212 4612 prolatis
1234 4541 1363 4593 uoluntas
1385 4540 1446 4609 ejus
1464 4541 1635 4609 remerenda.
1671 4539 1794 4608 Siquos

94 4629 295 4700 inquisitione!
317 4628 369 4682 Sin
387 4634 478 4681 autem
496 4627 592 4681 omnia
603 4628 730 4696 fuissent
748 4627 874 4698 obscura,
892 4629 932 4682 sic
959 4628 1140 4684 obscuritates
1166 4633 1215 4680 aut
1239 4626 1400 4694 acnipmata
1425 4633 1588 4690 occurrant,
1616 4642 1650 4679 ea
1668 4624 1713 4679 cel
1729 4641 1793 4679 erso-

94 4731 204 4788 quoque
217 4713 414 4768 cecidissemus
429 4712 619 4782 (cognitione),
639 4730 700 4766 cum
711 4713 794 4766 nulla
809 4720 878 4767 esset
889 4714 931 4767 in·
959 4715 1072 4769 datiam
1090 4713 1246 4779 uerborum,
1267 4711 1311 4765 rel
1330 4711 1454 4764 locorum
1474 4710 1625 4764 illustrium
1643 4710 1794 4766 collatione

93 4802 195 4856 centio.
215 4801 297 4854 Nunc
310 4807 401 4852 antae
411 4813 466 4867 per
479 4815 521 4866 ea,
538 4814 609 4868 puae
624 4799 931 4868 suntclora,quoclam-
958 4799 1171 4868 interpretanda
1194 4805 1270 4865 sunt,
1299 4798 1350 4851 hoc
1374 4797 1446 4851 enim
1472 4804 1497 4851 et
1524 4796 1652 4864 Christm
1670 4796 1745 4864 fecit
1768 4804 1793 4851 et

92 4887 178 4940 modo
193 4886 277 4940 marn
291 4883 692 4953 eacomprehenduntur,puae
702 4883 932 4939 suntobseuract
957 4887 1033 4939 uiros
1064 4886 1161 4938 doctos
1188 4898 1296 4953 semper
1315 4883 1423 4950 fecisse
1446 4882 1598 4938 uideamus.
1643 4882 1792 4952 Scriptura

92 4973 203 5026 abdita.
230 4970 397 5042 hlgentius
416 4984 532 5023 sermon.
552 4967 754 5024 decentessor.
786 4968 931 5024 Siccoslc·
958 4979 1020 5026 erat
1043 4960 1109 5024 illis
1129 4969 1259 5024 doctrina
1278 4976 1305 5022 et
1322 4968 1506 5023 testimonium
1524 4968 1596 5035 Dei,
1624 4967 1672 5021 lua
1688 4967 1793 5022 ilhsmi·

91 5059 177 5112 stiam
189 5056 357 5110 deliciarum
369 5055 452 5125 copia
464 5055 504 5121 (in
515 5052 655 5108 mandatis
667 5053 779 5121 divinis)
792 5057 931 5124 emeberot,
957 5073 1030 5111 nans
1047 5055 1156 5123 omslos,
1176 5055 1291 5108 lucerna
1309 5061 1413 5107 rechem
1431 5053 1485 5107 iter
1502 5054 1649 5107 ostendens
1666 5055 1708 5107 ad
1723 5055 1793 5108 seri·

92 5144 161 5198 nstin
170 5143 252 5197 verbo
262 5142 345 5196 DEI
353 5143 481 5209 abundet,
492 5143 569 5211 procl
572 5141 718 5210 perfectus
727 5143 870 5210 comedat,·
884 5144 931 5196 ab·
957 5151 1049 5198 tatem.
1074 5141 1167 5198 Sixtus
1186 5140 1314 5196 Senensis
1330 5139 1379 5195 lib.
1399 5145 1422 5196 6.
1441 5138 1574 5196 Biblioth.
1592 5145 1715 5196 annotat
1732 5146 1793 5197 151:

91 5227 365 5297 undctets‘csm,quod
372 5227 511 5297 parvulus
520 5232 612 5294 supet.
632 5225 680 5278 Ibi
691 5225 764 5278 enim
776 5227 932 5282 estlactens
961 5230 1022 5282 Una
1042 5228 1208 5297 Scripturas
1231 5225 1331 5279 classis
1348 5232 1449 5294 apcrta
1467 5242 1502 5279 ac
1521 5225 1652 5279 dilucida
1670 5233 1723 5297 est,
1749 5233 1791 5280 ut-

85 5321 183 5385 potus,
204 5330 258 5384 quc
275 5323 371 5367 tenera
385 5311 516 5383 fidelium
534 5311 656 5365 nutritur
674 5310 801 5374 infantia
818 5320 845 5365 et
864 5314 929 5367 soli·
951 5322 1019 5383 pote
1047 5328 1119 5382 prae
1144 5311 1242 5382 prima
1270 5326 1431 5381 sssmmaque
1460 5327 1554 5363 rerum
1588 5312 1792 5366 credendarum

90 5402 147 5454 dus
166 5399 259 5466 cibus,
285 5417 340 5470 quo
362 5399 477 5453 robsssta
490 5400 680 5467 perfectorum
696 5397 829 5465 jacentus
846 5400 929 5469 spiri·
954 5398 1099 5470 princspia
1123 5415 1158 5450 ac
1177 5395 1335 5465 praempuu
1359 5395 1424 5449 base
1446 5395 1561 5450 risendi
1572 5403 1728 5468 praecepta
1746 5412 1789 5450 es-
1803 5409 1831 5448 11.
1843 5406 1890 5450 sn.

89 5485 185 5542 tualia
204 5493 320 5541 sanctae
336 5485 449 5541 uirtutis
466 5484 570 5556 accipit
581 5485 771 5550 incremsma5
787 5483 830 5538 ibi
842 5500 927 5558 pror-
955 5485 1048 5558 cmpla
1083 5483 1195 5553 copnitu
1227 5481 1334 5550 facilia
1361 5481 1567 5552 coaptatam.
1605 5479 1790 5557 Perpinianus
