3984 6022
211 260 272 327 tar
887 336 890 343 Ι
920 257 1044 355 pocus
1061 255 1205 319 1111111

211 413 345 470 11111111
381 422 406 470 t.
428 410 580 485 Progresnr
608 414 740 486 temporis
764 418 876 468 secutae
901 418 966 467 sunt
982 429 1041 469 ver·
1070 414 1140 470 Cum
1158 413 1210 469 boc
1228 411 1389 468 Bellarmini
1406 410 1533 466 diacursu
1543 404 1671 481 congruit
1681 401 1753 460 illud
1765 400 1902 479 Alphonsi

178 569 180 573 .
212 499 302 555 siones
319 499 427 569 variae,
449 506 481 554 ut
497 500 623 572 superius
641 499 818 556 ostendimus.
855 505 879 554 5.
900 497 930 555 Si
947 516 980 554 11
1002 516 1043 568 11,
1070 499 1105 555 (11
1123 498 1220 554 Castro
1245 498 1337 554 1113.
1360 498 1396 553 (11
1415 499 1492 569 juste
1514 492 1646 569 puniend.
1670 491 1801 549 haeretic.
1829 508 1853 548 c.
1873 495 1901 546 6:

214 584 289 657 quod
305 584 421 656 apostoli
439 585 576 640 duntaxat
593 586 621 641 in
639 584 857 658 linguaGraeca
874 584 1043 657 scripserint,
1072 585 1283 655 Scnparrarum
1309 584 1458 639 translatio
1484 583 1514 637 in
1544 582 1669 650 linquam
1695 578 1838 649 culparem
1864 585 1903 631 est

213 669 308 742 colligi
332 675 426 743 posset
455 688 511 726 non
529 687 590 726 esse
610 671 815 728 transferendas
835 670 990 742 Scriptum
1014 670 1044 726 in
1070 690 1158 725 causa
1177 671 1298 726 omnium
1317 671 1479 727 haeresium.
1515 667 1641 740 Itemque
1661 664 1731 723 illud
1749 662 1858 721 0111111
1874 662 1901 718 in

213 755 337 828 linguam
357 757 540 826 remaculsm,
558 756 654 830 utique
673 759 755 814 ctiam
773 762 933 827 sequeretur
943 755 1044 811 Roma·
1070 756 1182 813 Encbir.
1222 758 1288 812 Non
1316 758 1433 812 aliunde
1462 764 1503 811 tot
1532 756 1661 810 iaereeee
1691 761 1717 808 et
1745 752 1901 818 schismata,

211 858 310 897 nenses
333 858 390 897 non
412 841 513 899 debere
534 844 690 914 Scripturas
717 843 809 915 legere
827 842 856 895 in
873 839 1044 896 versionibus
1071 863 1154 914 psam
1177 846 1254 914 quod
1277 844 1391 915 quelibet
1412 845 1454 898 ad
1477 861 1558 897 suum
1578 840 1721 912 judicium
1740 827 1901 909 Scripturas

211 926 332 995 Latinis,
362 944 425 983 cum
453 946 534 984 ncmo
561 929 746 1001 apostolorum
771 928 870 983 Latine
896 925 1044 997 scripserit.
1071 931 1277 1001 interpretatur.
1312 929 1396 1002 Resp.
1427 937 1449 986 1.
1468 929 1531 987 Non
1554 930 1671 999 possunt
1688 924 1802 998 quidem
1818 922 1902 995 primo

211 1012 289 1081 Quae
313 1012 387 1069 enim
410 1014 444 1068 de
469 1013 612 1087 evangelio
637 1014 725 1069 Marci
751 1013 851 1068 latine
874 1011 976 1084 scripto
994 1029 1044 1066 uu·
1072 1016 1173 1071 intuitu
1196 1020 1225 1071 11
1246 1017 1275 1070 in
1300 1014 1421 1072 cursorie
1447 1014 1567 1070 lectione
1585 1011 1678 1068 omnia
1698 1008 1836 1083 intelligi,
1857 1008 1901 1066 ssd

210 1106 293 1173 gutur
314 1099 451 1155 Batonius
478 1107 543 1156 tom.
571 1107 592 1156 1.
619 1100 711 1155 annal.
734 1117 797 1157 aun.
817 1106 858 1155 45.
883 1098 920 1153 ad
944 1115 978 1154 ea
1003 1115 1044 1153 re·
1071 1103 1220 1175 requiritur
1231 1101 1361 1172 studium,
1380 1100 1505 1171 intentio,
1523 1099 1635 1156 assidua
1646 1096 1799 1153 meditatio.
1825 1093 1901 1152 111·

210 1185 378 1257 spondemus
395 1186 486 1241 verbis
505 1186 592 1258 ipsius
607 1184 769 1241 Bellarmini
788 1184 850 1239 libr.
869 1190 893 1241 2.
913 1183 948 1238 (11
967 1184 1043 1240 verb.
1071 1188 1153 1244 terim
1172 1195 1265 1244 111111
1282 1187 1387 1260 aliquid
1407 1187 1528 1242 salutare
1549 1203 1584 1242 11
1600 1184 1649 1240 ills
1665 1183 1787 1257 populus
1806 1180 1901 1237 intelli·

210 1271 264 1327 Dei
294 1288 355 1343 cap.
382 1278 410 1327 4:
444 1273 516 1336 Quia
545 1273 630 1343 liujus
656 1275 699 1327 rei
726 1272 808 1326 nulla
835 1278 922 1326 111111
945 1271 1044 1325 retentio
1072 1276 1125 1346 git,
1149 1275 1305 1331 necessaria
1330 1274 1403 1330 enim
1425 1272 1573 1329 manifeste
1597 1277 1669 1327 sunt.
1706 1275 1731 1327 3.
1754 1268 1848 1325 Etiam
1865 1284 1901 1338 11,

210 1360 420 1429 1111111111,
442 1360 506 1414 ideo
527 1378 583 1412 noa
593 1359 689 1426 facile
706 1358 814 1413 adduci
826 1374 990 1428 possumus,
1014 1365 1045 1409 ut
1074 1378 1145 1435 quae
1167 1378 1223 1416 non
1246 1362 1340 1417 statim
1356 1359 1444 1431 primo
1462 1359 1565 1414 intuitu
1583 1357 1792 1431 intelligimur,
1814 1354 1901 1428 legere

211 1446 366 1498 ⁶¹·me-
1072 1448 1197 1520 erpedit,
1224 1447 1315 1502 mittet
1338 1446 1415 1501 Deus
1441 1444 1591 1518 aliquando
1607 1440 1769 1514 Philippum
1785 1440 1901 1513 aliquem

86 1531 200 1614 1111111
248 1537 307 1588 498.
338 1534 365 1584 3.
389 1533 436 1585 Ee
457 1549 510 1583 usu
533 1529 699 1583 universatis
716 1528 861 1595 molestae,
887 1545 959 1599 quae
978 1544 1045 1581 eem-
1072 1533 1109 1588 ad
1135 1532 1346 1605 intelligentiam
1369 1531 1558 1589 obscuriorum
1577 1529 1683 1586 aditum
1701 1526 1784 1585 nobis
1799 1525 1900 1600 pateis

86 1586 200 1677 iiiii..
208 1634 264 1689 per
282 1617 325 1670 lis
343 1624 447 1672 tantum
468 1615 574 1685 linquis
593 1617 736 1686 Hebraea,
758 1615 870 1670 Graeca
888 1623 913 1668 et
932 1615 1045 1685 Latina,
1073 1621 1189 1677 cientem
1213 1620 1308 1675 Actor.
1327 1625 1356 1688 8,
1380 1638 1407 1675 v.
1429 1624 1470 1675 26.
1506 1627 1530 1675 t.
1554 1617 1597 1672 Ex
1619 1613 1782 1671 Bellarmini
1797 1612 1900 1670 ratioci-

89 1689 182 1729 ⁶¹⁸¹¹⁸⁸·
213 1721 268 1757 usa
291 1711 331 1756 est
356 1702 387 1756 in
411 1702 550 1757 communi
571 1708 596 1755 et
617 1701 733 1772 publico
758 1700 968 1772 Scripturarum
986 1719 1045 1757 uses.
1072 1707 1183 1762 natione
1206 1712 1378 1777 sequeretur,
1403 1704 1559 1776 Seriptmas
1580 1701 1663 1775 plane
1687 1717 1744 1756 non
1764 1716 1827 1757 esse
1848 1714 1901 1754 ver·

215 1788 335 1862 August.
354 1788 415 1844 libr.
434 1794 458 1843 2.
483 1789 519 1843 de
544 1788 630 1843 doctr.
655 1786 754 1844 Christ.
780 1804 804 1843 c
825 1794 864 1844 11.
888 1791 928 1842 ad
945 1788 1046 1842 inteili-
1073 1793 1184 1857 tendas,
1211 1810 1246 1849 ne
1275 1792 1386 1863 quidem
1410 1791 1439 1846 in
1461 1790 1591 1846 Latinam
1613 1788 1745 1861 linguans
1787 1785 1836 1841 Ad
1859 1784 1901 1841 ob

214 1877 337 1946 peritiam
356 1875 569 1946 Scripturarum
586 1875 670 1929 trium
689 1876 848 1953 linquamqm
865 1875 1047 1945 aequationem
1069 1880 1189 1950 jectum,
1214 1881 1291 1948 quod
1318 1878 1482 1948 Scripturas
1506 1876 1586 1931 lectio
1612 1874 1651 1929 eit
1674 1890 1763 1928 causa
1781 1890 1900 1928 morum
1942 1916 1944 1921 .

215 1964 361 2017 Hebraeae
383 1962 457 2032 scii,
484 1960 612 2016 Graecae
631 1970 656 2017 et
680 1963 800 2016 latinae
826 1960 895 2016 dicit
921 1978 979 2015 eree
1002 1978 1047 2015 ne·
1073 1974 1099 2020 et
1117 1966 1280 2020 haeresium.
1315 1963 1398 2035 Resp.
1423 1962 1587 2019 1011111111
1605 1967 1722 2017 testatur
1738 1958 1841 2017 Macen
1860 1962 1896 2027 22,

217 2050 376 2103 cessariam.
415 2050 551 2119 Tempore
572 2050 740 2119 Hieronymi
761 2050 792 2103 in
813 2057 869 2104 toto
895 2049 1000 2102 oriente
1018 2048 1047 2103 in
1071 2070 1098 2107 v.
1118 2058 1159 2107 29.
1176 2051 1359 2123 ignorantiam
1375 2050 1579 2122 Scripturarum
1596 2063 1656 2104 essa
1672 2064 1786 2102 cauam
1803 2044 1896 2102 haee

212 2135 326 2205 publico
340 2152 403 2211 'aea
422 2143 483 2189 erat
502 2142 611 2188 tantum
629 2136 716 2190 editio
737 2135 850 2189 Graeca
867 2133 952 2188 LXX
965 2135 1048 2187 inter·
1074 2136 1159 2207 sium,
1182 2137 1255 2209 quod
1278 2136 1411 2207 repetitur
1428 2135 1535 2206 injure
1552 2133 1683 2191 canonico
1707 2149 1731 2188 c.
1768 2131 1798 2189 Si
1819 2132 1902 2202 Juxta

212 2227 332 2290 pretam.
352 2219 435 2292 Resp.
459 2227 481 2276 1.
500 2218 531 2275 Si
548 2221 592 2276 vel
610 2223 728 2277 maxime
746 2219 927 2277 demonstrari
946 2225 1047 2291 posset,
1075 2223 1195 2279 (111138.
1231 2228 1255 2278 2.
1275 2221 1333 2277 Nec
1353 2239 1386 2277 er
1403 2221 1522 2276 lectione
1540 2225 1569 2275 et
1585 2218 1780 2288 meditatione,
1806 2216 1857 2273 sed
1872 2233 1901 2273 11

215 2304 372 2377 Scripturas
395 2324 452 2362 non
475 2306 527 2361 nisi
555 2307 585 2362 in
606 2307 703 2380 lingua
726 2306 868 2376 Hebraea,
894 2304 1049 2362 Graecast
1076 2307 1230 2364 detorsione
1253 2316 1282 2364 et
1304 2306 1500 2379 depravatione
1524 2305 1682 2377 Scripturas
1699 2304 1829 2360 erinnem
1845 2302 1903 2360 hae

214 2391 319 2448 latina
342 2393 514 2464 aliquamdiu
541 2392 616 2466 apud
645 2393 781 2466 quasdam
809 2393 940 2448 ecclesias
968 2392 1047 2449 exsti·
1075 2412 1164 2463 reses,
1188 2395 1261 2449 sicut
1284 2412 1317 2450 ex
1334 2410 1397 2449 rosa
1414 2393 1474 2465 apis
1493 2393 1582 2463 sugit,
1603 2391 1677 2446 unda
1694 2390 1751 2446 mel
1767 2389 1904 2459 conficiet;

216 2478 290 2547 tissa,
307 2480 431 2535 nondum
447 2487 541 2534 tamen
558 2483 733 2552 sequeretur,
752 2479 892 2551 piaculum
911 2495 984 2549 esse,
1002 2495 1048 2535 eas
1076 2498 1190 2546 111111,
1220 2480 1294 2534 unde
1323 2480 1406 2535 virus.
1451 2478 1611 2534 Lectionem
1641 2476 1803 2548 Scripturas
1832 2475 1904 2533 laicis

217 2564 247 2619 in
264 2565 390 2637 linguam
406 2564 582 2621 vernaculam
598 2565 759 2630 transferre,
778 2582 796 2619 1
811 2565 958 2637 negatione
976 2564 1049 2620 euim
1077 2567 1266 2634 concedimus,
1292 2565 1476 2621 detorsionem
1499 2563 1682 2637 probibemus.
1717 2569 1743 2620 3.
1768 2560 1905 2635 Scriptura

216 2651 285 2706 11111
303 2653 340 2705 ad
357 2653 532 2724 negationem
545 2651 618 2721 juris
635 2669 691 2707 uon
709 2652 782 2706 velet
801 2651 896 2706 illatio.
933 2657 957 2708 2.
984 2651 1049 2708 Jam
1076 2660 1119 2709 est
1134 2653 1210 2707 utilis
1229 2650 1296 2726 πρὸς
1314 2653 1428 2722 ἔλεγχον
1448 2657 1471 2707 2.
1490 2649 1561 2705 Tim.
1580 2656 1604 2714 3,
1621 2667 1646 2703 v.
1666 2654 1706 2705 16.
1743 2646 1821 2722 Ergo
1841 2646 1905 2704 Scri·

216 2753 283 2790 vero
309 2736 479 2792 ostendimus
498 2736 634 2807 superius,
657 2744 685 2791 et
701 2736 737 2793 V.
763 2745 791 2791 et
815 2737 849 2793 N.
866 2737 899 2792 T.
918 2738 1003 2793 libros
1021 2737 1050 2792 in
1076 2745 1158 2810 ptrue
1176 2744 1218 2795 est
1233 2744 1372 2793 armatura
1391 2737 1522 2792 adsersus
1540 2735 1680 2798 haereses,
1699 2741 1811 2790 tantum
1826 2734 1906 2801 11111,

219 2822 329 2895 linguas
358 2823 462 2894 populo
490 2823 590 2894 cuique
619 2823 781 2879 vernaculas
810 2841 871 2879 esse
895 2824 1050 2878 1111111111.
1076 2832 1108 2880 ut
1130 2842 1163 2880 11
1185 2843 1218 2880 11
1241 2824 1369 2880 haereses
1387 2838 1492 2879 errores
1511 2839 1574 2877 suos
1591 2827 1759 2875 mutuentur.
1797 2818 1906 2877 18111·

220 2914 243 2965 3.
261 2910 305 2963 Ac
324 2909 474 2980 repetimus
488 2916 611 2964 noenum
630 2914 834 2981 argumentum:
852 2909 1004 2981 prophetae
1023 2915 1051 2964 et
1076 2915 1159 2983 ptura
1192 2910 1306 2966 fraudes
1333 2908 1532 2965 haereticorum
1567 2906 1673 2978 detegit
1703 2912 1741 2964 11.
1765 2904 1907 2972 convincit,

221 2994 353 3066 apostoli,
382 3006 413 3049 ut
438 2992 647 3065 praedicarunt,
675 2996 715 3050 ita
741 3013 852 3068 quoque
882 2995 1050 3067 scripserunt
1077 2997 1151 3053 unde
1180 2996 1292 3068 plurimi
1320 2995 1438 3052 lectione
1464 2993 1668 3065 scripturarum
1694 2991 1732 3046 ab
1757 2989 1906 3047 haeresium

219 3080 316 3153 lingua
341 3081 491 3136 vernacule
515 3080 564 3151 iis,
598 3081 698 3155 quibus
724 3082 931 3153 praedicarunt,
961 3088 990 3139 et
1013 3084 1050 3138 ad
1079 3082 1196 3137 vinculis
1216 3082 1325 3138 liberati
1343 3082 1379 3136 ad
1397 3079 1520 3136 veritatis
1540 3077 1724 3152 cognitionem
1746 3076 1907 3150 aspirarent

220 3185 289 3239 quos
306 3167 482 3238 scripserunt.
519 3166 594 3238 Ergo
616 3168 698 3222 etiam
718 3168 821 3238 scripta
839 3168 978 3223 commin
999 3167 1050 3222 lin·
1077 3176 1101 3226 5.
1125 3168 1211 3223 Aliud
1234 3176 1277 3225 est
1295 3171 1377 3238 juxte
1395 3167 1553 3237 Scripturas
1573 3180 1695 3221 normam
1714 3169 1743 3219 11
1760 3162 1829 3220 fidei
1848 3178 1907 3218 111·

118 3279 149 3322 11.
161 3275 207 3320 m.
219 3272 277 3327 gua
294 3255 395 3327 cuique
413 3253 515 3325 populo
533 3254 682 3308 vernacula
700 3255 816 3326 proponi
833 3260 956 3326 possunt
1075 3257 1177 3329 logiam
1202 3257 1231 3310 in
1251 3254 1405 3327 perspicuis
1426 3253 1583 3323 Scripturas
1599 3250 1666 3306 locis
1684 3250 1859 3321 propositam
1877 3246 1907 3302 de

94 3355 114 3397 t.
128 3354 207 3395 axes·
255 3347 313 3397 tae.
345 3345 369 3394 d.
394 3341 441 3394 Ec
461 3341 578 3397 ratione.
617 3341 747 3395 Convenit
771 3343 811 3394 ad
835 3341 967 3395 ecciesiae
991 3341 1050 3394 uni·
1077 3341 1268 3399 controversiis
1291 3341 1431 3413 judicare,
1461 3338 1535 3409 quod
1560 3336 1637 3392 laicis
1663 3336 1830 3391 mandatum
1855 3349 1908 3390 1111

94 3408 165 3448 ‘¹⁰⁰⁸‘
219 3435 302 3481 tatem
318 3429 544 3495 conservandam,
562 3435 592 3481 ut
605 3428 737 3496 publicus
753 3445 820 3480 usus
839 3427 1050 3497 Scripturarum
1077 3428 1259 3496 ostendimus,
1277 3426 1354 3482 aliud
1375 3424 1543 3495 Scripturam
1563 3424 1599 3477 ad
1618 3439 1698 3476 suum
1713 3421 1854 3492 judicium
1871 3420 1908 3474 in·

220 3514 257 3567 eit
281 3515 311 3566 in
335 3513 433 3583 aliqua
457 3514 555 3581 linqua
577 3514 814 3581 communies-ima,
840 3513 915 3567 aliae
939 3514 1050 3568 tolletur
1076 3515 1234 3584 terpretnri‚
1257 3514 1331 3586 quod
1354 3517 1383 3568 et
1400 3511 1477 3566 laicis
1495 3516 1524 3565 et
1540 3509 1645 3565 clericis
1663 3507 1837 3579 prohibitum
1855 3523 1908 3562 esse

218 3600 397 3654 ecclesiarum
421 3599 647 3668 communicatio,
674 3617 722 3653 nec
742 3607 874 3669 poterunt
895 3601 964 3670 fleri
988 3601 1049 3654 utic
1078 3601 1202 3656 dicimus.
1241 3606 1264 3656 t.
1289 3600 1348 3655 Nec
1373 3597 1556 3669 permittimus
1583 3594 1659 3650 laicis
1683 3595 1718 3649 da
1742 3591 1908 3667 gravissimis

218 3686 362 3754 peucralia
388 3686 520 3754 concilia,
546 3703 607 3740 cum
629 3703 684 3738 non
709 3702 800 3739 omnes
816 3693 913 3755 patres
932 3686 1050 3739 habeant
1077 3693 1105 3741 et
1125 3686 1310 3742 subtilissimis
1332 3684 1487 3755 quibusque
1512 3681 1720 3753 quaestionibus
1744 3688 1849 3736 temere
1867 3680 1908 3751 ju·

219 3775 323 3827 donum
342 3774 510 3840 linquarum.
544 3771 628 3843 Resp.
654 3777 676 3826 1.
693 3772 810 3843 Propter
828 3772 943 3828 eandem
964 3773 1049 3827 ecclc·
1077 3773 1180 3827 dicium
1202 3773 1287 3840 ferre,
1311 3771 1360 3826 sed
1385 3770 1536 3842 praecipua
1558 3784 1591 3822 ac
1612 3768 1835 3823 fundamentalia
1849 3766 1908 3822 fidei

219 3859 277 3914 siae
295 3858 427 3914 unitatem
446 3858 529 3914 etiam
548 3859 649 3913 Latina
673 3865 781 3913 tantum
800 3859 897 3929 lingua
914 3859 1049 3913 utendum
1077 3859 1169 3929 capita
1195 3876 1228 3913 ac
1251 3859 1324 3912 vitae
1348 3856 1459 3928 regulas
1485 3872 1517 3910 er
1544 3852 1693 3924 Scripturis
1716 3862 1813 3924 petere
1832 3853 1907 3924 jube·

220 3942 311 3999 fucrit.
347 3951 370 3999 2.
390 3944 497 4000 Sufficit
516 3961 580 3999 sero
600 3944 637 3998 ed
656 3946 789 4000 ccclesiae
809 3946 957 4009 unitatem,
975 3947 1049 4015 quod
1077 3963 1146 4012 mus,
1165 3952 1249 4015 atque
1268 3943 1376 3997 interim
1397 3942 1525 4011 publicae
1538 3940 1772 4010 interpretationis
1786 3947 1816 3995 et
1828 3938 1909 3995 eccle·

219 4030 365 4086 Hebraeus
389 4037 479 4085 textus
505 4031 533 4085 in
551 4030 585 4086 V.
609 4036 637 4084 et
661 4030 785 4086 Graecus
808 4033 836 4086 in
856 4032 889 4087 N.
908 4031 941 4085 Τ.
965 4037 1052 4086 estet
1078 4030 1181 4085 11111111
1206 4028 1350 4083 ministerii
1372 4033 1543 4101 χειραγωγίᾳ
1568 4027 1623 4090 uti,
1651 4036 1679 4082 et
1707 4028 1781 4081 dona
1806 4026 1862 4082 Dei
1885 4024 1911 4079 in

220 4125 314 4173 manet
333 4117 518 4184 authenticus,
545 4118 580 4171 ad
601 4119 680 4187 cujus
698 4135 821 4172 normam
840 4136 933 4173 omnes
952 4118 1052 4174 versio-
1079 4116 1139 4171 aliis
1159 4122 1313 4170 reverenter
1329 4130 1486 4186 agnoscere.
1516 4112 1562 4166 Ad
1580 4111 1727 4182 objectum,
1747 4112 1912 4182 111118111-

220 4222 270 4260 ues
291 4204 450 4276 erigendae.
487 4210 510 4259 3.
528 4204 574 4258 Ad
592 4205 709 4258 concilia
727 4205 895 4259 convocandi
914 4210 979 4259 sunt
998 4221 1052 4259 non
1075 4212 1180 4273 prusae
1198 4202 1280 4256 lectio
1295 4203 1394 4270 pariat
1413 4201 1578 4253 scandalum
1595 4200 1668 4252 citae
1686 4216 1720 4251 ae
1738 4216 1856 4266 morum,
1875 4202 1913 4253 re*

222 4291 344 4346 homines
362 4291 445 4345 rudes
463 4296 490 4344 et
507 4290 625 4360 indocti,
649 4291 698 4344 scd
715 4291 873 4362 linguarum
890 4291 985 4362 periti,
1006 4291 1054 4362 qui
1080 4289 1239 4361 spondimus
1264 4285 1389 4358 superius
1409 4283 1435 4358 ,S
1455 4292 1519 4356 ⁴933
1546 4285 1597 4340 boc
1616 4286 1675 4339 loco
1693 4301 1839 4339 monemus
1856 4285 1914 4341 bre·

223 4395 257 4434 11
275 4379 341 4451 ipsis
360 4374 483 4433 fontibus
500 4377 607 4448 possint
625 4376 660 4431 de
677 4377 867 4432 controversiis
882 4377 1018 4448 judicare.
1080 4376 1163 4443 viter,
1197 4381 1219 4430 1.
1241 4373 1340 4428 tollant
1363 4372 1437 4442 prius
1462 4371 1576 4441 publica
1595 4371 1739 4441 lupanaria
1757 4376 1786 4426 et
1806 4371 1913 4426 notoria

97 4477 118 4518 1.
132 4474 211 4515 antu·
259 4473 316 4520 500.
342 4470 368 4519 5.
392 4465 635 4519 essecommoda.
674 4463 709 4519 Si
727 4464 787 4516 ulla
806 4472 874 4517 esset
892 4466 979 4531 ratio,
1006 4482 1056 4517 cur
1081 4461 1224 4527 scandala,
1248 4466 1396 4528 antequam
1415 4457 1454 4511 illi
1473 4458 1634 4529 hypocritae
1652 4459 1777 4511 colantes
1799 4458 1914 4513 culicem

99 4530 212 4620 ἕξων
226 4551 390 4622 »scripturae
408 4553 506 4620 linqua
522 4551 636 4619 melpari
652 4551 683 4603 in
702 4560 781 4604 cocta
791 4551 923 4618 fidetium
940 4551 996 4619 lapi
1009 4552 1055 4602 de·
1081 4557 1107 4601 et
1132 4547 1317 4615 eiepluticotce
1338 4546 1474 4599 canceium
1497 4545 1532 4598 de
1552 4544 1683 4600 scandalo
1709 4560 1742 4599 cx
1761 4542 1917 4617 Scriptura·

225 4638 333 4708 berani,
351 4655 385 4691 ea
401 4645 472 4691 certe
489 4645 559 4691 esset
573 4637 738 4706 potissima,
761 4646 791 4691 ut
809 4654 902 4690 omnes
921 4636 1055 4703 inteliipe·
1082 4651 1142 4687 rum
1164 4632 1282 4686 lectione
1299 4631 1447 4686 metuendo
1465 4631 1521 4684 sint
1537 4630 1645 4685 soliciti.
1680 4630 1803 4697 Quidam
1822 4644 1918 4685 nume·

224 4733 293 4780 reat.
327 4724 367 4778 At
385 4732 456 4777 certe
468 4724 592 4793 populas
610 4740 666 4776 uon
683 4722 847 4791 intelliperet
860 4722 1055 4793 prophetaret
1082 4737 1142 4774 rum
1167 4724 1334 4787 scortorum,
1358 4733 1440 4788 quem
1462 4716 1586 4787 pontifex
1607 4715 1712 4771 Romae
1728 4716 1841 4784 tolerat,
1862 4715 1918 4771 imo

221 4813 348 4884 paulinos
367 4818 392 4864 et
408 4810 484 4873 alia,
507 4826 577 4879 quae
597 4810 626 4861 in
645 4809 768 4863 ecclesiia
781 4809 943 4877 leperentur‚
960 4807 1055 4863 etiam·
1082 4806 1193 4863 censum
1216 4804 1253 4858 ab
1279 4803 1333 4858 illis
1357 4803 1463 4858 aerario
1485 4802 1634 4874 apostolico
1657 4801 1807 4873 quotannis
1826 4800 1919 4870 infert,

223 4899 251 4951 ei
266 4898 365 4966 linqua
382 4903 508 4951 materna
527 4896 696 4963 leperentur,
722 4896 750 4948 si
770 4913 827 4949 non
851 4897 993 4949 accederet
1012 4898 1054 4947 esc·
1081 4893 1247 4948 contrahunt
1274 4891 1310 4944 ad
1338 4889 1482 4944 duodecim
1510 4889 1605 4943 millia.
1647 4888 1817 4959 Campegius
1846 4887 1918 4943 refe

219 4985 333 5055 positio.
363 4983 445 5053 Quid,
464 4984 541 5053 quod
553 4981 678 5052 populus
696 4998 752 5034 non
768 4981 858 5034 solum
877 4999 933 5035 non
946 4988 1055 5050 caperet
1081 4988 1157 5034 rents
1181 4978 1310 5034 Sleidano
1336 4975 1384 5030 lib.
1405 4983 1428 5031 t.
1452 4975 1488 5029 ad
1507 4977 1614 5046 legatos
1633 4974 1854 5046 Argentinenses
1877 4972 1919 5028 di·

223 5072 344 5133 fructum
369 5087 402 5124 ea
425 5069 595 5138 Scripturis,
618 5070 670 5122 sed
694 5069 779 5122 etiam
798 5067 991 5121 detrimentum
1009 5084 1053 5120 cc·
1081 5067 1174 5133 cebat,
1199 5067 1272 5118 scire
1289 5080 1333 5132 se,
1359 5064 1553 5133 episcoporum
1570 5062 1642 5115 tures
1661 5076 1721 5115 esse
1738 5078 1861 5124 morem,
1888 5066 1921 5112 ut

221 5158 321 5226 peret!
346 5157 483 5226 acciperet
503 5157 575 5209 enim
585 5154 731 5222 facillime
749 5154 920 5208 occasionem
939 5152 1057 5207 mandi
1081 5159 1197 5221 accepta
1215 5151 1338 5219 presencia
1365 5150 1561 5203 scortationem
1580 5149 1756 5218 permittant.
1799 5145 1920 5201 Ambro-

226 5249 282 5294 tum
303 5243 334 5294 in
356 5244 487 5297 doctrina
503 5242 590 5311 fidei,
615 5250 673 5295 tum
695 5242 725 5295 in
746 5240 906 5310 praeceptis
928 5241 1055 5294 1111111
1081 5238 1137 5292 sius
1168 5235 1332 5291 Catharinus
1361 5242 1492 5303 testatur,
1524 5252 1574 5288 arro
1605 5243 1729 5303 tempore
1762 5233 1793 5286 in
1825 5232 1918 5288 Italic
1931 5247 1954 5289 11

225 5343 339 5382 monam.
382 5330 457 5383 Nam
486 5345 519 5383 11
549 5326 699 5398 Scriptura
724 5345 780 5382 non
807 5326 949 5381 intellecta
973 5333 1056 5379 natae
1079 5325 1170 5390 fuisse
1189 5324 1330 5390 eprepium
1344 5322 1483 5390 pictorem
1503 5320 1671 5374 Michaiicm
1691 5318 1850 5389 Ampelum,
1869 5318 1922 5390 qui

225 5419 398 5468 1111111111
419 5415 558 5483 11111111,
580 5419 611 5466 ut
629 5421 709 5484 patet
727 5429 760 5467 ec
778 5412 918 5467 erroribus
935 5412 1056 5466 Anthro-
1082 5408 1261 5464 admirabilis
1286 5409 1377 5474 fuerit
1400 5409 1431 5462 in
1456 5407 1637 5476 exprimendo
1666 5407 1746 5460 nacla
1775 5404 1920 5462 sonam

224 5498 472 5575 pomorpiitarum,
493 5499 717 5566 Ticioritarum,
737 5490 863 5555 Derides
877 5496 996 5569 Georpii
1006 5504 1056 5557 etc.
1082 5502 1247 5566 corporati
1260 5494 1416 5565 pudenda,
1433 5498 1517 5567 atquc
1533 5492 1624 5562 addit,
1641 5492 1713 5547 iane
1730 5492 1921 5549 aenum
