3984 6022
193 281 253 339 τοι
745 253 748 259 ’
869 271 992 330 Locus
1009 271 1189 339 aasa'rus

196 428 324 483 subsistit
342 430 391 482 τοῦ
407 422 504 498 Λόγου
524 426 680 491 ὑποστάσει,
697 444 780 498 quam
797 433 905 498 oportet
923 427 948 482 ei
966 443 1026 482 esse
1052 425 1185 496 ἀλλήλαις
1203 430 1249 490 τὰς
1266 433 1427 501 ταῦταρίου
1446 429 1543 502 φύσεις
1559 430 1667 502 φαμέν,
1686 424 1743 482 ἀλλ’
1765 427 1882 500 οἴδαμεν,

196 515 432 570 communicatam.
469 520 492 568 3.
516 513 588 579 Quia
604 513 760 584 hypostasis
778 513 876 583 Λόγου
896 513 971 569 facts
986 519 1027 568 est
1054 513 1089 574 ὑς
1108 516 1137 567 ἐκ
1153 517 1199 582 τῆς
1214 514 1414 586 ότίαςφόστιος
1428 514 1615 586 περιχόρησις.
1635 515 1738 583 Interp.
1756 512 1883 568 reddidit:

195 604 287 657 earnis
306 601 468 663 ὑπόστασις,
493 600 556 654 ideo
573 617 638 655 caro
656 600 757 655 Christi
776 608 818 655 est
836 600 1027 660 ἐνυπόστατος.
1053 600 1190 657 immeatio
1213 603 1354 671 provenit;
1381 601 1447 666 αὑτὴ
1472 603 1526 675 μὲν
1551 604 1597 654 καλ
1615 599 1660 654 sled
1680 600 1798 653 πάντων
1815 601 1884 665 όίηαι

196 689 294 759 Neque
310 687 382 742 enim
400 692 442 742 est
460 687 670 747 αὑθυπόστατος
688 691 734 740 rel
752 685 949 754 λόιοσὺστατος,
965 703 1028 756 pro-
1054 687 1147 747 ιιαθὺς
1169 687 1296 755 petrem
1318 692 1365 740 sal
1384 694 1531 761 περιχωρεῖ
1548 689 1584 741 δι’
1607 684 1690 753 αὑτῆς
1708 683 1802 739 οὐδέν.
1838 684 1887 739 Im-

196 775 285 845 priam
313 772 419 827 habens
454 772 675 841 subsistentiam,
711 789 801 843 neque
832 772 1027 840 inundaturas,
1055 773 1194 828 manentia
1221 772 1307 844 igitur
1327 775 1409 843 juxta
1428 771 1632 828 Damascenum
1650 773 1765 843 utrique
1776 777 1888 824 natans

141 914 157 926 „
196 876 307 929 prorsus
331 859 436 912 nullam
460 859 565 914 habens
589 859 810 928 subsistentiam
839 859 934 930 utique
962 874 1028 929 ergo
1055 860 1276 928 communisset,
1297 860 1345 915 sed
1358 860 1497 914 immentio
1514 859 1626 914 divinae
1637 867 1756 913 nauuae
1770 857 1887 928 propria

197 952 241 1001 est
257 944 448 1014 λνυπόστατος,
469 947 499 1000 ἐν
517 945 590 1015 αὐτῷ
607 951 644 1015 τῷ
663 945 749 1023 Λόγῳ
767 945 928 1002 subsistens.
955 944 1029 999 Dici·
1056 944 1147 1000 Gslat
1172 946 1219 1001 lib.
1246 950 1269 1000 3.
1292 946 1326 1000 de
1346 962 1437 1001 erasm
1458 963 1482 1001 c.
1503 951 1526 1001 2.
1546 945 1668 1001 reddidit
1687 945 1889 998 circumsessio·

197 1040 243 1109 tup
256 1040 349 1088 autem
364 1032 548 1092 inanimatos
562 1049 619 1086 non
633 1032 820 1103 qualicunque
832 1030 1030 1086 sustentatione
1055 1050 1123 1087 ιιετυ.
1161 1032 1279 1097 Quidam
1306 1032 1456 1102 definiunt,
1482 1034 1555 1105 quod
1582 1034 1619 1086 sit
1644 1030 1715 1091 ὅλως
1742 1029 1814 1101 πρὸς
1840 1030 1888 1083 ὅλα

198 1126 226 1175 et
243 1120 396 1191 gestatione
414 1119 443 1172 iu
457 1119 544 1187 Λόγῳ
564 1134 616 1173 nec
634 1118 711 1172 nuda
727 1118 763 1172 ad
784 1113 884 1188 Λόγον
901 1133 1029 1188 praesen·
1056 1117 1188 1185 παντελὴς
1205 1118 1302 1179 ἕνωσις
1317 1119 1426 1191 όμιγής,
1445 1120 1585 1173 immeatr'o
1595 1120 1765 1186 arctissima,
1779 1119 1831 1170 sed
1842 1118 1887 1170 im

198 1207 246 1274 tia,
267 1207 316 1260 sed
336 1204 510 1266 ὑποστάσεως
529 1207 577 1257 τοῦ
591 1203 690 1273 Λόγου
709 1203 954 1259 communicatione
972 1203 1030 1273 ple-
1054 1206 1206 1274 permista,
1230 1206 1296 1276 quia
1313 1206 1493 1262 immanentis
1509 1206 1558 1259 illa
1573 1204 1691 1276 requirit
1706 1204 1889 1274 praesentiam

85 1292 325 1360 n1.tts.nissima,
345 1308 408 1346 cum
425 1298 485 1345 tota
502 1290 646 1361 plenitudo
663 1290 774 1344 deitatis
794 1290 822 1344 in
842 1291 904 1360 ipsa
922 1288 1031 1343 dicatur
1056 1290 1237 1345 arctissimam
1255 1298 1283 1347 et
1299 1292 1433 1358 intimam,
1450 1290 1530 1357 unde
1543 1290 1663 1360 profluit
1696 1297 1722 1346 5.
1745 1289 1820 1354 Quis
1837 1286 1889 1343 Λό·

198 1377 323 1432 habitare
341 1377 444 1432 Coloss.
469 1383 491 1432 2.
509 1395 534 1429 v.
555 1383 585 1444 93
612 1377 795 1435 ἐνυπόσιατος
816 1383 858 1430 est
881 1393 937 1430 non
958 1378 1029 1429 aoei—
1057 1397 1108 1445 γου
1131 1376 1281 1438 ὑπόστασις
1303 1378 1379 1432 sacta
1402 1384 1444 1433 est
1460 1376 1551 1432 carnis
1569 1376 1740 1447 hypostasis,
1765 1376 1829 1431 ideo
1846 1392 1890 1429 na·

198 1465 356 1531 dentaliter,
374 1469 406 1517 ut
424 1462 553 1517 accidens
572 1462 600 1516 in
616 1461 757 1532 subjecto,
782 1477 833 1516 neo
854 1461 1031 1531 partialiter,
1056 1469 1135 1518 turae
1152 1463 1205 1517 hae
1221 1463 1429 1519 duaesuntsibi
1441 1462 1561 1517 invicem
1577 1462 1804 1532 praesentissime
1815 1478 1889 1531 prae

197 1557 229 1605 ut
246 1567 311 1620 pars
330 1549 358 1602 in
378 1556 445 1616 toto,
466 1549 514 1604 sed
528 1548 719 1616 personaliter
738 1565 770 1602 ac
790 1547 981 1618 singulariter,
999 1554 1031 1601 ut
1056 1555 1153 1604 sentes.
1182 1549 1281 1621 Neque
1301 1549 1376 1604 enim
1393 1566 1458 1619 pars
1477 1548 1559 1618 parti,
1577 1548 1628 1603 sed
1639 1553 1715 1602 totus
1728 1548 1826 1617 Λόγος
1842 1548 1890 1602 toti

197 1643 297 1690 natura
315 1636 343 1689 in
361 1651 486 1705 persona.
512 1634 709 1704 (translatores
723 1634 893 1706 philosophis
910 1641 931 1688 1.
945 1632 1029 1704 signi·
1056 1635 1144 1702 carni,
1166 1644 1193 1691 et
1209 1644 1268 1691 tota
1285 1653 1349 1690 caro
1367 1636 1417 1690 toti
1429 1634 1518 1703 Λόγῳ
1536 1641 1578 1689 est
1590 1633 1677 1702 unita,
1697 1634 1763 1689 ideo
1783 1641 1891 1704 propter

198 1722 264 1777 ficet
282 1722 447 1789 automata,
467 1737 567 1793 nempe
585 1721 658 1791 quod
678 1720 828 1776 secundum
848 1736 878 1774 se
894 1736 950 1773 nou
967 1719 1030 1773 sub·
1057 1722 1233 1783 ὑποστάσεως
1262 1723 1410 1789 πιστότητα
1440 1726 1486 1774 καὶ
1517 1723 1572 1775 τῶν
1596 1721 1713 1792 φύσεων
1730 1726 1771 1781 εἰς
1790 1719 1889 1787 ἄλληλα

133 1789 136 1811 ¹
199 1809 280 1877 sistit,
299 1807 348 1862 sed
364 1808 394 1861 in
407 1807 531 1876 personis
544 1806 601 1861 sive
618 1806 814 1876 hypostasibus
827 1805 1031 1859 subsistentiam
1057 1809 1243 1881 περιχιὺρησιν
1268 1810 1376 1880 Λόγος,
1403 1810 1444 1864 ita
1467 1825 1599 1879 praesens
1618 1815 1660 1863 est
1683 1808 1763 1861 carui
1782 1816 1811 1863 et
1829 1824 1889 1862 aare

199 1895 290 1950 habet.
327 1893 372 1948 Sic
390 1893 494 1964 species
513 1910 562 1948 sen
585 1899 685 1947 natura
709 1891 849 1946 hominum
873 1891 1033 1945 nonhabet
1057 1896 1097 1950 ita
1120 1914 1251 1967 praesens
1272 1905 1314 1952 est
1338 1903 1372 1965 τῷ
1392 1899 1495 1968 Λόγῳ,
1523 1903 1554 1950 ut
1577 1912 1628 1950 neo
1646 1895 1745 1965 Λόγος
1764 1895 1802 1949 sit
1820 1901 1891 1949 extra

198 1981 338 2052 propriam
366 1978 543 2049 hypostasin,
570 1979 619 2033 sed
642 1985 684 2032 est
707 1977 812 2048 aliquid
835 1977 864 2031 in
889 1976 1032 2048 hypostasi
1058 1999 1183 2052 onmem,
1208 2001 1260 2038 neo
1284 2000 1348 2038 omo
1369 1991 1446 2038 extra
1464 1983 1577 2052 Λόγου,
1605 1982 1654 2037 sod
1672 1981 1837 2053 ubicunque
1854 1988 1893 2037 φιτ

198 2067 290 2136 Petri,
308 2065 404 2131 Pauli,
422 2064 572 2132 lobannis3
600 2070 624 2120 2.
643 2063 782 2135 signifieat
800 2072 913 2132 partem
936 2070 961 2115 et
980 2080 1031 2131 po·
1058 2069 1161 2140 Λόγος,
1180 2069 1219 2124 ihi
1237 2070 1319 2124 etiam
1337 2068 1587 2138 praesentissimam
1602 2068 1654 2122 sibi
1672 2067 1762 2122 habet
1777 2084 1893 2134 carnem,

200 2155 336 2208 tissimum
356 2151 536 2205 essentialem.
569 2150 615 2206 Sic
635 2167 734 2219 eorpus
755 2149 904 2204 humanum
924 2165 978 2203 non
992 2153 1034 2202 est
1059 2155 1162 2226 quippo
1181 2172 1264 2226 quam
1282 2156 1310 2209 in
1330 2172 1465 2225 personae
1478 2155 1614 2209 unitatem
1630 2154 1771 2223 assumsit,
1793 2162 1821 2209 et
1836 2153 1892 2208 ubi·

98 2256 101 2261 ·
200 2239 373 2310 hypostasis,
401 2253 453 2291 neo
478 2237 571 2291 anima
594 2242 636 2291 est
653 2235 824 2306 hypostasis,
850 2236 899 2289 sed
916 2242 1033 2305 duaque
1059 2258 1168 2311 cunque
1197 2248 1239 2295 est
1268 2257 1348 2308 caro,
1379 2240 1418 2295 ibi
1445 2240 1698 2311 praesentissimum
1728 2240 1784 2294 sibi
1814 2240 1893 2295 habet

202 2332 267 2380 sunt
285 2324 464 2379 λνυπόοτατα.
493 2322 671 2394 significatio,
691 2324 719 2375 in
737 2338 793 2393 qua
813 2321 864 2376 hoc
883 2321 943 2375 loco
956 2338 1033 2374 usur·
1061 2327 1107 2380 τὸν
1136 2324 1389 2397 Aa'yer,‚quippe
1417 2325 1445 2380 in
1477 2329 1557 2396 eujus
1586 2326 1752 2396 hypostasin
1783 2334 1826 2380 mo
1854 2342 1893 2379 m.

200 2419 292 2484 patur,
314 2411 403 2483 magis
421 2410 530 2465 aceedit
547 2409 584 2464 ad
600 2409 779 2480 posteriorem
797 2423 880 2479 quam
896 2409 1033 2477 priorem.)
1058 2420 1156 2469 mmm,
1211 2412 1449 2478 Quemadmodum
1492 2412 1587 2482 Λόγος
1630 2429 1686 2466 non
1733 2418 1778 2466 est
1818 2416 1892 2467 om

200 2499 375 2570 Augustinus
399 2499 434 2552 de
456 2497 502 2551 fid
523 2497 558 2550 ad
577 2496 690 2550 Petrum
709 2501 799 2550 cxli:
830 2495 946 2548 Verbum
966 2511 1033 2546 earo
1059 2515 1138 2552 suom
1157 2499 1301 2566 deitatem,
1329 2501 1409 2569 cujus
1427 2505 1468 2553 est
1485 2499 1654 2569 hypostasis,
1679 2498 1719 2553 sio
1738 2498 1823 2552 etiam
1843 2515 1894 2552 nou

200 2588 308 2650 factum
333 2602 419 2637 unam
442 2584 522 2636 habet
546 2583 704 2636 divinitatis
723 2582 869 2651 camiseam
886 2597 954 2633 snae
967 2597 1033 2650 per·
1060 2592 1102 2640 est
1128 2592 1204 2640 extra
1227 2602 1305 2652 suam
1328 2603 1438 2640 comem
1453 2586 1573 2640 essentia
1591 2584 1704 2656 quidem
1724 2584 1848 2644 finitam,
1867 2585 1894 2638 in

106 2683 110 2693 ’
200 2690 306 2725 sonam.
354 2669 543 2723 Damascenus
571 2667 643 2721 libro
669 2669 751 2722 tertio
780 2667 871 2737 capite
900 2667 1034 2722 secundo:
1061 2670 1146 2742 Λόγῳ
1178 2677 1270 2727 tamen
1301 2673 1484 2743 personaliter
1509 2672 1713 2727 subsistentem.
1758 2671 1798 2726 Ut
1826 2672 1893 2726 euim

201 2757 296 2828 Λόγος
310 2760 392 2828 σαριιλ
406 2757 573 2828 ἐῳυχωμόνη
590 2758 636 2807 καλ
651 2753 766 2823 ἐναὺτιρ
782 2753 812 2807 τὸ
828 2751 1033 2827 τλναιλαχοὺση
1062 2761 1097 2827 τῷ
1122 2758 1209 2828 Λόγῳ
1237 2759 1349 2829 propria
1376 2765 1419 2813 est
1445 2774 1495 2812 sua
1518 2759 1606 2813 deitas
1627 2775 1683 2826 per
1708 2766 1855 2810 aeternam
1877 2775 1893 2808 ιι

202 2846 315 2904 ἑνωθελς
332 2842 401 2896 κατὰ
424 2840 585 2894 ὑπόστασιν.
625 2842 654 2896 C.
675 2847 705 2894 7:
726 2840 761 2900 aia
780 2859 808 2894 τε
828 2838 912 2906 αὐτὴν
924 2861 1034 2913 χρημα-
1061 2846 1148 2898 Patre
1171 2845 1390 2913 pancrationem,
1421 2844 1461 2898 sic
1486 2844 1577 2899 eidem
1605 2848 1642 2913 τρλ
1669 2841 1760 2912 Λόγῳ
1786 2843 1895 2913 propris

202 2938 274 2986 riam
301 2932 333 3004 τῇ
352 2933 435 2999 σαρκλ
457 2927 611 2982 ὑπόστασιν
628 2921 677 2990 τὴν
693 2928 742 2979 τοὺ
761 2927 828 2979 θεοῦ
848 2925 946 2995 Λόγου
968 2925 1034 2980 ὑπό·
1061 2931 1136 2985 facta
1166 2936 1208 2985 est
1234 2948 1298 2985 caro
1322 2947 1376 3000 per
1393 2931 1519 2984 unionem
1533 2930 1720 2999 personalm
1760 2929 1893 2993 Quemad-

203 3033 308 3072 στασιν.
335 3015 366 3072 C.
387 3020 416 3070 9:
435 3013 451 3081 ἡ
471 3013 538 3080 αὐτη
557 3017 608 3066 τοῦ
625 3012 724 3083 Λόγου
744 3011 893 3072 ὑπόστασις
912 3012 1035 3086 όμφοιέ-
1061 3016 1173 3071 modum
1198 3033 1264 3087 ergo
1285 3015 1466 3088 πιριχώρησις
1488 3015 1641 3070 essentialis
1658 3014 1687 3068 in
1705 3017 1834 3085 personis
1851 3015 1894 3068 tri·

203 3126 260 3179 ρων
287 3109 342 3158 τῶν
369 3102 483 3176 φύσεων
507 3100 656 3162 ὑπόστασις
675 3108 872 3174 χρηματίσασα
891 3097 954 3153 aira
970 3099 1035 3154 ἀνυ-
1061 3102 1156 3157 nitatis
1174 3119 1207 3156 ac
1228 3119 1284 3156 una
1301 3103 1389 3157 trihus
1406 3102 1530 3173 personis
1548 3101 1700 3157 communis
1719 3101 1814 3156 deitas
1823 3101 1894 3168 facit,
1906 3100 1948 3144 nal

181 3190 453 3247 adamaremus
474 3194 545 3262 μίαν
563 3184 633 3243 εἶναι
651 3194 800 3261 συγχωρεῖ,
828 3185 889 3241 aira
906 3185 962 3260 μὴν
981 3188 1035 3240 irs·
1062 3196 1093 3241 ut
1110 3204 1166 3242 una
1184 3204 1304 3258 persona
1321 3206 1375 3243 non
1394 3189 1431 3242 sit
1450 3193 1527 3242 erbe
1544 3188 1668 3256 alteram,
1687 3188 1739 3242 sed
1760 3189 1846 3243 Pater
1862 3188 1895 3241 sit

204 3274 545 3349 ρουποσιόιουςὺλλήλιυν
557 3275 859 3347 ελναιτιαραχωρεῖοτο.
883 3273 1035 3342 Etpostea:
1063 3275 1090 3326 in
1108 3273 1193 3341 Filio,
1219 3273 1307 3327 Filius
1331 3275 1360 3328 in
1384 3275 1469 3330 Patre
1489 3282 1517 3329 et
1535 3273 1653 3345 Spiritru
1672 3292 1694 3326 s.
1720 3274 1751 3328 in
1773 3282 1895 3344 unoque,

204 3367 255 3420 οὐκ
272 3362 469 3421 λὺιοσυστάταις
489 3360 589 3427 ὑπέστη
608 3359 623 3426 ἡ
642 3361 692 3413 τοὺ
705 3358 882 3428 θεοὺΛόγου
896 3348 1036 3425 aceresi-
1063 3361 1103 3415 sic
1131 3360 1311 3432 πιριχώρησις
1334 3361 1486 3431 personalis
1514 3365 1543 3414 et
1570 3376 1627 3413 una
1652 3359 1765 3414 duabus
1791 3361 1895 3415 naumis

204 3454 235 3506 dl
257 3451 336 3518 ἑτέρα
357 3449 504 3507 ὑπόστασις
520 3451 620 3517 pirata
641 3444 716 3517 παρὰ
736 3446 783 3512 τὴν
797 3449 846 3498 τοὺ
858 3450 925 3499 θεοῦ
938 3444 1036 3514 Λόγον
1063 3447 1214 3501 eommunis
1234 3444 1384 3506 ὑπόστασις
1403 3446 1478 3513 fauit,
1497 3453 1530 3500 ut
1549 3462 1605 3500 unu
1622 3452 1721 3499 uuurra
1741 3446 1770 3500 in
1790 3446 1895 3502 christo

205 3537 366 3599 ὑπόστασιν,
383 3533 444 3588 ἀλλ’
464 3533 495 3588 ἓν
513 3531 580 3606 αὑτῇ
600 3530 746 3586 ὑποστάσει
765 3530 950 3592 ἐνυπόστατος
967 3536 1036 3601 prii·
1063 3550 1118 3586 non
1139 3532 1176 3585 sit
1192 3540 1270 3586 extra
1288 3532 1411 3599 alteram,
1430 3532 1478 3586 sed
1496 3539 1528 3585 ut
1548 3538 1622 3586 totus
1639 3530 1737 3600 Λόγος
1755 3532 1836 3586 sitin
1850 3549 1896 3586 sua

206 3629 263 3679 λον,
287 3621 317 3680 (l.
333 3628 376 3678 ll:
398 3618 464 3686 nitri
483 3619 659 3687 ἠὺττόστασις
678 3621 726 3672 τοῦ
739 3621 808 3672 θεοῦ
820 3618 917 3688 Λόγου
930 3619 1036 3688 ἐγένετο
1063 3635 1145 3672 carue
1169 3622 1196 3672 et
1220 3625 1279 3672 tota
1302 3634 1366 3672 earo
1384 3618 1465 3671 sitin
1482 3617 1583 3687 Λόγῳ,
1611 3633 1644 3671 ac
1663 3618 1896 3686 quemadmodum

204 3713 235 3783 τῇ
253 3713 334 3781 σαρκὶ
349 3706 507 3765 ὑπόστασις.
547 3712 570 3758 l.
592 3704 663 3768 Quia
675 3703 774 3774 Λόγοιι
794 3703 945 3764 ὑπόστασις
962 3704 1038 3759 faeta
1064 3703 1247 3758 labefactatur
1271 3704 1407 3758 essentiae
1428 3703 1533 3764 unitas,
1559 3703 1583 3756 si
1605 3702 1682 3756 dicas
1708 3703 1816 3758 Filium
1841 3722 1896 3760 esse

205 3803 247 3852 est
264 3795 347 3849 etiam
365 3792 454 3847 earnis
474 3792 637 3855 ὑπόστασις,
662 3791 725 3845 ideo
747 3795 811 3860 post
829 3778 931 3846 sectam
948 3791 1036 3846 incar-
1064 3795 1141 3844 extra
1164 3790 1291 3857 Patrem,
1315 3796 1342 3844 et
1358 3790 1471 3844 Patrem
1494 3796 1573 3843 extra
1588 3788 1705 3856 Filium,
1732 3806 1896 3861 quocunque

204 3882 344 3936 nationem
366 3886 408 3933 est
430 3878 527 3932 intima
551 3885 712 3931 naturarum
730 3877 868 3931 unitarum
889 3875 1037 3949 περιχόρη-
1064 3876 1146 3930 modo
1165 3893 1198 3930 ao
1215 3883 1342 3946 respectu
1360 3875 1429 3929 illud
1449 3876 1523 3930 voles
1548 3875 1739 3945 interpretari:
1764 3878 1806 3931 sio
1826 3877 1896 3931 labe

206 3986 247 4029 σις
270 3967 328 4020 sive
350 3964 497 4019 immeatio.
533 3962 664 4031 (Quidam
687 3962 778 4032 ipsum
801 3962 916 4018 formale
936 3963 965 4016 in
984 3963 1037 4017 hac
1063 3961 1213 4016 iactabitur
1241 3962 1334 4016 unitas
1361 3979 1507 4031 personae,
1540 3962 1564 4016 si
1591 3961 1683 4016 dicere
1705 3963 1775 4017 velis
1802 3963 1896 4033 Λόγοι

205 4052 385 4129 περιχωρησει
411 4055 550 4114 statuunt,
576 4049 615 4104 sic
643 4049 716 4103 enim
741 4049 929 4119 distinguunt:
964 4049 1037 4105 Unio
1064 4066 1124 4103 esse
1142 4055 1220 4103 extra
1239 4065 1347 4103 carnem
1366 4053 1395 4101 ot
1413 4064 1523 4102 carnem
1542 4054 1620 4102 extra
1637 4047 1751 4117 Λόγον,
1778 4066 1895 4120 quocun·

205 4141 353 4213 dupliciter
382 4137 585 4203 consideratur,
616 4136 786 4189 radicaliter
816 4144 840 4188 et
862 4137 1037 4206 formaliter.
1064 4151 1118 4204 que
1148 4135 1228 4189 modo
1257 4151 1289 4188 ac
1315 4140 1443 4203 respectu
1471 4133 1541 4187 illud
1568 4133 1745 4203 interpretari
1772 4136 1895 4191 volueris

204 4229 296 4284 Radix
313 4243 363 4282 seu
381 4225 591 4280 fundamentum
610 4222 718 4277 unionis
736 4228 779 4276 est
792 4220 971 4278 subsistentia
989 4206 1142 4307 seniHaec
1173 4237 1240 4291 ergo
1273 4219 1454 4291 περιχόρησις
1483 4220 1600 4290 requirit
1627 4220 1817 4290 praesentiam
1848 4240 1897 4276 non

205 4315 372 4386 personatio,
393 4311 508 4365 formale
522 4326 587 4363 vero
599 4325 646 4363 seu
664 4308 815 4362 formalitas
832 4314 874 4363 est
890 4308 1038 4366 immanen·
1066 4307 1146 4361 modo
1165 4308 1330 4374 penerolem,
1349 4308 1512 4374 pretiosam,
1530 4307 1692 4374 pieriosam,
1710 4323 1784 4377 quae
1799 4325 1896 4362 assum

206 4402 246 4455 tia
262 4417 311 4455 seu
329 4397 489 4469 permeatio.
527 4394 582 4449 Sed
600 4394 781 4467 περιχόρησις
798 4393 847 4449 illa
864 4395 966 4450 rectius
985 4402 1039 4449 sta-
1065 4399 1111 4447 tae
1127 4393 1204 4447 carni
1223 4410 1286 4446 oum
1305 4393 1366 4446 aliis
1384 4392 1517 4447 creaturis
1534 4398 1577 4445 est
1594 4392 1760 4457 communis,
1778 4395 1830 4449 sed
1846 4395 1895 4447 sin·

206 4487 294 4542 tuitur
311 4501 483 4555 consequens
498 4498 581 4552 quam
599 4480 713 4535 formale
730 4481 859 4547 unionis.)
895 4481 1038 4546 Quomodo
1064 4481 1205 4548 potarem,
1223 4481 1350 4533 intimam
1362 4488 1388 4533 et
1402 4479 1602 4546 arctissimam,
1619 4484 1651 4532 ut
1664 4495 1721 4531 una
1733 4486 1838 4535 natura
1848 4496 1896 4534 non

206 4574 278 4630 enim
291 4572 398 4642 absque
409 4571 460 4625 tali
478 4567 660 4641 περιχωρησει
677 4585 733 4622 nna
747 4568 861 4622 istarum
879 4576 1039 4622 naturarum
1064 4565 1153 4636 possit
1172 4583 1231 4620 esse
1247 4571 1325 4620 extra
1342 4565 1458 4619 alteram
1476 4564 1529 4618 sibi
1544 4564 1658 4632 unitam,
1675 4564 1746 4618 alias
1762 4566 1838 4621 soret
1848 4582 1896 4620 nau

206 4665 278 4716 esset
298 4656 465 4717 ὑπόστασιςλ
486 4655 624 4727 quomodo
642 4654 749 4725 absque
767 4672 801 4709 ea
817 4661 877 4708 tota
894 4653 1039 4724 plenitudo
1066 4651 1257 4722 περιχώρησις,
1279 4652 1327 4706 sed
1348 4650 1554 4724 παραχώρησις,
1574 4650 1639 4720 quis
1657 4650 1847 4720 περιχοόρησις
1860 4668 1896 4706 re

206 4744 318 4801 deitatis
343 4743 372 4797 in
401 4758 484 4797 carne
510 4746 634 4796 assumta
656 4739 812 4794 habitaret?
841 4739 913 4804 Quin
935 4739 991 4794 imo
1008 4745 1041 4793 ut
1065 4737 1150 4810 quirit
1174 4738 1358 4808 praesentiam
1382 4755 1439 4792 non
1461 4737 1620 4809 partialem,
1646 4736 1694 4791 sed
1713 4738 1845 4807 totalem,
1870 4744 1897 4792 ut

206 4837 320 4901 propter
346 4829 483 4884 essentiae
506 4828 641 4882 unitatem
665 4827 736 4881 inter
759 4841 889 4895 personas
908 4825 1039 4880 trinitatis
1065 4831 1139 4880 totus
1158 4824 1254 4895 Λόγος
1270 4825 1321 4879 toti
1338 4825 1422 4889 carni,
1444 4830 1503 4878 tota
1521 4840 1585 4879 earo
1604 4822 1655 4879 toti
1669 4823 1759 4893 Λόγῳ
1775 4826 1814 4879 sit
1825 4842 1897 4896 prae

208 4922 249 4974 est
267 4911 450 4988 πτηιχιὺρησις
463 4913 629 4980 essentiales,
648 4911 688 4966 its
705 4918 818 4982 propter
835 4927 968 4981 personae
980 4911 1039 4964 uui·
1066 4931 1142 4981 sens;
1160 4930 1214 4966 non
1232 4911 1424 4982 temporariam
1442 4918 1471 4966 et
1488 4911 1645 4975 solubilem,
1670 4911 1721 4978 sed
1738 4920 1897 4983 perpetrem

206 5009 291 5058 tatem
311 5001 383 5056 inter
400 5001 469 5053 duas
487 5005 601 5053 naturas
618 4998 647 5052 in
664 4997 774 5051 Christo
795 4996 886 5050 unitas
906 5003 948 5052 est
963 5016 1039 5070 περι·
1066 5004 1094 5054 et
1116 4997 1342 5053 indissolubilem.
1378 4998 1479 5052 Justin.
1498 4997 1527 5052 in
1546 4998 1605 5051 tre.
1624 5015 1698 5051 πιοτ.
1725 5016 1752 5068 p.
1772 5005 1840 5054 305:
1866 5000 1897 5052 ln

202 5087 325 5160 χώρησις
343 5086 516 5157 personalis.
552 5083 743 5140 Damascenus
762 5082 809 5138 lib.
830 5087 853 5139 3.
873 5100 896 5136 e.
914 5089 938 5138 l.
958 5089 1040 5138 vocat
1061 5086 1182 5155 proprio
1215 5084 1317 5152 templo
1344 5084 1571 5152 inseparabiliter
1600 5080 1755 5155 όχόριστον
1785 5085 1899 5139 Verbum

206 5172 257 5240 τὴν
278 5178 333 5227 τῶν
357 5173 472 5245 φὺσιων
492 5177 530 5232 sla
547 5169 650 5237 όλληλα
671 5167 864 5244 περιχόρησιν.
899 5170 1039 5240 Interpres
1065 5189 1123 5224 esse
1148 5172 1326 5239 affirmantes
1351 5188 1385 5223 ae
1402 5171 1489 5224 edati
1501 5170 1707 5239 plenitudinem
1729 5172 1845 5226 deitatis
1861 5172 1897 5223 ιἰι-

206 5258 328 5314 reddidit
351 5267 520 5312 naturarum
539 5259 569 5310 in
586 5257 701 5331 inuicem
719 5256 926 5309 immanentiam
943 5274 978 5309 aa
996 5256 1038 5308 in·
1065 5257 1192 5310 hahitare
1208 5257 1248 5308 ibi
1264 5258 1386 5320 fatentes
1398 5257 1522 5310 omnibus
1535 5271 1642 5325 qaoque
1654 5255 1687 5307 id
1696 5256 1792 5325 iprum
1804 5259 1898 5312 adsue

205 5346 363 5400 sermonem.
394 5344 423 5399 C.
442 5351 469 5398 5:
494 5348 519 5397 ελ
536 5344 566 5396 lr
582 5341 712 5408 ἀλλήλαις
729 5345 944 5416 περιχωροῦσιν,
969 5340 1038 5395 ἀλλὰ
1066 5343 1191 5409 dicimus,
1209 5343 1261 5394 sed
1277 5342 1466 5398 commilita.
1503 5346 1526 5397 6.
1544 5341 1617 5406 Quia
1633 5339 1734 5410 Λόγου
1753 5341 1899 5400 ὑπόστασις

206 5428 256 5498 τὴν
280 5435 317 5491 alc
340 5431 457 5498 ἀλλήλας
480 5429 585 5500 τροπήν
604 5449 631 5483 τε
653 5434 699 5483 καλ
716 5427 870 5503 μεταβολὴν
890 5428 921 5481 οὑ
942 5435 1038 5497 noeai-
1064 5428 1140 5483 faeta
1167 5433 1210 5481 est
1234 5427 1323 5481 earnis
1350 5425 1510 5496 ὑπόστασις,
1539 5426 1603 5481 ideo
1630 5443 1715 5479 unum
1744 5427 1773 5481 iu
1793 5428 1898 5483 Christo

206 5537 290 5576 arran
327 5517 358 5573 (l.
377 5525 401 5572 t.
421 5517 511 5572 addit:
536 5520 636 5583 tortor,
656 5515 700 5585 ὡς,
721 5520 746 5572 τὶ
763 5520 811 5570 nal
828 5521 991 5586 περιχωρεῖν
1008 5516 1039 5570 ἐν
1065 5512 1265 5589 ὑφιστάμενον,
1277 5531 1403 5584 persona
1422 5531 1488 5568 aaa.
1524 5512 1605 5568 Duae
1622 5511 1779 5583 quidemn
1792 5514 1898 5571 Christo
