3984 6022
698 276 751 335 DE
768 274 983 337 sumamma
1001 276 1132 338 Mean.
1560 273 1565 286 '
1704 287 1762 347 1⁷5

67 425 206 488 fecs’enda
232 444 304 498 esse,
332 446 403 499 quae
429 431 537 502 scripta
564 440 644 500 emt,
666 440 788 488 samem
816 435 902 489 Deus.
932 435 1169 504 indubitatumque
1194 436 1296 489 solutis
1322 442 1347 489 et
1371 442 1493 488 castrum
1519 441 1544 488 et
1565 450 1764 503 propupnaeu·

67 512 189 584 August
221 514 270 569 tib.
298 522 322 570 i.
350 515 386 570 de
415 516 492 587 bapt.
519 525 615 574 centn
640 517 778 575 Donatiet
807 537 830 575 a
858 527 903 577 26:
930 521 1000 586 ium,
1027 523 1106 577 eaioo
1129 523 1292 576 traditionis
1307 522 1497 589 fundamento
1520 519 1592 572 ninii
1608 537 1698 574 nouae
1722 521 1763 574 irs·

70 597 154 660 Quod
172 602 332 670 Cyprianus
353 611 457 668 monet,
481 612 512 658 ut
534 607 576 658 ad
596 607 702 669 fontem
719 623 903 675 recurramus,
923 609 1023 673 fertur
1040 608 1185 675 mciesiae,
1210 607 1385 678 quantumuis
1406 607 1571 674 Scripturas
1589 606 1763 662 aboleantur.

67 685 102 740 id
125 694 166 740 est
188 688 380 757 apostolorum
399 690 587 755 traditionem,
605 700 631 746 et
648 693 714 746 inde
731 693 856 746 canakm
874 693 903 746 in
930 697 955 747 3.
968 691 1087 758 Quidam
1107 697 1228 765 primurn
1243 693 1335 749 locum
1348 691 1590 762 tribuuutscripto
1602 691 1762 765 nangeio,

66 779 165 825 nostra
185 780 311 842 tempora
328 775 499 843 diripamns,
522 779 654 846 optimum
673 786 713 831 est
730 787 756 832 st
773 779 833 832 sine
853 779 902 831 dn·
925 780 1083 847 monimum
1108 779 1243 834 duntaxat
1269 794 1325 835 non
1350 779 1469 834 eundem
1492 775 1703 845 traditionibus,
1731 782 1764 831 nt

66 858 202 912 bitatione
219 860 442 926 faciendum.”
477 861 593 921 Tertull.
618 862 665 918 lib.
689 863 724 919 dc
740 863 901 934 praescript.
929 862 1083 921 Stanislaus
1141 865 1259 934 Hosius,
1305 864 1441 920 referente
1479 863 1613 936 virgatis
1660 862 1762 933 dialog.

64 959 91 998 c.
112 948 153 998 ti.
172 961 201 1015 p.
219 950 284 1002 2⁰8:
311 948 420 1002 Eadem
437 949 577 1003 dementia
594 958 642 1019 est,
662 967 723 1004 cum
740 951 902 1017 confitentur
931 955 954 1007 1.
978 959 1074 1007 contra
1090 951 1208 1006 Hosium
1229 958 1293 1007 tom.
1314 951 1336 1005 1.
1361 967 1435 1021 oper.
1457 948 1505 1004 iol.
1532 955 1588 1006 lto.
1612 954 1645 1003 ut
1667 956 1695 1004 at
1713 948 1762 1004 Ja-

65 1030 191 1100 quiriem,
211 1031 354 1101 apostolos
371 1033 443 1086 nibil
460 1038 612 1103 ipnorasse,
630 1052 681 1089 nec
699 1036 813 1091 diuersa
829 1035 902 1090 inter
928 1037 1013 1092 cobus
1048 1036 1216 1093 Nacbiantes
1250 1037 1352 1092 Fossae
1381 1035 1496 1091 Clodiae
1527 1034 1572 1090 vel
1605 1033 1762 1106 cinglensis

63 1131 97 1169 se
117 1117 321 1186 praedicasse,
348 1120 399 1174 sed
419 1137 476 1174 non
500 1121 595 1174 omnia
619 1122 714 1176 uolunt
736 1122 813 1175 omni
828 1137 901 1175 reue·
928 1122 1085 1194 epiecopus,
1115 1123 1176 1194 qui,
1206 1139 1269 1178 cum
1297 1123 1326 1178 iu
1347 1121 1464 1177 concilio
1489 1121 1615 1177 Trident
1646 1121 1758 1188 dicarat,

65 1200 156 1271 lasse,
179 1204 318 1270 maedam
341 1205 413 1259 adm
426 1206 528 1274 palam
546 1215 572 1260 et
586 1208 736 1276 uniuersis,
763 1209 901 1277 praedam
926 1210 1011 1264 cuba
1029 1210 1083 1263 iiia
1098 1210 1168 1278 pari
1180 1209 1296 1279 piatatis
1315 1210 1414 1279 affectu
1432 1216 1481 1263 etc.
1498 1208 1555 1262 sibi
1570 1210 1645 1262 dura
1660 1207 1760 1271 uideri,

64 1294 170 1341 secrdo
200 1295 226 1340 et
244 1289 347 1369 paucis
373 1292 570 1362 demandasse,
598 1294 673 1364 qnod
696 1293 786 1366 ipsum
808 1293 901 1348 multia
927 1295 999 1349 nibil
1018 1296 1091 1349 enim
1109 1312 1176 1364 esse,
1194 1297 1347 1366 quodcum
1365 1294 1507 1363 euanpeiio
1521 1294 1648 1353 conferri
1657 1300 1761 1363 posset,

64 1372 171 1429 ibidem
188 1372 297 1431 refellit.
328 1379 352 1430 ³.
370 1376 519 1448 inquibus
537 1384 683 1448 testantur,
699 1379 900 1435 baereticorum
927 1387 1040 1452 propter
1063 1380 1116 1437 hoc
1133 1382 1230 1452 jussus
1252 1388 1294 1436 est
1310 1397 1328 1435 a
1342 1380 1442 1453 legatis
1456 1378 1590 1435 Tridento
1608 1378 1757 1448 discedere,

64 1474 127 1513 esse
147 1459 289 1530 proprium
313 1460 349 1515 ad
371 1462 534 1519 traditiones
557 1465 654 1521 relicta
671 1465 814 1536 Scriptura
830 1482 900 1527 con·
927 1475 955 1522 et
968 1467 1085 1522 Romam
1101 1468 1139 1522 ad
1156 1458 1390 1539 impetrandam
1407 1466 1538 1538 pontifice
1552 1465 1659 1522 veniam
1676 1465 1760 1535 abira

64 1543 170 1616 fugere
190 1550 215 1600 4.
232 1545 262 1600 in
279 1546 382 1619 quibus
401 1550 537 1619 ejusmodi
555 1551 717 1608 traditiones
730 1560 899 1615 enumerant,
926 1553 1062 1610 referente
1080 1554 1177 1610 eodem
1195 1554 1329 1626 vergerio
1349 1553 1378 1608 in
1397 1554 1475 1625 epist
1494 1553 1532 1608 ad
1550 1569 1645 1624 regem
1663 1551 1759 1608 Polon

65 1645 139 1700 qnae
156 1645 209 1685 nec
228 1629 310 1688 hodie
328 1649 345 1688 a
362 1633 520 1690 Pontifieiis
538 1637 726 1698 observantur.

100 1722 159 1773 tol.
180 1718 341 1773 Antithesis.
368 1719 899 1796 Pontificii,qniaeibipereuaeem1nt,
961 1731 1019 1782 tot.
1051 1725 1236 1781 Bellarminus
1271 1726 1305 1781 de
1339 1724 1536 1781 traditionibus
1570 1723 1760 1794 disputaturus
1773 1733 1802 1776 11.
1814 1732 1861 1776 stt.

64 1802 238 1874 Scriptnram
268 1821 328 1861 esse
351 1805 553 1878 imperfectam,
578 1809 641 1866 ideo
665 1811 899 1882 imperfectionem
926 1810 974 1866 lib.
992 1817 1017 1867 4.
1041 1811 1076 1867 ds
1092 1810 1177 1867 verbo
1195 1811 1249 1867 Dei
1267 1811 1307 1866 sic
1327 1810 1520 1883 progreditnrt
1539 1824 1602 1883 cap.
1628 1816 1651 1865 1.
1666 1824 1760 1864 recem

62 1888 142 1945 iliam
166 1890 345 1946 traditionum
371 1893 563 1964 supplementa
588 1895 755 1953 abolendam
779 1904 900 1967 censent,
926 1901 969 1953 set
986 1913 1041 1962 eos,
1060 1898 1109 1968 qui
1126 1897 1298 1968 potissimum
1318 1897 1493 1953 defenderint
1508 1895 1553 1951 vel
1573 1894 1761 1966 oppugnarint

64 1975 141 2031 nude
164 1975 273 2048 magma
290 1978 421 2034 encomiis
438 1980 602 2038 nafflfionea
620 1989 761 2039 exornant
796 1983 898 2038 Lindu-
927 1999 982 2038 non
1000 1983 1117 2055 scriptas
1135 1983 1311 2053 audiisses,
1336 1999 1397 2053 cap.
1416 1988 1440 2038 1.
1458 1981 1555 2038 definit
1572 1980 1759 2049 traditionem,

62 2079 118 2117 nus
142 2062 190 2117 lib.
210 2068 233 2118 2.
256 2064 368 2136 panopl.
394 2082 418 2120 c.
439 2073 463 2123 5.
490 2056 536 2122 aas
555 2068 623 2124 dicit
641 2086 702 2126 esse
722 2072 898 2125 Homericum
926 2068 1000 2140 quod
1027 2069 1065 2124 eit
1088 2069 1220 2123 doctrina
1241 2087 1297 2124 non
1321 2069 1441 2138 scripta,
1467 2085 1523 2123 non
1547 2068 1659 2136 quidem
1685 2067 1763 2135 quad

61 2147 140 2202 iliud
160 2150 255 2223 μῶλυ,
279 2152 356 2221 quod
368 2153 457 2220 fidem
479 2151 670 2209 Christianam
689 2164 829 2210 consemt
849 2157 900 2210 ad·
926 2157 1056 2226 nuspiam
1081 2156 1119 2210 sit
1145 2157 1265 2225 scripta,
1293 2157 1345 2208 scd
1372 2156 1448 2223 quad
1472 2171 1528 2208 non
1552 2154 1590 2208 sit
1611 2153 1719 2222 scripta
1743 2169 1762 2205 a

61 2251 158 2288 cernis
180 2235 381 2292 Martiarum
406 2239 628 2303 incantnmcnta;
656 2239 706 2298 lib,
724 2242 812 2311 ejusd.
831 2258 855 2296 c.
876 2248 899 2298 9.
924 2242 1016 2310 primo
1041 2250 1161 2296 auctore
1203 2240 1294 2296 Taxat
1315 2239 1520 2307 Cbemnicium‚
1549 2238 1625 2311 quod
1649 2255 1683 2294 ex
1707 2236 1761 2308 Cy·

60 2326 144 2376 vocnt
160 2322 262 2377 emsa
278 2323 412 2394 clypeum
432 2324 480 2380 lib.
502 2332 524 2381 t.
542 2341 567 2381 c.
586 2332 611 2382 9.
629 2327 755 2396 lapidem
767 2329 898 2396 bodium,
925 2328 1022 2398 priano
1050 2326 1098 2381 lib.
1125 2331 1150 2383 2.
1177 2326 1257 2398 epist
1285 2331 1310 2382 3.
1334 2325 1494 2380 mixtionem
1521 2323 1616 2379 calicis
1644 2330 1762 2378 vocante

60 2405 110 2461 lib.
139 2413 163 2464 b.
195 2423 219 2462 c.
247 2414 271 2464 2.
291 2411 367 2478 fidei
385 2413 614 2477 fundamentum.
663 2411 842 2470 Hoffmeistar
870 2413 898 2468 in
925 2413 1099 2469 Dominicam
1114 2412 1291 2468 traditionem
1308 2410 1427 2483 probare
1445 2408 1576 2479 voluerit,
1596 2409 1760 2463 traditionis

60 2491 160 2548 ssent
177 2499 289 2563 patrum
306 2511 371 2567 pag.
382 2502 427 2553 24:
448 2498 512 2552 lita
529 2498 593 2552 sola
613 2501 756 2554 medenda
773 2509 814 2554 est
829 2501 898 2554 oeri-
925 2517 1024 2554 nomen
1047 2500 1194 2555 doctrinae
1218 2499 1342 2568 comptae
1366 2497 1466 2565 tribui,
1492 2514 1553 2550 cnm
1576 2496 1707 2564 nuspiam
1729 2496 1760 2546 in

60 2587 121 2648 tas,
149 2597 221 2649 puae
248 2582 278 2634 in
303 2583 382 2636 natio
408 2585 443 2637 ab
466 2585 654 2640 meieriastiea
672 2586 824 2641 traditione
840 2588 896 2641 ciis-
925 2586 1068 2655 euanpeiio
1094 2587 1127 2640 id
1150 2587 1290 2639 tradatur.
1322 2582 1374 2650 (At
1390 2581 1548 2654 Cyprianus
1572 2578 1767 2648 existimabat·

60 2674 159 2736 crepat
191 2674 217 2719 et
251 2667 405 2723 discordat.
448 2670 564 2727 Abeunt
595 2677 688 2727 tamen
718 2672 748 2726 in
775 2672 898 2728 diverses
924 2672 975 2726 boc
992 2688 1051 2727 esse
1070 2669 1211 2742 scriptum,
1230 2685 1264 2724 ac
1281 2667 1458 2724 nibilominus
1475 2673 1559 2723 vocat
1573 2665 1759 2734 naditiomm,

31 2755 169 2831 'partem
222 2757 245 2808 1.
279 2752 398 2818 Quidam
425 2757 529 2827 scripto
553 2756 608 2812 Dei
633 2757 719 2814 verbo
745 2774 792 2814 eas
820 2776 898 2813 saac-
924 2776 958 2815 cx
982 2758 1070 2831 ipsius
1098 2773 1164 2828 ergo
1189 2755 1336 2828 hypothesi
1353 2753 1527 2810 Cbemnicins
1552 2760 1600 2812 est
1627 2752 1757 2819 locutus).

60 2844 157 2906 mmet,
174 2842 204 2893 et
221 2837 328 2910 inpari
344 2841 435 2923 modu
452 2859 516 2897 eum
535 2844 778 2902 rmbocollocant.
792 2843 896 2900 Condi.
924 2844 1049 2916 Exempli
1075 2844 1136 2898 loco
1154 2842 1268 2913 subjicit
1301 2842 1466 2912 baptismum
1488 2840 1689 2910 parentorum,
1722 2838 1759 2892 de

58 2920 187 2980 Trident
215 2941 281 2980 aas.
304 2932 333 2982 t:
364 2926 553 2983 Sacrosancta
580 2931 748 2984 Tridentino
773 2934 896 2998 synodus
924 2949 978 3003 quo
1004 2932 1035 2984 in
1059 2931 1137 2984 nulio
1162 2929 1318 2999 apostolico
1342 2928 1415 2982 libro
1434 2927 1547 2997 alimsid
1563 2926 1699 2996 smiptum
1717 2925 1759 2977 in-

53 3010 249 3079 poespiciens‚
266 3011 339 3066 banc
356 3014 498 3068 uminum
517 3023 542 3069 et
560 3015 743 3085 disciplinam
760 3018 897 3071 sonuum
923 3019 1014 3072 ueniri
1036 3019 1086 3073 ait.
1122 3017 1176 3082 (At
1192 3015 1376 3071 Bellarminus
1396 3013 1456 3086 ipse
1472 3013 1521 3069 lib.
1540 3012 1576 3068 de
1594 3011 1670 3081 bapt
1689 3026 1714 3067 o.
1734 3014 1757 3065 8.

57 3094 91 3147 in
115 3095 197 3150 tibris
220 3099 312 3153 sacres
335 3108 361 3153 et
380 3100 441 3153 sine
458 3101 564 3171 scripto
582 3103 795 3171 traditionibus,
825 3121 896 3174 piae
922 3103 976 3159 tria
1002 3120 1035 3159 ex
1061 3102 1210 3175 scripturis
1236 3106 1401 3173 argumenta
1427 3117 1478 3170 pro
1502 3095 1668 3153 stabiliendo
1691 3111 1757 3167 pae-

57 3197 95 3235 se
118 3182 210 3252 ipsun
229 3185 335 3239 Cir-isti
358 3194 414 3240 ore'
430 3188 465 3240 ab
489 3188 625 3257 apostolis
643 3198 775 3259 acceptae
793 3200 841 3243 aut
859 3191 895 3243 ab
923 3189 1098 3261 dobaptismo
1116 3188 1237 3256 adducit,
1255 3193 1284 3242 et
1301 3203 1324 3241 c.
1343 3192 1367 3242 9.
1385 3185 1473 3253 addit,
1489 3182 1645 3254 quadratis
1659 3189 1756 3251 aperte

56 3268 132 3339 ipsis
155 3271 292 3338 apostolis
319 3270 431 3340 Spiritu
452 3282 550 3328 sancto
574 3275 711 3346 dmtantc,
740 3277 824 3345 quasi
842 3293 896 3347 per
922 3277 1075 3345 coiiipatur
1097 3292 1129 3328 ee
1155 3273 1337 3342 Scriptus-is.)
1376 3270 1486 3325 Deinde
1509 3268 1648 3339 duplicem
1670 3264 1756 3322 tradi·

57 3370 160 3408 manus
180 3357 304 3411 trads'tae
322 3359 364 3411 ad
378 3376 428 3412 nos
444 3376 529 3429 usque
542 3371 741 3431 peruenerunt,
766 3363 896 3418 ardrado
922 3363 1027 3418 ionum
1064 3359 1225 3415 divisionem
1252 3357 1348 3413 baberi
1379 3356 1460 3426 dicit,
1495 3356 1615 3427 priorem
1643 3353 1755 3426 quidem

56 3457 158 3499 nortun
176 3450 290 3512 patmm
313 3445 439 3514 coempta
457 3455 551 3500 secuta
569 3464 661 3514 omnes
679 3449 767 3504 libras
784 3457 842 3504 tam
864 3451 895 3504 V.
923 3449 1076 3503 dmumtam
1106 3446 1143 3499 ab
1170 3444 1345 3513 auctoribus,
1376 3442 1554 3514 posteriorem
1581 3459 1600 3494 a
1614 3440 1756 3493 ¹rrsateria.

58 3544 146 3598 qnam
169 3528 207 3588 N.
233 3528 265 3583 T.
290 3547 351 3584 eum
373 3533 516 3601 utriusqus
538 3551 608 3586 untes
626 3537 706 3589 Deus
728 3536 766 3590 eit
789 3545 895 3604 auctor,
922 3534 1002 3589 Prior
1021 3533 1119 3589 divisio
1138 3537 1182 3587 est
1199 3530 1228 3587 in
1246 3530 1411 3586 traditiones
1431 3530 1557 3598 (ticinae,
1585 3525 1756 3598 apostolicas

57 3630 111 3668 nec
134 3608 191 3668 non
214 3617 381 3671 traditiones
403 3619 482 3686 ipsas
508 3627 563 3672 tum
587 3622 629 3674 ad
651 3622 748 3684 fidem.
775 3629 832 3676 tum
856 3625 897 3677 ad
923 3628 949 3674 et
972 3619 1182 3674 tecledasticas.
1218 3617 1338 3672 Divinae
1360 3616 1504 3684 dicuntur,
1530 3631 1603 3684 quae
1626 3620 1756 3682 acceptae

57 3716 152 3755 mores
167 3702 352 3773 pertinentes,
379 3711 513 3774 nusquam
536 3706 580 3761 uei
603 3714 729 3761 oretenus
747 3725 766 3761 a
785 3707 896 3764 Christo
921 3715 985 3761 sunt
1007 3707 1044 3760 ab
1067 3708 1131 3776 ipso
1150 3704 1262 3760 Christo
1285 3702 1429 3773 apostolos
1446 3704 1560 3756 docente
1578 3708 1603 3753 et
1622 3716 1757 3768 nmqrram

56 3787 105 3841 eei
130 3805 150 3842 a
173 3787 284 3858 Spiritu
309 3799 408 3853 sancto
435 3793 557 3846 dictatas
581 3800 607 3845 et
629 3794 762 3848 continua
790 3812 895 3849 encom-
923 3794 953 3846 in
972 3794 1063 3848 seems
1082 3792 1171 3847 literis
1188 3791 1371 3846 inueniuntur.
1406 3787 1489 3843 Talia
1505 3787 1574 3842 dicit
1590 3803 1665 3848 esee,
1683 3801 1757 3857 quae

55 3873 140 3927 sione
161 3874 193 3928 in
216 3875 334 3928 cocheio
352 3876 700 3945 catisoiicaeonseruatas,
721 3881 793 3948 pari
804 3881 895 3950 pieta-
921 3880 959 3935 ad
983 3880 1130 3934 materiam
1155 3886 1181 3932 et
1197 3879 1327 3946 sormam
1350 3883 1586 3930 sacrarncntorum
1605 3872 1755 3943 pertinent,

57 3961 99 4012 tis
122 3961 222 4030 affeetu
245 3969 272 4016 et
294 3965 449 4017 reuerentia
466 3967 583 4033 suscipit
601 3973 628 4018 et
646 3975 802 4020 ueneratur.
839 3967 895 4024 De·
922 3969 957 4021 de
980 3967 1078 4037 quibus
1097 3982 1195 4035 pauca
1221 3964 1375 4018 iubeantur
1392 3962 1423 4015 in
1442 3962 1546 4015 diuinis
1564 3961 1670 4029 literis,
1694 3975 1756 4012 cum

55 4052 182 4103 nmium
211 4053 255 4103 est
283 4046 336 4107 boc
367 4049 508 4105 decretum
536 4067 569 4105 ex
595 4067 619 4105 o.
646 4052 893 4109 ecclesiasticarum
922 4063 1014 4107 tamen
1032 4062 1135 4107 certum
1155 4052 1200 4120 sit,
1218 4057 1454 4104 remansurorum
1473 4047 1620 4101 essentiam
1635 4063 1690 4099 non
1702 4062 1755 4113 po·

55 4130 123 4191 dist
144 4139 189 4189 tl:
210 4133 473 4193 Ecclesiasticarum
490 4137 693 4192 institutionum
709 4141 847 4208 mmsdam
865 4141 894 4194 in
920 4142 1006 4193 tuisse
1032 4141 1088 4193 nisi
1105 4157 1125 4192 a
1146 4137 1258 4191 Christo
1278 4135 1393 4192 institui.
1438 4133 1690 4200 (sacramentorum
1701 4128 1755 4185 'no-

56 4220 187 4289 scriptis,
216 4221 357 4289 amidam
382 4239 448 4285 cero
478 4223 637 4296 apostatica
663 4225 817 4280 traditione
840 4244 894 4298 per
921 4228 994 4281 mine
1031 4224 1224 4295 intelliguntur
1257 4221 1302 4278 vel
1328 4220 1384 4276 duo
1408 4236 1471 4275 rere
1495 4227 1524 4275 et
1545 4218 1655 4290 proprie
1679 4217 1756 4270 dicta

55 4321 228 4360 nccmores
260 4307 291 4360 in
324 4307 477 4362 ministerio
514 4311 695 4375 confirmatas
728 4313 895 4382 accepimus,
921 4314 954 4369 N.
981 4313 1014 4366 Τ.
1040 4317 1224 4378 sacramenta,
1255 4307 1409 4378 baptismus
1441 4311 1471 4361 et
1499 4302 1678 4372 eucharistia,
1709 4300 1755 4355 vel

56 4392 200 4463 meam
230 4409 295 4446 cero
324 4395 520 4449 cmmoetudine
549 4398 698 4452 roboratas
727 4400 894 4470 approbarit
920 4399 1042 4472 quinque
1064 4395 1272 4452 Pontificiorum
1298 4400 1471 4449 iuramenta
1496 4391 1604 4446 duobus
1630 4388 1684 4443 illis
1708 4402 1754 4441 su·

56 4478 324 4547 uus,qn·o1opar
337 4480 543 4535 anaeticum
562 4485 686 4553 utrisque
704 4486 818 4539 debetm
831 4486 892 4555 pie·
919 4484 1072 4558 pei-addita
1098 4482 1221 4556 ,Illorum
1245 4481 1335 4536 forma
1357 4488 1386 4536 et
1410 4479 1526 4534 materia
1549 4478 1578 4532 in
1602 4474 1753 4546 Scripturis

56 4565 126 4619 tatis
144 4566 266 4635 affectus.
304 4564 415 4621 Catscb.
439 4581 473 4621 ex
492 4566 602 4623 decreto
621 4570 719 4627 concil.
739 4570 816 4629 ind.
836 4573 893 4627 edi·
919 4571 1004 4628 sacris
1020 4571 1087 4625 sans
1107 4569 1209 4625 diserte
1226 4575 1318 4623 exstat
1336 4566 1475 4637 exposita,
1495 4565 1593 4620 horum
1610 4561 1752 4617 materiam

55 4656 104 4723 tue
124 4666 153 4721 p.
181 4655 221 4707 lt.
245 4650 312 4708 edit
330 4650 388 4715 Col.
416 4653 513 4707 Omnis
536 4656 681 4711 doctrinae
704 4660 793 4722 ratio,
821 4676 892 4729 pisae
918 4669 947 4717 et
971 4658 1088 4714 formam
1114 4655 1142 4710 iu
1168 4655 1224 4709 illis
1251 4661 1358 4710 entare
1383 4669 1433 4706 nos
1456 4667 1604 4723 negamus,
1633 4648 1751 4720 proinde

48 4735 187 4806 fidelibus
209 4739 350 4801 badenim
372 4747 426 4806 est,
451 4741 533 4794 uerbo
553 4745 612 4797 Dei
634 4745 796 4814 continetur,
816 4749 893 4815 qnod
918 4747 1001 4801 etiam
1026 4759 1076 4815 pro
1100 4741 1279 4797 sacramentis
1306 4759 1324 4795 n
1347 4738 1457 4795 Christo
1481 4737 1614 4792 institutis
1637 4734 1749 4790 minime

55 4833 87 4877 tn
105 4823 285 4897 Scripturam
308 4826 529 4897 traditionesque
553 4830 729 4885 distributum
747 4839 796 4887 est.
822 4831 891 4887 Cen·
917 4830 1100 4904 agnoscimus.
1156 4826 1342 4882 Bellarminus
1375 4841 1439 4879 vero
1470 4823 1524 4878 sibi
1557 4819 1748 4878 contradicens

54 4925 112 4965 rur.
134 4908 230 4966 Goion.
248 4909 296 4966 rot
314 4916 373 4968 2311.
391 4914 501 4983 statuit,
530 4916 697 4970 traditiones
719 4918 819 4972 babere
837 4937 892 4988 pa·
917 4920 1001 4974 enam
1025 4916 1122 4972 borum
1149 4919 1382 4969 sacramentorum
1409 4912 1552 4966 materiam
1578 4915 1607 4964 et
1632 4908 1749 4964 sormam

53 5015 114 5052 ress
137 4999 329 5053 audorimem
353 5008 379 5054 et
396 5003 494 5055 eadem
505 5002 567 5071 fide
585 5003 741 5057 credendrn
759 5021 829 5072 esse,
854 5007 890 5058 si·
917 5003 997 5058 anxie
1020 5001 1049 5057 in
1072 4999 1221 5071 scripturis
1245 4997 1372 5070 quaerit).
1411 4995 1588 5067 Apostolioae
1610 4994 1749 5066 dicuntur,

53 5084 174 5154 candia,
193 5102 264 5154 arms
277 5086 377 5141 babent
389 5090 541 5154 manifesta
559 5089 590 5141 in
606 5088 755 5158 Scriptura
772 5092 891 5146 testimo·
918 5106 988 5161 quae
1013 5089 1048 5141 ab
1072 5087 1209 5157 apostatis
1234 5085 1376 5138 institutae
1400 5090 1478 5150 suist,
1508 5099 1563 5136 non
1581 5090 1670 5134 tanim
1688 5081 1749 5136 sine

53 5170 113 5226 nia.
148 5176 173 5228 2.
192 5169 312 5239 Quidam
334 5189 399 5229 vero
419 5174 582 5229 traditiones
599 5173 760 5245 Scripturas
777 5180 890 5247 musse—
917 5175 1076 5231 assidentia
1095 5171 1221 5243 Spiritus
1246 5170 1349 5237 senen,
1375 5175 1402 5222 et
1426 5167 1607 5223 nibilominus
1629 5185 1686 5221 non
1704 5185 1748 5220 ee·

52 5265 133 5321 rrrrt,
164 5273 199 5313 ac
230 5258 349 5329 primum
378 5258 469 5316 locum
498 5259 706 5330 traditionibus,
735 5263 890 5334 proximum
916 5269 991 5317 stant
1015 5260 1137 5329 scriptae
1163 5259 1193 5311 in
1217 5272 1311 5310 eorum
1335 5253 1475 5324 rps'stolis,
1502 5253 1583 5327 quale
1604 5270 1664 5309 ease
1680 5251 1750 5308 dicit

52 5340 169 5405 mun
190 5341 350 5415 Scriptura
375 5344 510 5403 tribuunt
549 5346 694 5403 Lindanus
722 5347 752 5403 in
779 5348 827 5406 lib.
855 5351 890 5407 de
910 5348 1052 5420 Jejunium
1089 5341 1335 5417 qreadropesimaie
1369 5348 1395 5395 et
1431 5350 1552 5411 quarm
1588 5349 1748 5411 temporum.

51 5433 111 5500 opt-
130 5427 233 5503 Seript.
257 5430 399 5503 interpret.
438 5433 567 5487 Traditio
590 5433 779 5490 mciuianim
802 5437 891 5493 omnm
916 5432 1067 5506 (Quicquid
1089 5426 1206 5502 apostoli
1233 5428 1269 5482 ad
1293 5425 1378 5482 fidem
1401 5431 1430 5482 et
1452 5443 1541 5482 mores
1558 5427 1701 5499 pertinens
1717 5425 1749 5481 in

44 5513 141 5587 pices
160 5515 308 5585 κίίρίοηὴ
327 5515 506 5574 Christianae
523 5528 550 5575 st
565 5520 674 5593 puppis
691 5528 736 5579 est
750 5529 781 5594 et,
789 5539 890 5593 prora
915 5530 975 5602 ipis
994 5518 1116 5595 φάρη
1132 5513 1300 5572 meandum
1316 5519 1530 5587 praeceperint,
1555 5514 1627 5571 illud
1645 5522 1689 5572 est
1706 5509 1749 5567 di·
