3984 6022
582 232 588 247 ⁸
699 284 985 345 nsecmrsuns
1003 286 1134 344 siens
1711 297 1768 352 ιιι

67 439 97 493 in
115 452 224 493 summo
241 436 345 492 versari
364 437 488 508 periculo
506 437 542 493 ob
558 444 661 493 metum
676 440 1050 510 persecutionum‚ltotidem
1066 439 1201 511 partibus.
1237 438 1271 493 In
1285 440 1382 508 primo
1401 439 1494 507 docet,
1516 440 1613 512 quales
1636 457 1770 511 perseum

67 524 145 579 misit
170 525 206 578 ad
230 540 291 578 eam
316 523 505 591 Timotheum,
528 524 576 595 qui
595 524 855 582 'lbessalonicenses
879 510 971 580 iniad
990 526 1180 596 episcopatum
1192 524 1406 579 etdiaeonatum
1420 523 1572 595 eligendae.
1601 525 1635 580 In
1647 528 1770 581 semmdu

66 609 124 664 lide
143 609 326 664 confirmaret.
363 608 524 664 Timotheus
544 609 766 667 animadvertens
782 628 829 666 eos
847 590 1050 682 per-isingulis
1081 610 1246 682 praeseribit
1274 626 1325 664 sua
1355 610 1456 664 munia
1501 609 1534 664 ln
1562 613 1646 666 tertio
1673 611 1769 667 Titum

10 703 41 747 ot
68 694 259 751 secutiouibus
276 694 493 766 haudquaquam
515 697 658 752 exterritos
682 697 712 751 in
735 698 790 753 lide
808 698 906 753 nihilo·
933 697 976 751 sui
1000 699 1130 752 admonet
1152 696 1246 753 officii.
1281 696 1409 751 Ceterum
1432 695 1516 751 hasce
1537 697 1575 750 ad
1591 697 1768 752 Timotheum

66 783 158 836 minus
176 798 236 838 esse
253 789 425 845 constantes,
445 791 472 838 et
489 785 518 837 in
537 784 660 840 adversis
677 780 826 856 patientes,
846 803 904 841 rem
932 790 961 838 et
983 783 1078 837 Titum
1102 782 1234 854 epistolas
1257 782 1382 837 Marcion
1411 782 1476 837 olim
1500 782 1624 853 integras
1651 784 1767 852 respuit,

65 885 175 924 omnem
200 868 321 924 fideliter
344 870 380 923 ad
405 871 561 939 apostolum
583 871 691 940 retulit,
721 871 770 944 qui
797 873 826 926 in
852 873 905 926 hac
930 876 1000 925 teste
1019 870 1178 941 Epiphanio
1195 871 1299 926 haeres.
1321 876 1362 925 42.
1380 886 1414 924 ac
1432 869 1604 940 Hieronymo
1621 870 1651 930 in
1670 888 1767 926 comm.

63 954 185 1025 epistola
202 960 351 1025 propterea
370 971 417 1010 eos
437 957 534 1012 laudm
553 964 581 1012 et
599 975 677 1012 suam
694 975 746 1028 pro
763 957 817 1012 illis
835 957 903 1012 fide·
930 957 966 1010 ad
978 957 1034 1011 'lit
1054 956 1103 1010 sed
1122 956 1260 1010 communi
1277 955 1364 1009 totius
1383 957 1516 1011 ecelesiae
1534 957 1669 1029 suffragio
1688 958 1767 1012 fuere

64 1041 185 1110 litatern,
214 1058 308 1097 curam
341 1049 369 1096 et
400 1042 613 1098 sollicitudinem
640 1049 766 1098 testatur.
801 1045 904 1099 Postea
929 1060 979 1112 pro
1004 1041 1142 1096 canonicis
1166 1057 1275 1112 semper
1297 1040 1417 1094 habitae.
1440 1042 1589 1112 Augustin.
1605 1042 1651 1096 lib.
1673 1049 1705 1112 1.,
1731 1044 1765 1098 de

63 1126 192 1180 hortatur
208 1143 256 1181 eos
276 1128 312 1181 ad
332 1134 457 1181 sanctam
471 1129 545 1184 vitae
563 1129 812 1193 conversationem,
836 1108 1015 1223 dile-{doctu
1034 1127 1133 1182 Christ.
1157 1145 1181 1181 c.
1205 1132 1245 1182 16:
1273 1136 1329 1180 tres
1347 1127 1418 1179 istus
1438 1129 1611 1197 apostolicas
1631 1130 1766 1199 epimelas

64 1210 186 1267 monem
213 1218 242 1267 et
268 1213 359 1266 luctus
389 1218 502 1285 propter
529 1221 650 1269 mortuos
677 1215 901 1285 moderationem,
914 1230 1036 1282 {semper
1054 1221 1118 1266 onte
1142 1214 1238 1266 oculm
1260 1213 1361 1265 halem
1382 1211 1471 1265 voluit
1495 1230 1568 1277 eum,
1595 1215 1643 1268 oei
1670 1224 1710 1268 est
1735 1216 1766 1267 ia

65 1313 122 1369 qua
145 1299 292 1353 occasione
318 1299 353 1353 de
379 1300 579 1355 resurrectione
607 1307 776 1355 mortuorum
805 1308 833 1357 ct
856 1294 1045 1374 err-§eeclesia
1065 1299 1189 1351 doctoris
1205 1314 1327 1366 persone
1346 1298 1483 1365 imposito.

61 1389 152 1438 memo
177 1383 285 1454 judicio
304 1385 420 1439 disserit.
456 1384 603 1456 Capitibus
623 1393 733 1442 constat
752 1394 767 1443 5
786 1392 816 1442 et
838 1404 900 1458 par·
963 1391 1022 1440 tce.
1056 1390 1095 1439 13.
1126 1385 1176 1437 Ad
1204 1384 1403 1437 Philemonem.
1457 1383 1646 1439 Philemonem
1687 1385 1765 1439 illum
1778 1384 1893 1478 ffiffio·

62 1468 141 1523 tibus
160 1469 314 1525 absolvitur
330 1470 446 1540 duabus,
465 1489 583 1543 quarum
599 1473 675 1543 prior
693 1481 735 1527 est
748 1472 901 1540 insessum}
928 1471 1071 1541 apostolus
1095 1488 1121 1524 v.
1143 1477 1150 1524 1
1178 1478 1260 1524 vocat
1283 1468 1434 1541 συνεργὸν,
1459 1471 1488 1523 in
1514 1469 1702 1539 praedicando
1726 1487 1764 1526 sc
1778 1499 1839 1528 sem.

64 1554 230 1623 laudatoria,
247 1555 383 1626 posterior
400 1557 577 1630 superornati
595 1558 787 1614 exhortatoria
928 1557 1090 1628 evangelio,
1111 1573 1144 1611 ex
1164 1573 1220 1628 qno
1239 1562 1371 1628 apparet,
1399 1557 1491 1626 ipsum
1508 1556 1594 1611 fnisse
1610 1556 1765 1610 ministrum

10 1660 51 1695 us·
101 1644 160 1695 ioh.
184 1647 211 1697 9.
234 1641 381 1695 Posterior
406 1645 448 1695 od
476 1644 742 1698 Thessalonicenses.
787 1644 903 1700 Occasio
928 1642 1062 1697 ecclesiae
1089 1642 1258 1697 Colossensis
1284 1661 1309 1696 v.
1339 1648 1379 1697 i'l.
1426 1642 1574 1696 Anselmus
1601 1647 1663 1697 eum
1685 1650 1767 1698 vocat

10 1708 35 1798 ξ,
64 1724 224 1795 scriptionis
242 1726 310 1782 haec
327 1727 389 1783 init.
421 1728 501 1793 Quod
519 1729 547 1782 in
566 1729 664 1799 prioris
683 1730 815 1800 epistolae
833 1748 855 1784 c.
876 1737 900 1786 4.
929 1720 1102 1798 episcopum,
1126 1727 1286 1797 Hieronym.
1311 1726 1515 1793 euangelicam.
1558 1726 1676 1783 Occasio
1701 1728 1765 1782 seri·

10 1821 41 1849 ¹¹¹·
64 1817 95 1864 et
111 1816 137 1865 o.
158 1810 193 1866 de
211 1813 355 1882 repentino
368 1813 471 1868 Christi
486 1815 608 1869 adventu
629 1816 770 1892 apostolus
787 1817 902 1887 scripse
928 1814 1037 1868 bendae
1062 1814 1196 1884 epistolae
1224 1813 1293 1868 haec
1318 1813 1379 1868 init.
1425 1812 1570 1868 Onesimus
1596 1813 1765 1868 Philemonis

63 1903 115 1962 rat,
134 1895 165 1951 id
182 1897 296 1967 quidam
316 1915 348 1953 ex
369 1898 661 1955 Thessalonicensibus
679 1917 712 1955 eo
730 1918 813 1956 sensu
832 1901 902 1956 aeci·
928 1917 1023 1954 servus
1042 1917 1059 1954 a
1077 1901 1187 1954 domino
1206 1916 1255 1953 suo
1280 1899 1439 1953 clanculum
1462 1897 1637 1969 profugerat,
1664 1899 1764 1953 eidem·

22 1970 34 1988 ‘
60 1981 201 2051 piabant,¹
219 1998 253 2037 ac
280 1984 304 2037 si
330 1986 389 2054 jam
415 1984 531 2040 instaret
558 1985 616 2039 dies
634 1986 811 2056 Dominicus,
838 1987 902 2041 huic
928 2002 983 2056 que
999 1985 1095 2039 furtim
1114 1984 1251 2056 quaedam
1269 1985 1428 2038 sustulerat.
1463 1982 1580 2038 Romam
1598 1985 1710 2039 veniens
1730 1985 1765 2037 ad

60 2066 151 2122 falsae
174 2068 296 2138 opinioni
319 2071 463 2139 apostolus
487 2072 516 2124 in
542 2070 594 2125 hac
618 2071 735 2142 epistola
757 2087 901 2127 occurrere
927 2070 1009 2125 fidem
1028 2070 1212 2125 Christianam
1230 2070 1284 2124 fuit
1302 2084 1450 2124 conversus
1468 2077 1496 2124 ct
1514 2069 1595 2123 Pauli
1608 2068 1637 2123 in
1651 2069 1765 2140 captivi-

60 2153 158 2208 vclnit
200 2152 345 2224 Capitibus
370 2161 480 2209 constat
504 2156 593 2210 tribus
621 2173 654 2210 ac
677 2156 791 2211 totidem
816 2157 901 2226 parti·
926 2162 985 2211 tate
1002 2174 1097 2210 servus
1114 2155 1205 2211 fidelis
1218 2157 1310 2211 iaetus
1320 2155 1379 2211 Col.
1392 2162 1416 2223 1,
1433 2173 1460 2208 v.
1479 2162 1495 2210 9
1512 2155 1585 2209 1ιιιι
1603 2154 1765 2210 fidelitatem

60 2239 130 2307 bus,
148 2256 266 2310 qumum
285 2240 375 2311 prima
394 2246 436 2296 est
451 2240 618 2309 ἐπαινετική,
643 2243 672 2295 in
691 2259 747 2312 qua
765 2258 900 2297 commen·
926 2249 1150 2296 remuneraturus
1172 2242 1312 2312 apostolus
1335 2242 1410 2311 apud
1434 2240 1625 2296 Philemonem
1643 2239 1763 2312 diligen·

61 2325 113 2380 dat
128 2325 271 2396 apostolus
289 2326 576 2383 Thessalonicensium
594 2326 689 2396 fidem,
717 2327 900 2398 dilectionem,
925 2334 969 2381 ter
993 2345 1044 2398 pro
1068 2328 1129 2398 ipso
1157 2328 1309 2383 intercedit
1354 2327 1497 2381 Tractatio
1522 2327 1585 2397 ipsa
1610 2327 1765 2382 absolvitur

61 2411 255 2479 constantiam,
274 2412 435 2481 patientiam
454 2419 483 2467 et
499 2412 716 2469 consolationem
732 2415 900 2485 persecutio·
926 2414 1112 2484 propositione
1141 2413 1198 2467 sive
1229 2412 1371 2483 petitionis
1399 2412 1586 2481 expositione,
1621 2412 1764 2482 petitionis

60 2495 146 2552 nibus
170 2498 363 2569 opponendam
379 2500 448 2569 ipsis
468 2501 603 2570 proponit
639 2501 738 2556 Altera
755 2508 798 2555 cst
814 2502 900 2556 ἔνιαι·
926 2500 1134 2555 confirmatione
1157 2507 1186 2554 et
1210 2498 1413 2566 confutatione,
1438 2515 1494 2570 qna
1515 2497 1618 2552 crimen
1641 2498 1765 2553 Onesimi

59 2582 214 2651 ορθιηικὴ,
240 2583 269 2636 in
294 2600 350 2654 qua
366 2592 528 2655 praemonet
547 2591 644 2640 contra
662 2602 781 2642 errorem
799 2587 833 2641 de
851 2587 899 2640 ad·
926 2585 1008 2640 diluit
1025 2593 1054 2642 et
1071 2604 1102 2641 se
1118 2603 1170 2657 pro
1187 2602 1221 2640 eo
1240 2585 1446 2639 satisfacturum
1464 2585 1590 2654 spondet
1625 2585 1760 2640 Anomaei

59 2676 148 2724 ventu
180 2668 283 2723 Christi
307 2671 431 2739 proxime
456 2671 578 2727 instante
603 2688 637 2725 ac
662 2673 744 2727 docet
770 2672 900 2727 antichri·
925 2671 997 2726 hanc
1015 2672 1159 2743 epistolam
1176 2680 1206 2725 ut
1223 2688 1300 2725 more
1312 2671 1432 2724 humone
1444 2672 1579 2741 seraptem
1591 2675 1761 2741 contempse-

59 2761 137 2809 stum
153 2754 230 2824 prius
249 2768 309 2810 esse
327 2755 514 2811 revelandum.
548 2754 644 2811 Tertia
664 2764 707 2812 est
732 2756 900 2827 rarissumi,
925 2765 997 2827 runt,
1015 2759 1150 2816 relereme
1163 2756 1321 2829 Epiphanio
1339 2758 1447 2814 haeres.
1466 2763 1507 2813 to.
1526 2756 1576 2812 sed
1592 2756 1630 2827 pii
1649 2764 1763 2823 veteres,

59 2840 91 2894 in
111 2856 169 2912 qna
184 2840 310 2895 hortatum
325 2841 362 2894 ad
381 2842 496 2896 virtutes
515 2840 693 2896 Christianus.
926 2847 973 2916 qui
990 2846 1137 2900 canonicos
1153 2845 1188 2901 N.
1204 2844 1238 2899 T.
1253 2844 1340 2899 libros
1357 2847 1510 2912 recensent,
1527 2842 1599 2898 hanc
1616 2843 1762 2912 epistolam
1775 2862 1803 2902 11.
1817 2859 1864 2904 tto.

10 2950 48 2990 p„
96 2930 157 2981 too
183 2926 224 2981 to.
244 2927 333 2980 Prior
351 2929 394 2981 ad
416 2928 595 2982 Timotheum.
630 2928 783 2984 Petilianus
806 2929 898 2983 Dona·
924 2947 980 2985 non
996 2932 1227 3003 praetermitttmt.

10 3010 129 3094 f'tiata
150 3011 217 3066 olim
240 3011 416 3068 Timotheum
438 3013 521 3068 Pauli
549 3013 717 3085 discipulum
741 3033 795 3084 pro
824 3016 899 3069 laico
961 3023 1019 3072 270.
1044 3024 1070 3074 7.
1096 3019 1185 3071 Prior
1210 3017 1298 3070 Petri.
1342 3016 1468 3072 Vocatur
1494 3013 1707 3083 haec‘epistola
1731 3013 1760 3067 in
1774 3020 1794 3112 ᾗ
1808 3022 1875 3111 optor

59 3098 169 3167 habuit
184 3096 322 3155 referente
340 3099 499 3170 Augustino
516 3100 564 3156 lib.
583 3106 606 3157 3.
625 3108 721 3156 conus
740 3101 810 3156 liter.
847 3101 899 3156 Pe·
925 3104 1068 3176 ἐπιγραφῇ
1090 3103 1244 3170 catholico,
1267 3102 1334 3171 quia
1359 3102 1464 3170 scripta
1480 3116 1536 3154 non
1562 3098 1658 3152 estad
1677 3113 1762 3151 unam
1793 3077 1843 3114 ’π’

58 3184 152 3239 tiliani
170 3201 194 3240 c.
216 3190 270 3241 too.
289 3185 338 3240 sed
356 3192 465 3240 constat
484 3202 517 3240 ex
536 3186 660 3256 epistolis
682 3187 719 3240 ad
745 3202 808 3240 eum
833 3186 899 3241 seri·
923 3188 1047 3259 aliquam
1073 3203 1234 3257 personam,
1260 3187 1332 3240 sieut
1356 3184 1491 3239 Paulinae
1517 3183 1553 3237 ad
1575 3181 1759 3250 Timotheum,

57 3269 131 3342 ptis,
157 3270 232 3341 quod
248 3270 333 3326 luerit
352 3271 465 3343 insigne
482 3272 575 3327 lumen
592 3271 727 3327 ecclesiae
748 3271 899 3332 orientalis,
925 3274 1018 3329 Titum
1038 3280 1067 3329 et
1083 3274 1284 3340 Philemonem,
1308 3289 1359 3326 nee
1378 3272 1414 3325 ad
1434 3286 1519 3325 unam
1537 3268 1659 3341 aliquam
1675 3270 1762 3330 eccle·

58 3354 211 3426 spiscopus
228 3352 385 3426 Ephesinus
412 3372 463 3427 per
481 3362 515 3413 lo
533 3371 634 3425 annos,
659 3363 692 3412 ut
709 3357 836 3412 nonnulli
854 3373 900 3412 vo·
926 3361 995 3415 siam
1013 3359 1218 3432 particularem,
1235 3367 1268 3412 ut
1284 3357 1419 3412 Paulinae
1438 3357 1475 3411 ad
1492 3354 1640 3425 Romanos,
1659 3356 1695 3409 ad
1709 3354 1762 3409 Co·

56 3443 130 3497 lunt.
164 3440 343 3497 hocfecerat
360 3441 501 3511 apostolus
526 3441 601 3496 hune
624 3459 704 3497 suum
731 3443 899 3513 discipulum
925 3445 1041 3500 rinthios
1058 3453 1110 3500 etc.
1133 3441 1589 3500 sedadeonrersosexludaeis
1611 3441 1763 3496 hincinde
1818 3458 1825 3465 ·

58 3526 220 3598 Ephesinee
234 3526 438 3582 ecclesiaease
450 3527 602 3597 plantatae,
615 3526 791 3599 illumigitur
804 3528 833 3582 in
847 3528 900 3583 hac
926 3522 1077 3601 dispersos,
1090 3537 1124 3584 ut
1140 3536 1218 3601 patet
1237 3547 1271 3584 ex
1289 3527 1474 3599 inscriptione.
1504 3528 1648 3593 Quaedam
1668 3534 1762 3582 tamen

61 3610 183 3684 epistola
207 3611 335 3682 instrmt,
368 3614 506 3685 quomodo
538 3615 568 3666 ie
595 3616 679 3684 domo
706 3615 766 3668 Dei
792 3616 902 3668 amauri
925 3618 955 3671 in
976 3617 1028 3671 hac
1045 3617 1163 3687 epistola
1181 3620 1341 3682 occurrunt,
1367 3629 1440 3685 quae
1458 3614 1494 3667 ad
1518 3613 1636 3684 gentiles
1661 3611 1763 3683 princi·

57 3705 90 3754 et
114 3712 215 3753 munus
238 3714 320 3753 suum
344 3698 397 3753 rite
420 3698 497 3754 obire
522 3696 632 3753 debeat.
667 3697 813 3769 Capitibus
836 3716 900 3753 con·
926 3703 1025 3772 paliter
1042 3702 1182 3773 pertinent
1202 3708 1224 3757 1.
1239 3701 1318 3773 epist
1338 3706 1366 3766 2,
1383 3718 1409 3754 v.
1429 3707 1451 3754 5.
1466 3704 1505 3756 to.
1523 3715 1547 3753 o.
1566 3706 1590 3768 1,
1608 3716 1634 3752 v.
1652 3704 1676 3753 o.
1697 3698 1764 3770 quia

57 3790 118 3839 stat
133 3788 151 3839 t
168 3798 204 3837 ac
220 3788 281 3837 tota
298 3790 341 3839 est
357 3781 547 3852 διδασκαλική,
577 3783 697 3838 instituit
715 3784 789 3838 enim
807 3783 900 3838 'limo-
926 3787 1032 3842 scilicet
1049 3805 1072 3842 c.
1095 3797 1122 3856 1,
1145 3805 1171 3840 v.
1194 3793 1230 3841 14.
1249 3793 1278 3841 et
1299 3790 1337 3841 18.
1356 3783 1482 3839 conversi
1498 3782 1600 3838 Judsei
1617 3800 1675 3838 una
1698 3801 1763 3838 eum

57 3868 156 3924 theum
175 3868 211 3923 de
229 3868 422 3924 ecclesiasticis
439 3875 500 3924 tum
526 3869 695 3933 musetum,
722 3877 782 3925 tum
801 3887 900 3940 perso·
926 3873 1065 3927 conversis
1084 3889 1117 3927 ex
1135 3871 1266 3945 gentibus
1284 3887 1369 3925 unam
1390 3867 1597 3924 constituebant
1616 3869 1763 3925 ecclesiam

58 3955 115 4022 ιιιί,
132 3960 192 4009 tum
206 3955 361 4008 virtutibus
926 3976 959 4013 ac
979 3974 1040 4014 sese
1058 3958 1175 4013 invicem
1192 3966 1225 4014 ut
1235 3957 1335 4012 hatres
1352 3954 1607 4026 conplectebantur.
1643 3954 1763 4025 Scopnm

10 4073 47 4109 „.
96 4044 157 4096 2117.
185 4045 225 4096 11.
250 4040 398 4093 Posterior
414 4040 456 4093 ud
475 4040 655 4094 l'imotheum.
689 4039 768 4095 Haec
792 4048 835 4095 est
856 4057 900 4095 ra·
926 4044 1083 4114 scriptionis
1102 4043 1216 4114 exponit
1234 4043 1293 4113 ipse
1305 4041 1447 4112 apostolus
1457 4038 1510 4094 sub
1521 4038 1606 4094 finem
1617 4041 1775 4111 epistolae..

10 4120 139 4183 ¹.tionc
153 4125 285 4197 temporis
299 4125 400 4181 ultima
416 4124 453 4182 D.
470 4124 553 4179 Pauli
570 4124 699 4194 epistola,
723 4141 808 4196 quam
831 4142 899 4196 pan·
926 4130 984 4182 Per
1015 4130 1167 4197 sylvanum
1198 4129 1311 4200 (inquit)
1339 4127 1418 4181 cobis
1440 4124 1558 4192 fidelem
1583 4126 1705 4189 fratem
1733 4134 1763 4178 ut

10 4247 17 4261 .
60 4211 103 4267 cia
121 4217 188 4267 onie
205 4211 317 4266 boam
335 4210 473 4265 ἀνάλυσιν
496 4210 594 4266 dicbus
611 4227 645 4265 ex
663 4211 826 4281 captivitate
844 4211 899 4268 Ro
927 4214 1059 4281 σιῖιιίιιιο,
1074 4217 1177 4284 paucis
1192 4215 1297 4282 scripsi
1311 4214 1469 4266 adhortans
1484 4218 1510 4265 et
1523 4211 1673 4280 testificans
1691 4212 1763 4264 hauc

61 4312 148 4352 mana
165 4296 203 4351 ad
220 4295 396 4351 Timotheum
422 4295 540 4365 scripsit.
575 4294 722 4366 Capitibus
748 4304 858 4352 constat
882 4303 899 4352 4
927 4316 984 4353 esse
1001 4317 1096 4353 oerum
1114 4301 1237 4368 pretium
1258 4298 1330 4365 Dei,
1356 4298 1386 4349 in
1411 4314 1467 4365 orsu
1484 4297 1566 4349 ιταιιζι
1588 4301 1608 4349 1.
1628 4294 1717 4365 Epist
1738 4302 1763 4363 t,

10 4404 34 4446 ι
60 4389 93 4438 et
110 4381 238 4453 perusus
254 4381 407 4437 absolvitur
423 4381 521 4436 tribus.
548 4382 582 4435 In
600 4381 690 4452 prima
709 4381 835 4437 hortatur
853 4381 899 4436 Ti·
926 4403 951 4440 ι.
979 4390 1017 4440 11.
1053 4384 1118 4439 Duo
1140 4384 1227 4456 igitur
1249 4383 1421 4452 potissimum
1445 4381 1475 4434 in
1498 4380 1551 4435 hac
1575 4380 1692 4449 epistola
1709 4380 1762 4436 sibl

61 4467 218 4536 mutium,
244 4472 277 4522 ut
304 4467 490 4523 sinceritatem
515 4467 656 4523 docminse
680 4484 788 4523 summo
806 4467 899 4523 studio
926 4470 1024 4525 habuit
1046 4470 1195 4540 proposita
1234 4474 1255 4524 1.
1279 4476 1311 4522 ut
1335 4466 1531 4523 testificaretur
1554 4466 1693 4520 conversis
1710 4466 1762 4521 Ju-

60 4558 187 4622 taeutnr,
209 4569 264 4607 nec
287 4553 353 4607 ullis
369 4553 501 4624 perieulis
518 4554 554 4608 ab
573 4555 634 4624 ejus
651 4554 824 4609 conluuione
840 4571 900 4609 sese
926 4557 1013 4620 dacis,
1033 4555 1186 4610 doctrinam
1204 4554 1240 4608 de
1258 4553 1350 4626 gratia
1367 4552 1422 4608 Dei
1439 4568 1489 4622 per
1507 4550 1659 4616 Christum,
1678 4566 1762 4622 quum

60 4638 197 4695 dinem
208 4637 345 4709 ⁴patietur.
380 4637 414 4692 In
431 4638 521 4694 altera
539 4646 699 4710 praemonet
718 4656 736 4694 a
757 4639 900 4710 spiritibus
926 4642 982 4698 lide
1005 4641 1125 4712 amplexi
1152 4646 1233 4694 erant
1254 4646 1282 4694 et
1305 4638 1334 4694 in
1352 4639 1433 4708 cujus
1449 4635 1620 4706 professione
1636 4635 1762 4705 persiste

60 4723 265 4792 adnotoribns,
286 4723 334 4797 qui
350 4725 469 4794 jamtum
486 4724 515 4779 in
536 4725 652 4780 ecclesia
665 4724 833 4781 oriebantur.
865 4724 900 4780 In
926 4729 1002 4796 bant,
1019 4742 1080 4781 esse
1097 4725 1208 4779 unicam
1227 4731 1255 4779 et
1273 4724 1460 4779 indubitatam
1479 4721 1681 4789 emeterium,
1701 4735 1761 4775 coe·

59 4809 148 4868 cuda
163 4816 267 4865 statum
283 4827 365 4865 snum
386 4811 440 4881 ipsi
456 4812 582 4882 exponit,
601 4818 687 4882 atque
703 4819 736 4866 ut
753 4811 789 4865 ad
808 4827 838 4866 se
855 4828 900 4867 ve
925 4814 1023 4868 lestcm
1041 4811 1186 4866 veritatem
1207 4817 1236 4864 et
1251 4809 1392 4864 immotam
1415 4807 1577 4862 doctrinam.
1614 4812 1638 4861 t.
1663 4811 1695 4860 ut
1717 4820 1762 4859 ex-

59 4896 138 4967 dat,
165 4893 291 4950 Marcum
309 4912 403 4951 seeum
420 4895 543 4951 adducat
567 4902 596 4951 et
618 4912 663 4950 res
681 4896 817 4967 quasdam
835 4913 900 4952 suas
926 4899 1080 4953 hortaretur
1096 4913 1153 4963 eos,
1172 4895 1243 4950 utin
1256 4893 1374 4948 haciide
1386 4900 1545 4948 constanter
1555 4898 1762 4963 perseverarent

59 4981 119 5039 sthi
133 4980 253 5052 adierat,
270 4983 385 5053 expetit.
927 4992 955 5038 et
979 4984 1064 5037 vitam
1090 4979 1261 5052 professione
1288 4979 1337 5033 illa
1370 4979 1485 5050 dignam
1511 4978 1627 5050 Deoque
1654 4983 1762 5048 gratam

95 5072 159 5125 ιω.
179 5073 220 5124 12.
237 5069 289 5123 Ad
302 5069 404 5122 Titum.
437 5068 528 5131 Titus,
546 5065 584 5119 ad
601 5081 683 5136 quem
700 5065 770 5120 haec
783 5065 900 5136 epistola
926 5073 1049 5140 agerent
1084 5066 1118 5119 In
1134 5067 1195 5122 sod.
1215 5082 1239 5120 c.
1258 5083 1283 5118 v.
1304 5071 1343 5119 13.
1361 5063 1465 5117 salutat
1483 5079 1538 5130 eos,
1555 5063 1679 5133 ad,quos
1696 5062 1762 5116 scri·

58 5152 182 5225 scipta,
208 5152 264 5207 init
291 5151 431 5208 Cretensis
456 5151 590 5207 ecclesiae
615 5150 778 5221 episcopus,
810 5150 899 5206 tidelis
925 5152 981 5221 bit,
999 5152 1110 5207 nomine
1130 5151 1263 5204 messem
1280 5149 1309 5201 in
1331 5147 1476 5213 Babylone
1491 5147 1639 5214 collectos,
1656 5163 1690 5201 ex
1706 5163 1763 5218 quo

58 5236 190 5294 minim
205 5244 235 5293 ct
251 5237 370 5293 dilectus
385 5237 491 5292 amictu
509 5235 628 5305 apostoli
646 5240 670 5290 t.
691 5233 752 5289 Cor.
769 5241 794 5295 2.
813 5253 838 5290 v.
859 5241 898 5292 13.
925 5236 1079 5306 colligitur,
1109 5235 1255 5306 epistolam
1280 5232 1352 5286 hanc
1378 5230 1407 5283 in
1432 5230 1503 5285 urbe
1524 5229 1671 5302 Babylone
1695 5232 1761 5286 seri·

56 5340 82 5379 e.
104 5327 225 5392 ¹1,r.o.
246 5322 284 5377 ad
309 5339 373 5378 eum
396 5321 472 5376 misit
494 5321 636 5392 apostolus
658 5319 731 5373 banc
754 5320 898 5390 epistolam
924 5329 1009 5392 ptam.
1054 5321 1109 5377 Sed
1136 5320 1262 5392 quaestio
1289 5318 1393 5385 orittn,
1419 5330 1456 5369 an
1481 5315 1635 5387 Babylonis
1661 5333 1761 5372 nomen

56 5426 93 5465 ex
103 5406 282 5477 lacedoma
301 5424 373 5480 quae
390 5407 515 5477 ejusdem
532 5406 590 5462 iere
607 5406 763 5476 mgnmenti
780 5413 823 5460 est
834 5423 898 5461 cum
924 5407 1035 5478 proprie
1052 5406 1245 5476 accipiendum
1261 5419 1312 5474 pro
1329 5404 1399 5458 urbe
1415 5400 1549 5472 Aegypti,
1568 5417 1605 5456 an
1621 5419 1687 5458 vero
1705 5419 1761 5458 me

55 5495 154 5569 priore
176 5495 215 5550 ad
237 5491 421 5550 Timotheum.
463 5491 610 5562 Capitibus
630 5495 740 5547 constat
759 5489 848 5546 tribus
871 5500 899 5547 et
923 5492 1066 5563 taphorice
1081 5509 1133 5562 pro
1152 5490 1222 5546 urbe
1236 5489 1333 5546 Roma.
1368 5488 1422 5554 Qui
1440 5487 1517 5556 prius
1534 5494 1669 5558 smmum,
1687 5488 1864 5546 Ιιίιιοιιιιι.

1415 5597 1431 5646 8
