3984 6022
189 267 250 327 480
874 254 1193 325 LOCUSCUARTUS

191 425 341 473 monam.
378 413 459 470 Tales
479 412 713 485 pseudodoctores
734 410 827 466 statim
844 416 1026 483 pontoponto
1053 431 1114 470 rum
1142 413 1302 482 efficientis,
1334 415 1477 483 mammae,
1503 416 1608 471 formas
1636 432 1670 472 ao
1695 416 1762 473 finis
1786 418 1888 476 uuae

191 504 281 560 lorum
293 509 417 573 tempora
430 500 601 568 excuterunt,
620 517 737 570 quorum
756 515 833 554 error
851 499 1028 555 aMarcioni·
1055 500 1173 559 differre.
1219 501 1325 558 Eodem
1350 502 1409 558 fere
1440 502 1522 558 modo
1547 503 1710 573 responderi
1734 494 1827 574 potest
1851 507 1887 561 sd

193 589 228 645 tis
251 607 284 645 ac
312 586 481 643 Manichaeis
504 592 601 658 postea
624 585 679 640 fuit
703 592 862 641 renovatus.
903 586 947 641 De
976 586 1028 641 Sa·
1056 595 1250 659 argumentum
1273 589 1389 644 ductum
1413 590 1449 642 oh
1471 590 1652 658 apparitione
1671 589 1801 659 Spiritus
1823 611 1844 646 r.
1859 593 1889 644 in

195 679 306 731 turnino
331 674 429 730 scribit
444 673 575 729 henaena
600 672 647 727 lib.
673 678 696 729 1.
723 691 746 728 c.
772 677 812 729 22.
832 692 859 744 p.
881 680 926 738 ll,
954 674 1029 746 quod
1054 676 1146 744 specie
1165 674 1314 729 columbas.
1352 675 1492 746 Quicquid
1511 675 1584 731 euim
1597 675 1634 730 sit
1645 676 1681 733 de
1693 676 1744 731 ills
1755 677 1891 744 columba

193 763 363 817 scholarem
380 762 504 829 ipnotum
525 761 757 814 &monstraverit
776 767 801 814 et
813 760 1028 830 incorporalem,
1055 762 1113 817 sive
1130 759 1215 817 fuerit
1235 761 1371 817 duntaxat
1381 762 1534 831 speciesac
1546 761 1725 817 simulacrum
1739 764 1891 832 columbae,

192 859 217 903 et
238 849 298 902 sine
310 849 425 917 sipara,
441 848 568 918 putative
587 856 680 901 autem
698 849 787 901 rmum
807 847 950 901 hominem.
985 845 1030 902 De
1055 848 1131 920 quod
1158 854 1283 903 statuunt
1309 848 1451 919 Chrysost
1476 848 1548 904 hom.
1574 854 1612 905 tl.
1638 849 1668 904 iu
1691 850 1796 906 Matth.
1819 850 1890 923 Aug.

192 935 326 989 Bauius
347 933 444 990 scribit
465 933 639 1005 Epiphanius
663 933 711 988 lib.
738 939 760 989 t.
787 939 851 988 tom.
876 938 900 989 2.
924 932 1028 988 haeres.
1055 933 1102 989 lib.
1128 941 1151 991 2.
1176 934 1212 988 ds
1233 934 1310 989 'Irin
1335 951 1371 989 c.»
1388 942 1409 990 5.
1438 934 1566 992 Ambros.
1587 934 1637 991 lib.
1665 941 1688 992 1.
1713 937 1750 992 de
1776 953 1890 994 ueram.

193 1026 234 1078 24.
253 1040 281 1092 p.
301 1026 342 1076 58.
364 1020 440 1091 quod
458 1020 591 1088 docuerit,
615 1019 756 1073 Chmmum
774 1037 832 1074 esse
848 1020 1030 1090 phantasiam
1056 1037 1079 1075 c.
1107 1028 1136 1088 5,
1159 1021 1218 1076 sive
1242 1021 1327 1076 fuerit
1349 1038 1415 1076 vera
1433 1028 1461 1076 et
1478 1022 1628 1093 corporalis
1647 1023 1795 1094 columba,
1820 1027 1891 1098 quod

192 1109 222 1163 in
241 1125 281 1177 eo,
299 1108 377 1177 quod
394 1108 538 1176 apparuit,
556 1125 612 1162 non
629 1115 723 1160 autem
744 1123 802 1160 esse
821 1107 967 1172 hominem,
984 1124 1030 1161 ns·
1056 1107 1152 1162 statuit
1169 1108 1283 1163 Tertull.
1301 1109 1337 1163 de
1355 1125 1428 1163 carn.
1447 1107 1550 1163 Christi
1569 1125 1592 1163 o.
1611 1114 1636 1164 3.
1648 1110 1761 1166 Auctor
1779 1111 1843 1169 libr.
1860 1113 1893 1168 ds

194 1210 246 1265 pus
274 1209 387 1248 carnem
416 1194 576 1262 suscepisse.
622 1192 748 1263 Ignatius
776 1192 882 1264 aliquot
910 1193 939 1247 in
963 1193 1031 1248 locis
1056 1211 1146 1265 agone
1163 1193 1265 1249 Christi
1287 1195 1348 1266 (qui
1373 1194 1449 1249 inter
1474 1211 1559 1265 opera
1584 1195 1739 1268 Augustini
1767 1197 1893 1264 misus)

194 1282 318 1353 disputat
337 1287 434 1337 senua
451 1298 507 1350 eos,
530 1280 577 1352 qui
595 1279 747 1351 fingebant,
767 1279 906 1333 Chrutum
924 1298 1030 1335 assum·
1056 1298 1079 1334 c.
1098 1287 1139 1337 22.
1160 1280 1258 1338 Thom.
1278 1299 1306 1351 p.
1328 1286 1351 1336 3.
1370 1299 1396 1353 q.
1416 1287 1457 1337 38.
1477 1287 1529 1338 art.
1549 1288 1573 1337 7.
1592 1283 1629 1337 sd
1650 1288 1673 1352 t,
1693 1299 1727 1338 ac
1738 1301 1793 1340 nos
1804 1285 1891 1341 verim

194 1370 262 1424 sisse
280 1366 434 1440 φάντασμα
456 1367 513 1420 sive
531 1374 671 1435 spectrum
688 1367 826 1420 humanae
846 1375 979 1436 meane,
998 1383 1030 1421 ac
1056 1366 1236 1433 arbitramur,
1263 1368 1332 1422 illud
1350 1374 1442 1423 tumen
1463 1374 1568 1422 certum
1587 1374 1641 1433 est,
1657 1369 1792 1425 unionem
1810 1371 1892 1439 illam,

194 1453 249 1509 dici
274 1452 411 1509 hominem
437 1470 493 1507 non
521 1446 619 1515 ὅντως,
648 1452 697 1507 sed
725 1453 792 1506 rari
819 1451 939 1519 δόκησιν.
987 1451 1031 1508 De
1058 1470 1114 1526 qua
1131 1453 1249 1524 Spiritus
1273 1472 1294 1509 s.
1314 1453 1459 1510 columbae
1480 1454 1600 1526 speciem
1620 1454 1673 1510 sibi
1694 1457 1892 1527 appropriavit,

194 1541 338 1611 Leucippo
356 1549 382 1595 et
393 1540 510 1594 Milesio
522 1539 623 1611 Epiph.
642 1539 747 1594 haeres.
768 1542 809 1595 80.
830 1547 1032 1607 commemorat,
1058 1556 1117 1595 esse
1139 1541 1258 1596 maxime
1281 1540 1442 1596 distinctam
1470 1540 1506 1595 ab
1525 1541 1627 1596 unione
1645 1541 1759 1598 divinae
1775 1550 1804 1598 st
1820 1543 1892 1599 hum.

194 1628 268 1699 quod
295 1627 387 1683 omnia
406 1613 496 1697 ynula
522 1629 671 1695 imapinsm
700 1635 726 1680 st
744 1628 942 1697 apparentiam
960 1629 1030 1692 teri,
1057 1633 1174 1682 naturae
1184 1627 1214 1680 in
1226 1626 1349 1682 Christo:
1366 1632 1390 1680 l.
1400 1628 1511 1681 ratione
1522 1629 1641 1696 faniae,
1659 1629 1729 1699 quis
1740 1628 1857 1700 Spiritus
1872 1649 1894 1684 s.

193 1715 318 1784 ns'hilpus
347 1717 497 1769 remaclum
526 1714 688 1780 nmmum,
719 1715 770 1767 sed
800 1715 831 1768 in
862 1715 1031 1783 apparentia
1058 1713 1093 1767 ad
1117 1719 1226 1784 tempus
1251 1716 1386 1769 duntaxat
1409 1714 1437 1769 in
1460 1714 1510 1768 illa
1527 1713 1629 1769 visibili
1646 1715 1741 1782 specie
1759 1716 1894 1786 apparuit

194 1801 348 1856 statuerint.
391 1800 436 1855 De
459 1799 646 1873 Cerdonianu
671 1806 804 1855 memorat
826 1801 946 1872 August.
968 1801 1031 1856 libr.
1058 1800 1107 1855 sed
1125 1799 1213 1853 Filius
1230 1799 1284 1854 Dei
1308 1807 1442 1870 perpetuo
1465 1806 1494 1854 et
1517 1800 1705 1855 indissolubili
1723 1801 1837 1858 foedere
1854 1820 1894 1858 ss·
1919 1797 1921 1801 ’

80 1903 121 1946 111.
134 1904 181 1946 rou
195 1887 230 1943 de
251 1886 356 1942 haeres.
382 1903 405 1941 c.
434 1892 479 1954 21,
502 1887 577 1958 quod
595 1886 736 1941 Christum
760 1886 850 1955 ipsum
867 1903 918 1941 nec
936 1896 1031 1941 natum
1060 1892 1179 1940 sumtum
1197 1893 1324 1940 naturam
1342 1885 1395 1940 sihi
1411 1886 1560 1956 copulavit,
1578 1886 1652 1941 unde
1665 1885 1895 1943 dhuuiosocan'

196 1991 229 2028 aa
265 1973 375 2037 femina
415 1990 502 2042 nepus
536 1989 648 2027 canum
683 1972 811 2026 habemas
848 1990 936 2041 neque
970 1990 1032 2027 uere
1059 1977 1151 2042 potest
1168 1973 1335 2040 symbolica,
1362 1971 1431 2027 haee
1450 1990 1516 2028 vero
1535 1972 1637 2027 dicitur
1653 1975 1832 2043 personalis,
1852 1975 1894 2030 ills

197 2066 335 2115 mutuum
353 2060 398 2113 uel
414 2060 563 2129 quicquam
575 2077 708 2130 passum,
733 2061 785 2113 sed
802 2060 948 2114 simulasse
965 2078 1032 2129 pas·
1060 2063 1102 2112 est
1120 2059 1293 2128 temporalis,
1313 2057 1382 2114 haec
1401 2076 1465 2114 vero
1478 2068 1618 2127 perpetua
1635 2067 1660 2112 st
1680 2061 1894 2116 indissolubilis.

196 2146 303 2200 amem
327 2144 459 2201 docuerit
496 2143 539 2199 De
559 2145 709 2199 Marsicae
728 2144 845 2201 Pontico
864 2144 949 2199 refert
966 2144 1032 2198 Phi·
1061 2150 1085 2198 2.
1104 2146 1213 2198 ratione
1221 2146 1298 2214 finis.
1334 2145 1441 2199 Auctor
1459 2144 1523 2199 libri
1542 2144 1577 2199 de
1595 2160 1686 2216 agone
1704 2145 1812 2201 Christi
1829 2148 1893 2203 dh:

196 2231 308 2288 iastrius
328 2229 390 2287 libr.
415 2231 449 2286 de
465 2230 570 2286 haeres
590 2246 613 2285 c.
634 2236 675 2296 45,
694 2229 770 2301 quod
787 2229 920 2285 Cerdonis
938 2230 1032 2286 docto·
1060 2234 1126 2286 Non
1150 2233 1274 2286 oeniehat
1299 2232 1426 2300 Spiritus
1454 2250 1475 2287 s.
1500 2233 1541 2284 ad
1563 2231 1731 2286 liberandas
1750 2233 1894 2302 colandus,

196 2318 235 2374 ris
248 2319 292 2373 sui
311 2317 485 2373 mendacium
504 2315 617 2372 firmans
633 2316 771 2384 docuerit,
792 2318 939 2393 Christum,
948 2324 1031 2385 puta·
1058 2320 1129 2372 suut
1152 2318 1246 2372 lilius
1272 2319 1333 2372 Dei
1356 2335 1468 2371 samem
1492 2318 1599 2383 indust,
1625 2326 1655 2370 at
1680 2336 1771 2374 cansa
1789 2337 1894 2376 emnem

196 2405 249 2460 hae
266 2404 441 2474 apparuisti,
463 2404 496 2456 id
514 2411 554 2458 est
571 2403 717 2472 quasiper
730 2403 864 2470 umbram,
879 2411 904 2456 et
914 2421 1032 2472 passum
1058 2405 1200 2458 liberaret.

195 2490 285 2555 fussee
308 2490 485 2558 martiar,
512 2500 569 2544 aun
595 2497 687 2543 tamen
713 2489 743 2543 in
769 2506 836 2543 uera
859 2506 952 2546 carne.
972 2490 1033 2545 tD0
1094 2496 1134 2546 86.
1170 2495 1196 2544 2.
1222 2491 1267 2544 At
1291 2492 1445 2544 arseminae
1476 2490 1636 2558 apostolica
1661 2488 1736 2544 Rom
1763 2499 1795 2561 8,
1821 2512 1847 2548 v.
1869 2500 1895 2549 3:

196 2578 378 2632 Manichacis
394 2576 469 2647 Aug.
490 2575 537 2631 lib.
565 2576 599 2632 de
616 2576 690 2631 haer.
715 2592 738 2633 c.
758 2581 799 2631 lh.
821 2575 930 2643 scribit,
958 2577 1032 2649 quod
1059 2577 1135 2630 misit
1161 2578 1240 2629 Deus
1264 2576 1371 2630 Filium
1401 2576 1431 2629 in
1455 2576 1640 2630 similitudine
1659 2579 1761 2631 carnis
1781 2583 1896 2648 peccati

196 2663 333 2733 docuerit,
360 2662 500 2717 Christum
527 2680 582 2716 non
608 2663 699 2726 fuisse
720 2662 751 2714 in
776 2678 862 2716 carne
880 2680 962 2729 nera,
983 2664 1035 2716 sad
1060 2662 1131 2717 Phil.
1150 2668 1175 2725 2,
1192 2681 1218 2717 ν.
1231 2669 1261 2718 l:
1282 2663 1313 2716 ir
1325 2661 1441 2735 σχήματι
1462 2663 1585 2716 inuentus
1604 2672 1651 2731 est,
1670 2665 1806 2719 athomo.
1819 2666 1896 2737 Besp

196 2750 356 2805 simulatam
376 2749 495 2818 specim
513 2749 608 2802 amnis
625 2748 808 2817 ludificandis
826 2750 955 2803 humanis
973 2766 1032 2803 sen·
1063 2755 1083 2804 t.
1103 2766 1159 2803 nou
1179 2748 1247 2803 dicit
1264 2748 1406 2819 apostolus
1421 2747 1591 2819 simpliciter,
1604 2749 1685 2820 quod
1704 2751 1896 2809 miseritDsss

196 2837 272 2892 utus
297 2835 476 2906 praemisse,
506 2836 554 2888 ahi
580 2852 636 2888 narr
663 2835 753 2889 solum
781 2843 909 2899 mortem,
939 2853 1032 2890 raam
1059 2834 1163 2890 Filium
1182 2852 1262 2889 suum
1279 2835 1309 2888 in
1325 2835 1510 2888 similitudine
1529 2835 1693 2902 camu,sed
1707 2839 1897 2908 queuntium

198 2927 282 2980 stiam
299 2909 531 2978 rsissrrectionsm
549 2923 719 2978 mentiretur.
1061 2924 1170 2978 eumin
1187 2921 1371 2976 ansiuadins
1392 2921 1487 2974 carnis
1501 2922 1626 2990 peccati,
1654 2922 1683 2976 id
1710 2930 1760 2979 est
1787 2932 1896 2995 peccato

232 3018 272 3069 85.
309 3011 483 3083 Argumenta
506 3010 628 3081 ipsorum
656 3010 808 3082 praecipua
823 3010 900 3065 fuere
915 3010 1032 3066 isthaec:
1061 3008 1203 3065 obnoxiae.
1241 3008 1344 3064 Sensus
1366 3007 1452 3079 igitur
1474 3014 1527 3076 est,
1553 3008 1627 3079 quod
1649 3026 1719 3064 caro
1739 3009 1843 3066 Christi
1865 3012 1895 3067 si·

197 3103 221 3152 1.
242 3098 278 3152 ah
296 3097 461 3166 appulorum
478 3097 666 3167 apparitione,
689 3098 738 3166 pai
757 3098 787 3150 in
808 3098 973 3166 emporibus
985 3099 1033 3151 hu·
1060 3095 1133 3150 milis
1150 3095 1262 3167 quidem
1280 3094 1365 3149 fuerit
1383 3094 1461 3148 carni
1478 3094 1636 3164 peccatrici,
1653 3113 1711 3151 nou
1731 3103 1828 3154 tamen
1838 3117 1896 3171 pss-

197 3185 289 3239 manis
315 3199 489 3254 apparuere,
516 3199 566 3235 nec
595 3191 687 3236 tomen
713 3184 774 3237 ueri
795 3184 920 3237 homines
943 3187 1034 3249 fuere.
1061 3182 1148 3237 catrix
1165 3181 1266 3250 fuerit,
1294 3196 1346 3235 vox
1364 3180 1437 3237 euim
1455 3178 1632 3252 o‘poruiparor
1648 3199 1704 3237 non
1726 3185 1764 3238 ad
1783 3202 1896 3249 aarum

198 3270 281 3342 Resp.
300 3270 377 3324 aliud
395 3268 512 3325 estFilii
523 3267 578 3323 Dei
598 3269 625 3322 in
644 3285 726 3324 carne
744 3269 944 3339 manifestatio,
963 3286 1034 3342 quae
1061 3269 1111 3322 sed
1132 3268 1169 3322 ad
1188 3267 1445 3322 determinationem
1463 3267 1601 3337 adjectam
1620 3269 1664 3332 sir
1682 3268 1825 3342 ἁμαρτίας
1841 3289 1896 3343 pus

198 3356 328 3413 definitur
351 3371 402 3426 per
427 3351 587 3428 πρόσληψιν
611 3358 657 3408 sut
676 3355 854 3429 lnaiproarr,
874 3357 950 3411 aliud
969 3373 1033 3411 vero
1060 3355 1137 3422 tinet,
1147 3371 1197 3409 nec
1208 3355 1331 3410 excludit
1342 3361 1458 3410 naturae
1466 3353 1603 3409 humanae
1613 3355 1771 3422 veritatem,
1781 3358 1830 3414 sed
1839 3375 1896 3430 psa·

197 3443 360 3516 augelorum
385 3439 414 3496 in
438 3440 527 3496 forma
544 3439 665 3496 humana
682 3443 827 3513 apparitio,
847 3460 919 3514 quae
937 3443 1033 3498 defiui-
1060 3441 1116 3496 cati
1131 3441 1302 3510 foeditatem,
1319 3442 1392 3496 unde
1410 3442 1439 3495 iu
1458 3441 1512 3496 fine
1532 3441 1661 3497 versiculi
1679 3461 1732 3514 pro
1751 3446 1783 3499 ἐν
1801 3445 1896 3520 ipsui-

198 3536 310 3600 turpet
328 3530 496 3600 φανέρωσιν.
532 3527 636 3599 Angeli
652 3527 756 3600 figuras
776 3530 910 3584 humanas
931 3546 1033 3601 nequa·
1059 3548 1127 3601 pars
1147 3529 1248 3601 σᾳρκός
1267 3529 1380 3599 ponitur
1398 3529 1428 3582 ir
1446 3534 1535 3601 σαρκί.
1567 3529 1683 3583 Tertull.
1703 3530 1757 3588 lib.
1772 3533 1808 3588 de
1821 3549 1896 3589 carus

160 3662 167 3673 ,
199 3633 282 3689 quam
305 3613 486 3685 personaliter
511 3614 565 3669 sibi
589 3615 716 3682 univers,
745 3616 819 3670 siout
838 3615 854 3669 ὁ
873 3616 969 3684 Λόγος
991 3634 1032 3670 as·
1060 3614 1176 3670 Christi:
1205 3617 1270 3669 Noa
1295 3617 1372 3685 quod
1396 3616 1610 3670 similitudinem
1634 3618 1734 3671 carnis
1754 3620 1895 3691 accspmit

198 3708 317 3758 sumum
343 3706 472 3766 naturam
496 3701 658 3769 humanam,
684 3701 733 3755 sed
756 3702 863 3758 ratione
890 3702 1032 3758 ministerii
1060 3705 1143 3772 quasi
1167 3704 1318 3771 imapinem
1341 3704 1470 3772 corporis
1498 3712 1523 3756 et
1549 3704 1768 3773 amaveratis,
1794 3709 1848 3760 sed
1862 3708 1894 3760 si·

197 3791 234 3845 sd
252 3795 360 3858 tempus
379 3788 514 3842 duntaxat
531 3805 631 3858 corpus
650 3788 845 3857 adhibuerunt,
863 3790 942 3859 cujus
955 3789 1032 3845 fuere
1059 3791 1245 3844 militudinem
1271 3790 1440 3858 peccatricis
1466 3791 1563 3843 carnis
1584 3790 1643 3843 ussit
1663 3791 1933 3863 intellipi,qssd1u

197 3875 302 3932 formae
313 3891 368 3930 nou
378 3873 567 3939 informantes,
581 3873 630 3929 ssd
643 3874 810 3943 meistentes,
819 3873 887 3929 Luc.
898 3881 939 3937 tr,
953 3894 978 3928 v.
986 3882 1032 3931 39:
1059 3878 1123 3945 ipsa
1140 3894 1196 3930 non
1213 3877 1356 3945 peccunia
1373 3893 1441 3929 caro
1462 3892 1531 3929 vera
1550 3875 1658 3929 Christi
1676 3878 1741 3945 ejus
1759 3880 1821 3944 frat
1834 3898 1895 3949 par,

200 3963 327 4032 »Spiritus
344 3978 458 4016 carnem
478 3970 504 4015 tt
523 3978 587 4015 ossa
610 3978 666 4014 non
685 3961 773 4024 hahet,
791 3961 862 4014 sicul
879 3978 921 4015 me
934 3963 1034 4016 uiditis
1058 3965 1139 4031 crsjue
1159 3971 1220 4017 erat
1232 3971 1387 4032 peecatum.
1415 3962 1476 4017 Lib.
1490 3970 1513 4018 5.
1534 3968 1630 4018 contra
1642 3962 1834 4021 Marcionem:
1855 3968 1894 4023 δι’·

197 4051 315 4117 hahere,·
333 4050 415 4104 docet
433 4047 526 4120 igitur,
546 4064 575 4102 se
592 4064 647 4102 uon
666 4062 727 4102 esse
743 4053 882 4117 spectrum
894 4047 939 4100 vel
957 4047 1034 4117 spiri·
1059 4050 1190 4103 miliario
1215 4051 1256 4103 ad
1273 4051 1381 4118 peccati
1402 4049 1512 4103 titulum
1533 4049 1668 4117 petinet,
1698 4069 1757 4105 non
1782 4055 1826 4107 ad
1840 4055 1894 4108 ssl-

197 4143 271 4204 tum,
298 4137 347 4192 sed
376 4151 440 4190 vere
469 4135 570 4190 habere
597 4149 709 4189 earnem
736 4138 765 4187 et
790 4150 862 4191 ossa.
898 4132 942 4188 De
958 4133 1034 4188 nullo
1060 4136 1181 4190 stantiae
1210 4136 1394 4188 mendacium.
1435 4134 1563 4190 Ambros.
1591 4134 1654 4190 libr.
1686 4141 1708 4191 t.
1735 4139 1771 4192 de
1799 4141 1895 4210 posuit

197 4224 359 4297 augelorum
388 4223 491 4278 dictum
515 4228 571 4291 est,
594 4221 668 4293 quod
694 4220 785 4276 factus
803 4221 840 4276 sit
858 4237 935 4290 caro,
960 4222 1034 4292 quod
1060 4239 1084 4278 c.
1107 4228 1130 4277 3.
1156 4228 1221 4276 tom.
1247 4227 1268 4277 l.
1293 4239 1320 4291 p.
1349 4226 1412 4277 153:
1436 4221 1502 4274 Non
1526 4221 1712 4276 similitudine
1735 4227 1835 4280 aarum
1853 4227 1895 4294 as't,

197 4311 358 4367 assumserit
381 4326 474 4365 semen
493 4308 625 4364 Abrahae
650 4315 714 4376 etc,
738 4308 811 4362 sicut
837 4309 873 4362 de
890 4308 962 4364 Filio
979 4307 1034 4363 Dei
1062 4310 1130 4379 quia
1155 4309 1283 4364 Christus
1307 4307 1452 4362 amitalem
1479 4307 1602 4375 smcsprit
1627 4310 1726 4363 camnis
1755 4312 1895 4378 menoses,

199 4397 313 4467 dicitur,
328 4395 518 4452 Tertullianus
535 4394 584 4450 lib.
604 4396 638 4449 de
656 4411 730 4449 caru.
749 4393 852 4451 Christi
867 4413 893 4465 p.
913 4400 958 4450 te:
982 4395 1037 4458 Qui
1061 4413 1117 4449 uon
1136 4395 1357 4460 similitudinem,
1375 4410 1462 4467 neque
1480 4394 1509 4446 in
1526 4393 1716 4449 similitudine
1730 4401 1895 4467 peccauerit,

198 4499 318 4539 sarman
333 4483 439 4539 Christi
457 4484 497 4535 ad
515 4481 666 4549 cuempiam
680 4489 844 4550 proponant
863 4481 1034 4547 captiosum,
1062 4483 1129 4552 quia
1149 4490 1294 4550 peecatum
1320 4498 1377 4534 noa
1399 4482 1484 4546 fecit,
1510 4482 1562 4534 ssd
1580 4490 1730 4549 peccatum
1746 4503 1807 4554 pro
1826 4487 1895 4541 selu

197 4589 254 4626 non
281 4578 379 4624 natam
409 4570 531 4622 &aarum
559 4567 665 4620 scilicet
690 4584 837 4635 carneam,
866 4575 1035 4636 comparant,
1060 4571 1158 4634 factus
1176 4575 1224 4634 est,
1242 4569 1293 4621 sesi
1310 4567 1384 4621 amit
1403 4569 1433 4620 in
1451 4567 1663 4621 similitudinem
1675 4573 1777 4626 carnis
1784 4574 1895 4644 pssimi

197 4658 292 4722 rehm,
312 4665 338 4710 et
357 4672 457 4709 causas
478 4662 537 4708 tam
553 4654 674 4722 Christi,
697 4671 780 4723 quam
800 4654 980 4723 nupciarum,
1001 4655 1035 4709 oh
1060 4658 1078 4709 ι’,
1101 4672 1124 4710 e.
1156 4655 1276 4723 coacepit
1298 4655 1510 4709 similitudinem
1533 4656 1627 4709 carnis
1650 4662 1834 4726 pecmtrieis.
1867 4661 1895 4717 in

198 4764 268 4816 quos
296 4745 326 4798 in
343 4758 456 4797 caraem
475 4747 616 4795 venerum.
651 4740 758 4795 Nullus
776 4759 900 4810 arwam
919 4743 1035 4810 arrpslas
1060 4759 1158 4798 comm.
1177 4747 1201 4798 8.
1214 4741 1292 4796 Rom.
1312 4758 1339 4810 p.
1359 4746 1403 4797 8οε
1424 4742 1581 4811 Propterea
1598 4741 1720 4797 similem
1736 4747 1819 4817 ds'air,
1837 4750 1895 4818 qnia

197 4834 263 4889 ideo
281 4829 438 4891 descendet,
456 4835 486 4882 ut
504 4828 727 4895 crucffiperetur,
747 4835 777 4880 ut
794 4836 909 4882 mortem
928 4830 1034 4898 capem-
1060 4830 1097 4883 de
1126 4829 1223 4882 sadcm
1253 4827 1411 4881 mutantia
1442 4829 1537 4880 carnis
1567 4845 1622 4882 non
1654 4833 1776 4886 eandm
1808 4835 1895 4888 hoissi

197 4928 287 4988 rerer,
311 4925 342 4971 ut
365 4934 384 4970 a
407 4921 495 4969 marte
518 4913 709 4968 reacitaretur.
753 4914 787 4969 Si
813 4932 955 4983 nunquam
977 4916 1035 4978 fust
1060 4916 1242 4982 nutritorem,
1263 4914 1331 4983 quia
1344 4921 1463 4982 peccato
1480 4915 1632 4981 mhjsctum
1650 4933 1707 4970 aon
1720 4921 1895 4991 frateorpus

198 5004 340 5075 qiumnodi
366 5021 454 5056 causa
481 5001 645 5070 anpelorum
670 5003 926 5069 corporandorum,
954 5003 1035 5056 hahet
1060 5003 1188 5057 Doriini.
1223 5006 1248 5056 2.
1267 5000 1302 5054 Iu
1321 5000 1472 5071 posteriore
1490 5001 1565 5056 dicto
1583 5019 1635 5057 vor
1654 5003 1803 5072 σχήματος
1817 5008 1894 5080 sigui·

183 5078 328 5160 ‘causam,
352 5107 403 5143 our
422 5105 478 5141 non
496 5089 637 5141 merendo
658 5088 816 5157 acceperint
835 5106 961 5155 carnem,
979 5106 1035 5143 noa
1060 5087 1126 5143 ficet
1151 5095 1291 5144 extonam
1316 5086 1553 5143 conversationem
1576 5087 1606 5142 in
1628 5087 1796 5158 affectibus,
1821 5094 1894 5167 gesi-

199 5187 330 5233 rsnsrant
355 5178 442 5244 mosi,
468 5175 533 5229 isica
555 5191 605 5228 nec
626 5174 714 5228 nara.
756 5175 795 5228 At
820 5191 885 5229 sero
910 5175 1113 5231 Christus'bus
1141 5179 1170 5229 et
1195 5174 1280 5230 totius
1304 5173 1378 5229 vitae
1396 5173 1565 5241 actionibus,
1593 5175 1699 5247 inqua
1718 5177 1847 5236 Christus
1864 5181 1892 5236 si·

199 5267 274 5320 mori
288 5268 397 5333 missus,
415 5264 497 5318 nasci
508 5279 614 5333 meque
626 5263 784 5316 suasorio
797 5262 901 5333 hahart,
920 5264 1037 5318 ulmari
1061 5260 1133 5315 milis
1164 5278 1223 5316 csse
1254 5260 1341 5316 voluit
1362 5259 1424 5314 aliis
1453 5259 1623 5331 homiuibus,
1653 5264 1733 5320 uude
1751 5265 1892 5324 dicituris

195 5358 306 5424 posset,
337 5369 395 5406 noa
429 5351 501 5405 enim
531 5350 606 5404 mori
629 5350 712 5411 solet,
743 5350 801 5404 nisi
824 5351 873 5420 psi
901 5353 1033 5407 nascier.
1061 5347 1432 5402 similitudinan'hominum
1441 5348 1560 5415 sactus,
1579 5348 1608 5402 id
1627 5356 1670 5405 est
1683 5350 1769 5419 juxta
1787 5353 1891 5424 phm'n

200 5436 231 5496 Si
254 5436 400 5508 diligenter
427 5437 568 5504 attendas,
605 5435 727 5490 iuvenies
758 5441 806 5490 roi
831 5436 914 5506 λόγου
938 5435 1035 5508 irnolp-
1062 5433 1230 5490 Hebraicam
1248 5433 1344 5488 similis
1362 5432 1518 5489 homiuibus
1537 5433 1637 5500 factus,
1657 5437 1734 5494 uude
1749 5446 1771 5495 t.
1785 5439 1891 5505 Petri,

200 5538 287 5582 sauss
316 5526 364 5578 sai
380 5525 434 5578 τῶν
453 5522 580 5594 ipyilmr
597 5524 772 5595 φανέρωσιν,
799 5522 921 5577 omnium
941 5539 1036 5580 usura·
1061 5541 1087 5578 r.
1107 5528 1147 5578 25.
1164 5536 1217 5576 vox
1237 5525 1450 5594 σχηματίζεσθαι
1466 5521 1613 5592 espouitur
1629 5537 1681 5594 per
1703 5523 1893 5601 ἀναστροφήν,
