3984 6022
516 1314 801 1438 LOCUS
848 1314 1318 1438 SECUNDUS

875 1566 952 1642 DE

210 1771 506 1922 ιιιιιιι
550 1773 670 1923 ιιι
716 1773 804 1923 ιιι
849 1773 1277 1927 irruituris
1324 1651 1607 1926 ιιιιιιι.

658 2068 1186 2139 PROOEMIUM.

909 2263 933 2334 Ι.
1023 2252 1034 2272 .

929 2420 963 2458 ac
992 2403 1036 2458 vel
1065 2403 1182 2458 maxime
1212 2402 1240 2457 iu
1269 2401 1347 2457 verbi
1376 2401 1543 2458 revelatione
1573 2418 1605 2458 ex
1632 2402 1765 2457 immensa

10 2496 51 2537 ιο.
105 2487 127 2539 1.
146 2419 194 2538 Ut
216 2482 365 2552 Scriptura
387 2504 471 2539 sacra
499 2487 526 2540 in
552 2487 693 2559 theologia
721 2493 762 2544 eat
790 2487 902 2542 unicum
930 2489 1054 2544 bonitate
1072 2488 1228 2544 hominibus
1254 2505 1315 2544 sese
1339 2488 1473 2561 patefecit
1507 2488 1593 2543 Exod.
1614 2493 1660 2553 29,
1678 2507 1703 2542 r.
1724 2493 1765 2557 43,

60 2571 240 2641 principium
258 2574 457 2639 copnoacendi:
477 2572 516 2627 sic
529 2574 617 2636 Deras,
634 2573 759 2629 bonitate
773 2573 901 2645 optimus,
928 2576 984 2632 fine
1001 2582 1076 2632 certe
1095 2576 1171 2631 nullo
1190 2576 1256 2646 alio,
1276 2581 1360 2648 quain
1380 2581 1412 2632 ut
1427 2576 1550 2631 homines
1569 2592 1603 2631 ex
1620 2574 1669 2629 illa
1687 2581 1764 2646 pate

64 2656 194 2728 potentia
219 2656 369 2722 maximus,
394 2664 437 2712 eat
462 2658 573 2713 unicum
600 2664 627 2715 et
645 2677 781 2714 summum
795 2661 903 2729 prioci-
930 2663 1051 2718 factione
1068 2663 1159 2718 Deum
1184 2670 1258 2719 recte
1282 2671 1463 2736 agnoscerent
1487 2670 1515 2718 et
1535 2679 1628 2718 veram
1651 2662 1685 2717 de
1705 2661 1787 2737 Deo,

59 2745 146 2813 pium
161 2746 288 2814 ersendi,
313 2752 373 2799 tum
391 2745 478 2816 ipsius
498 2746 657 2817 scripturae
676 2763 771 2802 sacrae
789 2747 830 2814 (iu
849 2762 905 2817 qua
931 2748 1083 2804 doctrinam
1105 2749 1141 2804 ab
1164 2748 1237 2803 omni
1257 2766 1378 2805 errorum
1399 2748 1533 2804 fermento
1551 2765 1650 2819 purum
1668 2753 1696 2803 et
1712 2746 1765 2802 illi·

63 2831 181 2886 rerbum
209 2830 264 2885 Dei
291 2832 350 2886 sive
378 2831 473 2886 divina
497 2832 629 2887 revelatio
652 2833 820 2904 continetur)
845 2839 904 2886 tum
930 2834 1024 2890 batam
1052 2839 1246 2890 conservarent
1274 2842 1359 2907 atque
1382 2835 1418 2889 ad
1438 2841 1564 2907 posteros
1583 2848 1647 2889 auos
1665 2849 1764 2904 propa-

65 2934 184 2989 operum
201 2916 365 2986 divinorum,
389 2918 424 2974 de
443 2919 544 2990 quibua
564 2920 593 2973 in
605 2919 747 2992 theologia
759 2925 905 2988 tractatur,
931 2928 1044 2993 gerent,
1068 2921 1098 2976 id
1122 2923 1196 2994 quod
1220 2922 1309 2976 sancti
1327 2921 1501 2992 patriarchae
1519 2919 1606 2993 probe
1625 2919 1765 2975 intellexe-

65 3010 204 3074 reapeetu.
241 3003 320 3060 Idem
339 3005 423 3060 etiam
443 3013 485 3062 est
502 3007 587 3061 totius
601 3006 760 3078 scripturae
773 3012 906 3076 centrum,
931 3014 1004 3078 runt,
1022 3009 1069 3080 qui
1087 3009 1118 3062 in
1137 3011 1246 3063 nomiae
1264 3009 1324 3062 Dei
1341 3010 1449 3061 oeterni
1459 3007 1675 3076 praedicarunt,
1693 3004 1764 3060 Gen.

67 3090 226 3163 theologiae
244 3093 373 3162 nucleus,
393 3093 525 3149 scientiae
542 3111 576 3148 ao
598 3093 726 3149 desiderii
746 3093 833 3147 nostri
851 3100 905 3148 ter·
936 3099 979 3160 12,
996 3112 1021 3148 v.
1042 3100 1065 3150 8.
1085 3113 1108 3149 c.
1129 3100 1170 3162 21,
1190 3112 1214 3148 v.
1236 3099 1276 3150 3³.
1302 3111 1325 3149 c.
1346 3099 1392 3160 tt,
1412 3111 1437 3146 v.
1459 3099 1508 3158 tt,
1528 3091 1581 3146 hoc
1599 3099 1648 3156 est,
1666 3107 1765 3162 propo·

69 3177 169 3232 minus.
215 3177 396 3235 Convenienti
428 3180 514 3252 igitur
540 3179 637 3235 ordine
665 3179 701 3234 ab
728 3178 844 3234 articulo
873 3178 907 3233 de
933 3186 1050 3238 suerunt
1068 3180 1190 3237 familiae
1208 3197 1273 3236 auae
1293 3188 1321 3235 et
1336 3178 1449 3251 reliquia
1469 3177 1652 3248 auditoribus,
1668 3177 1717 3249 qui
1736 3192 1765 3232 se

73 3263 224 3333 δαὴιιιινα
242 3283 326 3319 sucro
343 3266 537 3337 progredimur
550 3266 586 3320 ad
598 3265 744 3321 articulum
757 3266 792 3321 de
803 3272 908 3318 natura
934 3268 1102 3325 domesticae
1118 3266 1159 3321 illi
1178 3266 1311 3322 ecelesiae
1331 3270 1532 3338 aggregarunt,
1559 3263 1712 3320 doctrinam
1731 3262 1766 3318 de

71 3351 134 3403 Dei
149 3359 175 3405 et
193 3353 336 3406 attributis
354 3355 493 3408 dicium,
933 3356 994 3411 Deo
1023 3360 1147 3410 creatore
1175 3359 1204 3409 et
1228 3360 1419 3408 conservatore
1446 3368 1539 3406 rerum
1564 3351 1698 3421 omnium,
1732 3350 1767 3406 de

10 3439 30 3478 ¹·
109 3443 132 3494 2.
154 3436 334 3494 Commendet
353 3439 434 3496 nobis
445 3440 515 3494 hanc
529 3440 563 3496 de
574 3440 635 3495 Deo
647 3439 801 3495 doctrinam
814 3442 908 3510 (quam
933 3441 1014 3513 lapsu
1039 3440 1189 3512 primorum
1217 3443 1378 3510 parentum,
1408 3437 1443 3494 de
1471 3436 1593 3493 remedio
1618 3436 1713 3509 lapsus
1737 3435 1767 3491 iu

10 3500 58 3581 ii-
71 3524 112 3596 pii
139 3531 247 3581 veteres
273 3525 448 3596 peculiariter
469 3534 570 3582 vocant
595 3527 756 3599 θεολογίαν)
784 3526 908 3598 ejusdem
933 3527 1068 3599 promisso
1092 3525 1195 3582 Measia
1218 3525 1414 3597 exspectando,
1440 3525 1475 3580 de
1500 3523 1643 3580 sacrificiis
1665 3523 1720 3579 fide
1738 3523 1767 3578 in

10 3600 50 3634 Ἢ·
72 3616 96 3665 1.
116 3612 275 3680 necessetas,
295 3616 320 3666 2.
341 3613 458 3680 utilitas,
475 3617 501 3666 3.
523 3614 689 3682 defficaltca.
717 3612 907 3669 Necessarium
933 3613 1063 3669 Moesiam
1085 3612 1246 3682 offerendis,
1271 3612 1306 3669 de
1326 3628 1391 3667 vero
1413 3611 1491 3666 cultu
1508 3611 1569 3666 Deo
1592 3611 1767 3683 praestando,

69 3715 133 3754 ease
154 3698 227 3753 hauc
252 3699 405 3754 doctrinam
430 3700 599 3755 demonstrat
623 3705 644 3754 1.
663 3702 734 3777 ficia
752 3700 843 3754 creati
860 3699 907 3752 ho·
935 3700 969 3756 de
994 3706 1115 3757 extremo
1134 3698 1253 3772 judicio,
1277 3699 1313 3753 de
1336 3698 1394 3753 vita
1413 3703 1442 3753 et
1463 3705 1550 3753 morte
1577 3703 1689 3754 aeterua
1714 3707 1765 3754 etc.

70 3786 162 3840 minas.
200 3784 437 3850 Quemadmodum
465 3786 556 3842 omnia
582 3792 676 3843 creata
702 3792 766 3841 aunt
794 3792 908 3857 propter
935 3791 960 3841 3.
985 3789 1114 3843 Ouccr'taa
1138 3795 1250 3840 nostrae
1276 3784 1379 3839 mentm.
1416 3784 1491 3840 Ante
1515 3783 1623 3856 lapsum
1640 3785 1769 3858 fulgebat

69 3872 216 3942 hominem,
235 3872 275 3927 ita
291 3872 374 3928 homo
393 3873 520 3927 conditus
539 3879 583 3927 est
600 3871 636 3926 ud
653 3870 744 3926 Deum
755 3878 906 3928 creatorem
934 3875 962 3929 iu
987 3881 1078 3930 mente
1102 3873 1220 3928 hominia
1247 3872 1282 3927 ad
1306 3871 1360 3926 Dei
1385 3870 1533 3943 imaginem
1551 3871 1656 3927 conditi
1674 3872 1767 3926 claris·

70 3976 153 4014 auum
169 3964 245 4015 recte
264 3945 469 4031 agnoscendum
489 3964 517 4014 et
536 3958 693 4026 colendum,
712 3956 862 4012 amandum
879 3964 908 4012 et
933 3960 1004 4015 sima
1015 3960 1152 4032 quaedam
1163 3959 1211 4013 lux
1226 3958 1336 4012 divinae
1347 3956 1520 4030 cognitionis,
1536 3958 1585 4012 aed
1595 3975 1646 4029 per
1658 3958 1767 4029 lapsum

71 4044 279 4101 celebrandum.
315 4045 442 4100 Lactant.
467 4043 515 4099 lib.
542 4050 565 4100 a.
593 4043 647 4098 div.
674 4042 759 4099 instit.
784 4060 808 4098 c.
831 4049 852 4098 1.
878 4043 906 4098 in
935 4063 967 4102 ac
985 4054 1049 4118 post
1065 4045 1174 4117 lapsum
1192 4043 1336 4100 horribiles
1353 4044 1485 4100 tenebrae
1502 4043 1531 4098 in
1545 4047 1665 4099 mentem
1681 4043 1767 4100 homi·

70 4133 159 4204 princ.
194 4133 350 4203 Propterea
370 4132 435 4202 ficti
462 4140 488 4185 et
514 4131 650 4200 inspirati
673 4149 692 4184 a
716 4132 780 4184 Deo
806 4147 909 4199 samua,
934 4134 976 4189 nis
995 4141 1060 4189 sunt
1076 4133 1263 4202 introductae,
1282 4132 1382 4205 quibus
1402 4149 1457 4188 nou
1475 4137 1568 4202 potest
1583 4131 1636 4186 nisi
1655 4147 1688 4185 ex
1707 4131 1768 4186 luce

70 4238 129 4274 non
145 4228 176 4273 ut
195 4219 301 4274 coelum
316 4219 473 4272 videremus
496 4227 521 4272 et
539 4218 639 4286 solem,
663 4218 741 4288 qood
757 4217 908 4286 Anaxago·
933 4219 1011 4276 verbi
1032 4220 1141 4276 medela
1163 4219 1256 4292 aliqua
1278 4218 1378 4273 afferri.
1416 4217 1594 4290 Summopere
1618 4217 1703 4288 igitur
1720 4235 1767 4273 ne-

69 4321 125 4361 ra*
142 4307 269 4376 pacat,
295 4306 347 4358 ⁸⁶d
369 4292 399 4358 “l
423 4305 559 4370 artificem
582 4297 651 4359 &vlit
675 4313 701 4358 0²
725 4304 798 4358 coeli
814 4305 907 4357 Deum
933 4306 1086 4363 cessarium
1113 4314 1165 4374 cst,
1200 4311 1231 4361 ut
1257 4322 1290 4361 ex
1318 4306 1440 4361 revelato
1470 4304 1556 4359 verbo
1581 4302 1707 4358 doctrina
1732 4302 1767 4358 de

69 4409 150 4464 parra
175 4400 201 4445 et
224 4393 335 4459 integra
358 4399 445 4445 mente
469 4392 637 4459 coleremus,·
664 4391 729 4446 iude
754 4396 810 4459 eat,
834 4389 908 4461 quod
935 4392 995 4449 Deo
1012 4393 1152 4459 tradatur,
1176 4398 1204 4448 et
1219 4392 1272 4447 hoc
1292 4391 1374 4446 modo
1391 4408 1441 4464 per
1458 4389 1577 4461 Spiritus
1597 4388 1686 4444 sancti
1705 4389 1767 4466 illu·

72 4479 180 4534 homini
203 4495 220 4532 a
241 4495 271 4533 se
293 4484 386 4532 creato
408 4478 485 4532 Deus
507 4478 598 4550 legem
621 4477 712 4546 dedit,
740 4495 773 4533 ex
797 4476 910 4549 quaed
936 4479 1115 4553 minationem
1136 4478 1184 4532 lux
1209 4477 1339 4532 salutaria
1362 4481 1535 4549 θεογνωσιας
1557 4475 1586 4530 iu
1609 4481 1700 4530 mente
1720 4474 1767 4528 ho'-'

10 4587 23 4629 ι,
38 4582 60 4626 a
73 4565 246 4639 agnitionem
270 4569 297 4620 et
321 4564 427 4619 cultum
455 4565 585 4620 creatoris
609 4565 651 4619 sui
672 4582 731 4620 sese
747 4566 810 4635 jure
828 4569 908 4618 natu-
936 4566 1017 4620 minia
1034 4565 1239 4621 reaccendatur.
1276 4567 1299 4618 l.
1320 4563 1524 4634 Multiprliec'toa
1543 4562 1655 4616 erroris.
1684 4560 1770 4617 Novit

74 4651 129 4708 ruli
155 4651 317 4707 obstrictum
335 4651 489 4723 intelligere
506 4651 597 4722 potuit
615 4668 647 4706 ac
666 4648 777 4719 debuit,
803 4649 837 4705 de
856 4665 910 4721 quo
935 4651 1115 4727 μυριόιεχιος
1141 4649 1257 4705 Satanas
1276 4650 1432 4705 doctrinam
1451 4649 1487 4703 de
1503 4648 1565 4704 Deo
1583 4654 1612 4702 et
1627 4647 1770 4704 Salvatore

74 4740 133 4795 fine
150 4739 293 4812 praeclare
311 4738 421 4792 dissent
435 4737 576 4809 apostolus
587 4738 650 4792 Act
664 4745 704 4806 11,
722 4756 746 4791 v
762 4741 802 4793 26.
831 4735 909 4791 Rom.
936 4745 1031 4795 nostro
1054 4737 1164 4792 Christo
1191 4736 1260 4792 Jeau
1286 4754 1345 4792 ease
1369 4752 1461 4791 arcem
1486 4741 1514 4788 et
1530 4734 1672 4804 acropolin
1689 4749 1770 4791 verae

77 4834 102 4897 1,
120 4844 147 4883 ι
167 4832 200 4882 to
218 4832 269 4881 etc.
306 4824 425 4897 Reliqua
442 4823 593 4879 animantia
610 4824 703 4880 omnia
723 4840 786 4878 cum
805 4822 925 4878 ratione
923 4825 1092 4914 doctrinae,
1120 4822 1183 4877 inde
1201 4827 1243 4877 tot
1260 4838 1364 4877 errores
1385 4826 1482 4876 contra
1503 4838 1562 4876 eam
1583 4819 1714 4875 excitavit
1735 4837 1768 4875 ac

73 4914 134 4970 sint
151 4913 295 4982 destituta,
316 4913 380 4967 ideo
398 4912 481 4967 etiam
499 4911 633 4966 facultate
649 4912 741 4966 Deum
760 4917 925 4967 creatorem
936 4918 978 4968 ιοι
1001 4909 1154 4966 haeresium
1179 4908 1268 4964 eidem
1290 4906 1496 4963 adversantium
1520 4912 1641 4962 monstra
1667 4905 1770 4964 infelici

74 5017 157 5055 suum
174 4998 358 5071 cognoscendi
377 4999 574 5064 destituuntur,
594 4996 668 5052 solua
683 4996 764 5052 homo
779 5013 908 5053 exomni
935 5005 1017 5069 partu
1048 4996 1176 5065 exclusit,
1208 5011 1225 5048 a
1249 4994 1349 5066 quibua
1374 4999 1406 5046 ut
1429 4991 1492 5063 piae
1518 4998 1623 5048 mentes
1647 5009 1769 5063 praemo-

72 5086 129 5141 bna
148 5085 314 5141 animalibus
332 5085 439 5139 ratione
456 5083 607 5154 praeditus,
630 5084 697 5154 quin
715 5091 742 5139 et
758 5083 823 5138 ad
815 5083 911 5156 imagi·
936 5081 1054 5140 neantur
1079 5100 1111 5138 ac
1137 5080 1378 5154 praemuniantur,
1408 5077 1545 5134 tradenda
1570 5086 1598 5134 et
1622 5081 1771 5136 asserenda

73 5189 140 5227 nem
165 5171 287 5227 divinam
311 5173 439 5226 conditus
465 5179 520 5240 est,
549 5177 580 5225 ut
603 5169 685 5225 finem
705 5169 850 5225 creationis
870 5169 910 5225 in·
936 5177 979 5226 est
996 5168 1106 5224 articuli
1122 5168 1206 5237 hujus
1224 5163 1393 5221 orthodoxia.
1419 5168 1443 5218 5.
1463 5164 1629 5219 Μίιοννίιηα
1646 5168 1771 5224 conditio

72 5258 229 5332 telligeret‚
254 5266 404 5314 creatorem
431 5275 464 5313 ex
488 5259 618 5329 operibus
636 5261 815 5330 cognosceret
831 5257 912 5330 eique
937 5258 1056 5311 hominia
1075 5258 1168 5308 Deum
1186 5251 1350 5320 ignorantis.
1386 5249 1449 5306 Nou
1474 5257 1516 5305 eat
1534 5251 1634 5324 dignus
1652 5252 1770 5310 bominis

73 5342 202 5400 debitum
216 5342 379 5415 obsequium
391 5349 551 5415 praestaret.
572 5345 598 5396 2.
609 5343 692 5397 itata
707 5343 821 5399 divinoe
830 5352 911 5415 pote·
937 5342 1059 5410 nomine,
1083 5341 1130 5413 qui
1156 5345 1306 5394 creatorem
1335 5354 1415 5391 suum
1437 5337 1481 5392 vel
1500 5355 1555 5393 nou
1574 5341 1700 5412 agnoscit
1727 5340 1770 5397 vel

72 5431 221 5497 factionis.
262 5430 340 5486 Deus
372 5447 405 5486 ex
436 5446 537 5486 arcana
566 5430 718 5500 majestatis
749 5446 816 5485 suae
845 5432 912 5487 sede
937 5446 993 5486 non
1019 5435 1094 5484 recte
1122 5426 1260 5500 agnoscit,
1291 5431 1375 5496 prout
1403 5442 1432 5479 ac
1463 5425 1492 5480 in
1519 5426 1604 5482 verbo
1628 5427 1768 5500 patefecit.

48 5574 52 5585 ,
72 5517 208 5592 prodiens
230 5534 287 5573 nou
311 5517 400 5573 solum
417 5516 446 5571 in
463 5516 560 5573 mundi
578 5516 732 5586 creatione,
758 5517 911 5573 sedetiam
937 5516 1014 5572 Deus
1032 5533 1168 5572 summum
1185 5511 1304 5569 hominis
1322 5512 1433 5580 bonum,
1451 5513 1526 5584 quod
1544 5513 1669 5585 quisquis
1687 5508 1772 5570 habet

1411 5624 1537 5677 lt·
