3984 6022
792 298 845 356 DE
864 297 1025 358 NATURA
1042 297 1118 357 DEI.
1731 305 1793 367 tte

101 478 241 544 postremo
260 472 285 521 ··t
302 471 504 527 substituerunt
530 471 625 527 daleth
650 470 733 540 tritt,
751 478 783 527 ut
799 471 936 544 signifiea-
962 475 1163 543 argumentum,
1184 470 1258 543 qnod
1276 489 1327 541 pro
1344 471 1514 527 adstruenda
1527 470 1630 526 Christi
1648 470 1793 526 diuinitate

101 563 186 623 retur,
205 558 280 613 bunc
293 557 427 613 deboram
439 557 637 614 Immanuelem
654 565 807 613 sumturum
825 575 935 614 carnem
963 572 996 612 ex
1012 557 1123 612 nominc
1140 555 1265 612 Jehovah
1289 557 1343 629 ipsi
1357 556 1492 612 attributo
1516 556 1693 627 deducimus,
1719 555 1795 613 labe·

98 661 138 702 ex
157 643 302 713 Jebudab,
329 651 362 699 ut
386 660 420 699 er
438 644 545 700 Jehova
571 651 599 700 et
621 645 712 701 Judae
737 644 840 700 semine
864 662 936 699 unus
963 641 1511 715 1661666.06166.6661.Τ66616661.2.
1536 659 1560 698 6.
1584 648 1607 698 t.
1631 661 1659 714 p.
1688 649 1734 700 91:
1760 644 1796 698 Si

102 737 244 787 66666661
273 730 434 786 Immanuel.
482 730 517 785 R.
548 729 729 788 Hacuodescb
765 729 818 784 boo
853 732 935 786 modo
964 729 1005 782 uel
1028 731 1146 783 manime
1172 746 1204 783 66
1223 731 1372 799 Scriptura
1392 731 1514 800 probari
1530 736 1628 799 posset
1652 729 1794 785 Christum

100 816 329 889 philosophatur:
359 816 399 874 Ut
416 816 496 872 litera
514 818 539 870 ἢ
558 817 743 872 conflaturex
762 823 774 868 t
796 823 852 872 eti
872 834 935 871 666-
962 815 1136 884 appeliatum
1157 815 1253 883 fuisse
1270 817 1420 881 ι16666666,
1443 832 1500 870 uon
1521 823 1613 869 tanuen
1635 824 1794 884 sequeretur

98 901 221 975 junctis,
247 901 289 957 ita
312 907 341 959 ct
363 901 481 957 Messias
505 907 615 957 constat
639 901 733 957 divina
763 909 791 958 et
815 901 937 957 bumana
963 916 1023 954 sum
1040 917 1103 954 ress
1126 918 1184 955 esse
1205 902 1349 972 rpsummet
1371 902 1512 969 mereat,
1537 901 1676 972 siquidem
1699 900 1795 968 snpeli

99 997 209 1044 natura
253 987 295 1045 Ut
314 988 369 1044 duo
393 989 418 1041 ·'l
437 988 509 1044 fiunt
531 1006 547 1044 e
570 986 715 1043 duobus'l
738 993 767 1044 et
785 988 893 1043 duobus
912 994 934 1055 1,
962 987 1048 1040 multo
1074 987 1225 1053 inferiores
1245 989 1370 1057 0666616,
1393 995 1545 1056 propterea
1571 989 1647 1058 quod
1669 986 1793 1040 Jsbosae

99 1075 142 1130 ita
159 1075 231 1130 duae
249 1075 355 1130 suntin
368 1075 470 1131 Moesia
483 1075 642 1130 nativitates
661 1073 719 1129 sive
736 1074 934 1144 generationes.
958 1087 1111 1140 personam
1132 1072 1327 1142 sustinuerint,
1349 1072 1477 1127 Jeboualr
1499 1073 1592 1127 uocati
1613 1080 1685 1127 sunt.
1732 1069 1793 1126 Soc.

100 1158 142 1215 Ut
160 1159 216 1215 duo
234 1165 247 1212 ‘t
266 1161 296 1215 in
311 1177 369 1215 una
389 1161 542 1232 eademque
565 1159 646 1215 litera
663 1160 688 1209 tr
718 1165 782 1215 sunt
805 1160 935 1216 (66616616
961 1163 1033 1212 cont.
1053 1157 1195 1214 Wiekium
1212 1175 1235 1211 6.
1257 1165 1281 1214 6.
1301 1175 1328 1229 6.
1343 1164 1406 1215 3966
1426 1158 1462 1212 Si
1472 1159 1568 1228 anpsli
1583 1159 1692 1214 Christo
1705 1158 1792 1211 nuslto

101 1251 131 1300 ct
150 1250 244 1300 tamsn
264 1245 374 1302 unicam
390 1245 497 1301 iaciunt
514 1246 636 1312 literam,
669 1245 709 1300 sic
733 1245 880 1301 distinctae
906 1246 933 1301 in
963 1243 1127 1312 inser-iores,
1154 1260 1215 1297 erum
1236 1243 1361 1297 ι1666666
1387 1261 1540 1314 personam
1569 1243 1667 1313 aliqua
1699 1243 1730 1296 in
1761 1259 1793 1295 re

99 1330 204 1386 6166616
225 1338 290 1387 sunt
313 1337 443 1402 6616666,
466 1349 530 1387 cum
551 1337 645 1386 tamen
668 1349 723 1386 una
746 1333 783 1385 sit
809 1348 933 1402 persons.
961 1331 1109 1394 mutinent,
1145 1330 1269 1385 thorae
1298 1332 1408 1386 nomine
1441 1330 1581 1402 appellati
1609 1330 1792 1397 inueniuntur,

100 1422 124 1472 3.
147 1419 307 1487 mysterium
329 1420 509 1472 aeternitatis.
555 1416 618 1473 Gal.
643 1417 669 1475 d.
696 1418 713 1471 l.
750 1418 857 1474 Nomen
882 1417 934 1472 hoc
963 1417 1045 1470 multo
1061 1417 1227 1485 mapisjieri
1240 1424 1339 1487 potest,
1357 1425 1387 1471 ut
1402 1417 1537 1484 Gbrs‘etus,
1557 1419 1606 1486 qui
1622 1418 1653 1469 iu
1673 1423 1730 1469 toto
1746 1431 1793 1468 66-

99 1520 135 1559 ex
159 1503 372 1572 6166661616616
396 1498 520 1572 constat,
548 1521 582 1560 ex
610 1503 711 1575 quibus
733 1505 788 1559 tria
810 1510 935 1574 tempora
960 1502 1036 1568 potio
1056 1503 1158 1556 ratum
1181 1510 1297 1557 nostras
1317 1504 1441 1557 Jelrouae
1466 1504 1526 1557 Dei
1539 1520 1691 1573 personam
1709 1502 1790 1554 mesti·

99 1589 226 1662 ejusdem
244 1589 323 1644 uerbi
343 1590 557 1661 componuntnr,
576 1607 648 1662 quae
667 1597 731 1645 sunt
747 1590 933 1661 praeteritum,
961 1596 1005 1642 net
1039 1589 1181 1659 spsiusque
1207 1597 1362 1658 perpetuus
1392 1590 1422 1642 in
1449 1589 1566 1643 66616666
1594 1588 1717 1642 sicarius
1745 1593 1792 1656 sst,

97 1692 230 1747 praesens
247 1682 275 1730 et
291 1675 416 1730 futurum
433 1676 502 1752 ³2³¹
518 1678 595 1746 suit,
611 1666 677 1750 :qi-r
701 1685 748 1744 est,
768 1676 845 1752 ³333
871 1677 932 1736 erit‚
960 1672 1085 1728 Jebouae
1100 1675 1211 1729 nomine
1228 1674 1401 1744 6666116166,
1426 1691 1477 1729 nec
1498 1683 1591 1729 temen
1614 1675 1674 1744 ipse
1698 1673 1734 1726 sit
1750 1688 1792 1726 rs·

97 1768 132 1817 ut
149 1779 328 1834 personarum
345 1761 501 1817 divinarum
519 1762 668 1818 aeternitas
685 1767 858 1829 monstretur,
879 1759 933 1814 Pa·
961 1776 1028 1813 asra
1057 1760 1185 1815 Jetoern
1217 1762 1276 1815 sire
1312 1762 1435 1831 66666166
1469 1778 1531 1815 eum
1559 1761 1623 1831 ipso
1652 1760 1792 1814 essentiae

96 1855 169 1903 16666
188 1847 294 1903 scilicet
304 1848 406 1902 Filium
417 1854 446 1902 et
457 1847 588 1919 Spiritum
601 1864 710 1918 semper
720 1846 813 1914 fnisse,
833 1861 893 1900 esse
905 1852 932 1902 et
960 1845 1110 1901 Eniedinus
1135 1847 1164 1901 in
1192 1864 1218 1905 c.
1247 1852 1287 1903 16.
1328 1844 1399 1904 Grau.
1421 1863 1449 1918 p.
1471 1854 1517 1903 25:
1546 1847 1671 1902 Jsborrae
1693 1862 1792 1900 nornen

96 1932 165 1990 sore.
202 1933 260 1989 Alii
278 1933 329 1988 boc
347 1934 428 1988 modo
447 1934 502 1988 tria
517 1940 642 2006 tempora
660 1933 836 2004 investigant
875 1931 931 1987 Jod
960 1940 985 1985 rt
1010 1933 1166 2003 6666116166
1192 1951 1249 1988 uon
1271 1934 1329 1987 soli
1346 1935 1409 1988 Deo
1435 1934 1570 2003 creatori,
1593 1950 1687 1988 666666
1708 1934 1791 1986 stiam

97 2027 142 2076 est
158 2026 226 2076 nota
247 2018 349 2089 futuri,
373 2026 416 2075 est
441 2020 514 2076 enim
537 2036 570 2076 ex
592 2018 679 2074 literis
704 2017 932 2074 characteristicis
960 2019 1053 2072 661166
1070 2020 1152 2072 rebius
1168 2020 1271 2075 creatis
1288 2021 1461 2089 attribuetur,
1484 2021 1555 2075 61661
1567 2019 1697 2090 plurima
1716 2024 1790 2076 testi·
1813 2072 1816 2077 .

97 2105 185 2161 futuri
214 2106 306 2162 ethan.
344 2123 396 2161 rar
420 2104 528 2161 obolem
553 2111 595 2162 est
620 2104 755 2158 indicium·
781 2104 933 2175 praesentis
960 2106 1053 2159 monia
1080 2106 1235 2160 ostendunt
1272 2103 1438 2175 ’,86666166
1473 2113 1570 2162 contra
1599 2107 1788 2181 Ravensperg.

97 2194 149 2248 soi
168 2192 331 2263 benonikal,
351 2194 425 2265 quod
447 2192 558 2263 saepius
582 2208 638 2246 vau
657 2190 748 2246 holcm
766 2190 883 2267 indicat,
899 2198 931 2245 ut
958 2209 984 2261 p.
1014 2198 1061 2246 tl:
1086 2191 1188 2245 Allata
1207 2193 1317 2263 quidem
1343 2201 1408 2246 sunt
1426 2192 1503 2262 loca,
1530 2194 1560 2247 iu
1576 2194 1675 2264 quidus
1691 2210 1790 2248 nomen

97 2269 183 2349 6616,
208 2280 248 2353 fl]
271 2285 314 2334 est
334 2287 400 2334 nota
423 2296 456 2334 sc
474 2277 632 2333 terminatio
650 2276 806 2348 praeteriti,
825 2276 927 2348 Georg.
957 2277 1083 2331 Jelrorrob
1101 2279 1165 2330 Deo
1183 2276 1320 2342 tribuitur,
1337 2280 1390 2331 sest
1412 2278 1530 2348 nullum,
1546 2281 1577 2333 in
1594 2297 1648 2350 quo
1668 2281 1790 2350 dicotur,
1869 2261 1881 2283 ⁰

97 2363 197 2421 Venet.
216 2363 353 2420 inHarm.
373 2364 468 2419 mundi
486 2364 565 2418 (iant.
586 2370 608 2420 1.
626 2370 691 2418 tom.
710 2367 733 2418 6.
754 2380 777 2418 c.
790 2369 814 2417 3.
835 2364 867 2417 16
884 2381 931 2418 no-
958 2365 1035 2431 quoei
1050 2380 1147 2418 nomen
1164 2363 1240 2418 illud
1259 2365 1296 2417 sit
1318 2364 1406 2417 soltus
1423 2365 1484 2418 Dei
1501 2368 1659 2435 proprium
1693 2364 1788 2421 Photi-

96 2451 172 2506 mine
189 2448 314 2506 Jebovah
338 2467 435 2506 omnes
459 2451 556 2505 literae
579 2464 708 2504 numeros
732 2448 880 2503 6166616666
897 2449 931 2502 si·
957 2449 1045 2503 nianis
1069 2449 1196 2520 pollicem
1221 2456 1353 2520 premunt
1377 2456 1399 2506 1.
1428 2448 1504 2505 0616.
1535 2457 1556 2507 1.
1581 2450 1671 2506 Instit.
1696 2468 1721 2507 c.
1747 2457 1787 2508 13.

96 2535 240 2609 gnificant.
288 2537 454 2592 1161661666
477 2552 606 2592 numerus
628 2534 785 2605 circularis,
810 2535 858 2606 qui
881 2552 931 2606 per
958 2533 985 2610 ξ,
1011 2543 1035 2592 9.
1074 2535 1173 2590 Ζ6666
1193 2535 1241 2591 lib.
1261 2542 1284 2591 5.
1304 2535 1339 2591 dc
1365 2534 1454 2591 tribus
1489 2535 1660 2605 1116665,
1685 2555 1712 2608 p.
1730 2542 1789 2593 665.

96 2638 129 2678 se
145 2623 237 2695 ipsum
255 2623 354 2677 ductus
373 2623 402 2676 in
420 2640 450 2676 se
462 2623 553 2692 ipsum
572 2639 680 2692 semper
693 2621 818 2684 recurrit,
840 2623 931 2692 cujus-
957 2621 1062 2678 Alsted.
1088 2621 1117 2675 in
1142 2620 1243 2677 Isexico
1265 2639 1293 2693 p.
1319 2627 1369 2677 664
1394 2622 1523 2678 concedit
1547 2640 1645 2678 nomeu
1661 2624 1788 2677 Jstoran

96 2708 174 2764 modi
196 2713 262 2762 sunt
282 2706 437 2780 quinarius,
462 2707 599 2778 senarius,
625 2708 763 2763 denarius.
803 2706 834 2763 Si
856 2706 929 2761 enim
955 2711 1151 2779 pssumprrrir
1175 2708 1263 2762 tribui
1284 2709 1426 2762 creatur-is.
1475 2714 1499 2764 2.
1519 2708 1660 2779 Veratius,
1688 2709 1735 2782 qui
1758 2709 1788 2764 in

96 2795 221 2868 quinque
238 2793 383 2866 quinquies
395 2795 489 2863 ducas,
507 2793 610 2849 efficies
629 2800 676 2863 253
699 2793 723 2847 si
738 2810 833 2848 rursus
852 2793 931 2865 quin·
955 2810 1032 2865 erog.
1061 2794 1199 2867 apologet.
1227 2810 1250 2851 6.
1278 2799 1301 2849 t.
1340 2812 1368 2865 p.
1395 2800 1453 2850 tto.
1490 2794 1588 2851 scribit
1620 2796 1784 2851 uocabulum

95 2881 177 2954 quies
194 2886 313 2951 repetas,
331 2880 432 2952 viginti
450 2881 573 2953 quinque
595 2879 723 2935 conficies
754 2886 818 2948 125,
845 2886 873 2934 ct
892 2879 931 2935 its
956 2880 1080 2935 Jenoras
1097 2881 1182 2934 stiam
1199 2881 1337 2935 creaturis
1358 2888 1385 2935 et
1402 2880 1512 2950 anpsls's
1528 2882 1625 2951 tribui,
1649 2887 1679 2937 et
1703 2897 1787 2955 quao-

96 2967 128 3023 in
146 2965 284 3022 infinitum
301 2982 430 3020 numerus
451 2965 596 3037 quinarius
610 2982 661 3035 per
678 2965 811 3035 seipsum
830 2965 931 3018 ductus
955 2966 1083 3022 stionem·
1094 2965 1167 3022 6666
1191 2971 1274 3023 vocat
1290 2982 1365 3022 mere
1385 2966 1558 3023 rabbinicsm
1581 2967 1785 3040 6166666611-

96 3068 207 3124 semper
225 3052 255 3106 in
273 3067 304 3106 se
321 3052 412 3122 ipsum
434 3051 561 3120 recurrit,
586 3050 661 3122 quod
686 3049 759 3105 idem
777 3051 806 3104 in
823 3051 931 3106 senario
955 3069 1029 3122 cam,
1054 3069 1109 3108 non
1129 3052 1313 3124 pertinentem
1340 3053 1377 3108 sd
1394 3052 1461 3108 fidei
1479 3052 1671 3109 substantiam.
1705 3052 1784 3107 Idem

95 3154 132 3194 ac
160 3137 274 3194 (1666616
304 3137 449 3194 iuvenitur.
501 3136 571 3191 Tres
602 3153 668 3208 ergo
697 3135 739 3190 illi
766 3136 873 3191 numeri
903 3141 932 3191 et
955 3138 1025 3210 disp.
1048 3144 1090 3194 11.
1108 3139 1144 3194 (16
1162 3137 1224 3194 1166
1241 3137 1309 3195 thes.
1331 3140 1645 3195 19:1vonanstoeat
1663 3157 1786 3194 amnun-

95 3238 192 3279 omnes
210 3232 239 3278 et
255 3222 308 3277 soli
326 3230 391 3279 sunt
412 3222 518 3277 numeri
538 3221 692 3287 circulares,
711 3221 759 3292 qui
778 3222 806 3276 in
820 3221 930 3276 nomine
956 3244 1039 3296 quam
1058 3227 1088 3280 in
1104 3228 1195 3280 sam-is
1212 3227 1304 3281 literis
1322 3227 1407 3281 etiam
1425 3228 1506 3282 rebus
1527 3228 1629 3283 mestis
1646 3227 1785 3282 tribuitur.

93 3316 323 3382 temagmmsto
342 3308 525 3364 eontinentur.
551 3313 563 3359 1
582 3305 722 3378 significum
733 3307 884 3378 denarium,
903 3311 928 3358 tt
955 3320 978 3367 6.
998 3310 1197 3383 Β61166661666,
1224 3312 1273 3384 qui
1286 3313 1373 3368 rictas
1391 3329 1488 3368 manus
1503 3312 1620 3385 praebet
1637 3311 1686 3369 lib.
1708 3320 1731 3369 1.
1750 3312 1786 3368 de

94 3395 267 3468 quinarium,
292 3394 478 3462 taenarium,
501 3393 549 3466 qui
578 3392 736 3465 significant
754 3393 845 3451 Deum
868 3408 928 3449 esse
955 3397 1063 3454 Christo
1090 3414 1114 3453 c.
1139 3405 1171 3453 5.·
1204 3400 1303 3454 Possst
1329 3399 1434 3470 aliquus
1459 3401 1629 3469 respondere
1656 3398 1786 3468 arpalum

93 3480 174 3537 velut
206 3480 351 3554 spbaeram
381 3487 410 3536 et
435 3496 584 3552 progressu
610 3480 753 3551 sphaerico
778 3480 929 3551 procedere
955 3486 1015 3539 diei
1035 3485 1184 3556 Jebouam,
1208 3504 1263 3541 nan
1285 3493 1315 3540 ut
1342 3487 1471 3556 espeisse,
1496 3489 1599 3541 redut
1624 3487 1717 3540 Deum
1739 3501 1783 3540 re·

93 3567 250 3624 revocando
273 3567 304 3622 in
325 3584 355 3622 se
377 3566 481 3631 omnia,
499 3566 572 3621 sicut
590 3565 628 3620 ab
646 3566 707 3636 ipso
729 3575 925 3637 processerant
949 3579 1150 3641 prementum
1167 3568 1259 3644 equo
1276 3571 1427 3645 noulonge
1441 3571 1499 3628 abit
1510 3571 1652 3641 Testatus,
1669 3572 1781 3646 quando

94 3652 200 3708 Gircnli
218 3653 309 3709 lineas
325 3669 343 3707 s
359 3657 456 3707 centro
474 3659 574 3707 exeunt
594 3652 624 3706 in
641 3652 827 3725 peripheriam
845 3661 874 3709 et
891 3655 927 3709 ab
953 3657 981 3711 in
1000 3674 1096 3712 comm.
1116 3673 1141 3713 c.
1159 3662 1182 3714 5.
1216 3657 1305 3713 Exodi
1328 3663 1414 3730 negat
1434 3661 1526 3713 Deum
1543 3676 1666 3729 unquam
1680 3659 1736 3713 ulli
1753 3659 1783 3712 in
1839 3724 1843 3733 Ι

93 3756 130 3797 ea
146 3740 176 3796 in
193 3747 333 3810 centrum,
359 3741 398 3795 sie
424 3747 566 3796 creaturae
592 3757 610 3794 a
636 3739 698 3795 Deo
724 3747 752 3796 et
774 3740 802 3795 in
825 3740 924 3796 Deum.
958 3744 987 3798 V.
1010 3743 1040 3797 T.
1060 3745 1240 3815 apparuisse,
1265 3747 1317 3799 sed
1336 3745 1464 3814 arpalum
1487 3746 1548 3800 losa
1568 3745 1639 3816 Deir
1663 3745 1783 3817 quodsi

93 3834 120 3883 1.
141 3827 372 3897 Desipuationem
391 3826 499 3896 quietis.
537 3825 649 3881 Literae
670 3824 748 3881 66661
765 3827 823 3882 sive
847 3826 925 3898 jebu,
952 3845 1064 3897 serum,
1099 3831 1195 3902 utique
1225 3832 1323 3904 angelo
1354 3830 1485 3887 61661166
1513 3848 1612 3888 nomen
1648 3831 1782 3888 Jshosab.

93 3913 249 3987 exquibus
271 3929 372 3967 nomen
388 3911 514 3968 Jehorsh
536 3911 727 3979 constituitur,
751 3929 769 3966 a
790 3929 926 3984 gramma·
952 3916 1062 3971 “luem
1079 3916 1183 3972 adserit
1193 3916 1330 3971 Vstablus
1340 3916 1443 3971 Pontii.
1455 3916 1485 3970 in
1500 3933 1596 3973 comm.
1609 3917 1694 3977 Dent.
1710 3921 1783 3976 1161*

92 3999 160 4054 ticis
185 3999 313 4054 dicuntur
332 3999 430 4051 literae
446 3998 577 4067 spiritus,
605 3997 679 4068 quod
705 3997 766 4053 Deo
784 3999 925 4069 competit,
953 4002 1117 4068 6116161666
1136 4019 1170 4056 ex
1187 4001 1322 4059 Rabbinie
1338 4003 1412 4058 idem
1433 4009 1571 4074 statuunt,
1599 4004 1704 4060 Midras
1721 4005 1780 4060 'lil-

93 4084 164 4157 quia
182 4084 257 4139 solus
282 4084 409 4155 spiritum
432 4084 523 4138 omnis
548 4082 733 4138 vivificantem
756 4085 925 4156 'suppeditat
952 4088 1000 4143 lim
1016 4088 1046 4143 in
1062 4088 1136 4143 Pssl.
1154 4094 1206 4145 20:
1243 4090 1404 4145 Jerusalem
1420 4099 1522 4145 uocata
1539 4100 1578 4146 est
1594 4093 1704 4146 nomine
1723 4093 1783 4146 Dei

92 4171 238 4228 Vocantur
260 4169 344 4225 etiam
366 4170 546 4239 prestruentes,
573 4168 602 4221 id
626 4168 747 4223 omnium
773 4170 925 4226 rectissime
951 4174 1120 4246 1166616616.

94 4256 208 4312 divinae
223 4262 339 4312 naturae
360 4254 497 4327 congruit.
535 4254 612 4310 Deus
629 4271 693 4310 cum
709 4255 746 4310 sit
763 4256 926 4328 purissimus
987 4267 1028 4317 29.
1051 4261 1109 4319 Nos
1132 4261 1208 4333 prius
1236 4261 1428 4334 amplectimur
1455 4263 1539 4337 idque
1563 4264 1782 4321 demonstremus
1796 4275 1880 4319 emm.

93 4351 190 4412 666,
216 4347 310 4399 umen
337 4342 443 4412 rusque
470 4340 527 4396 n10
551 4342 647 4397 ubere
673 4347 701 4398 er
727 4342 926 4416 demfigstions
952 4346 1131 4419 6666666
1153 4346 1356 4417 moremus,
1384 4355 1406 4405 r.
1431 4367 1464 4403 6
1487 4351 1577 4421 apuu
1600 4349 1661 4404 nu
1680 4366 1782 4420 appro-
1808 4329 1929 4430 stiffi„

93 4428 187 4484 omnis
210 4434 352 4500 operatur,
373 4434 472 4498 pacate
496 4435 525 4482 et
548 4427 640 4499 quiete
666 4428 758 4484 omnis
779 4430 926 4501 gubernat,
948 4434 1100 4505 printione.
1143 4433 1334 4504 Quodcunque
1365 4452 1465 4492 nomen
1492 4435 1569 4492 Deus
1595 4434 1648 4491 sibi
1674 4434 1722 4490 uni
1748 4452 1782 4492 ac
1795 4429 1897 4533 2²21,ss

93 4516 156 4589 lpse
174 4514 257 4572 etism
276 4520 319 4570 est
341 4512 419 4585 quies
442 4513 550 4569 animae
576 4522 698 4584 noemae,
725 4516 829 4588 qnippe
855 4534 926 4589 quse
954 4521 1004 4577 soli
1023 4519 1170 4575 consonus
1188 4519 1277 4588 docet,
1296 4519 1365 4575 illud
1384 4526 1426 4577 est
1444 4521 1586 4593 proprium
1604 4520 1658 4578 Dei
1674 4538 1782 4578 nomen.
1795 4535 1866 4577 uene.

93 4618 151 4658 non
169 4600 223 4656 nisi
241 4601 271 4656 in
289 4600 347 4657 solo
365 4599 426 4655 Deo
450 4601 571 4671 quietem
598 4601 715 4668 invenit,
742 4604 817 4658 unde
842 4605 925 4659 etiam
954 4607 1009 4665 Sed
1024 4621 1125 4660 nomen
1142 4605 1268 4661 Jehovuh
1284 4605 1362 4661 Deus
1381 4606 1435 4662 sibi
1452 4606 1500 4662 uni
1517 4623 1550 4661 ac
1567 4606 1618 4662 soli
1635 4608 1782 4664 convenire
1801 4596 1810 4614 ⁵

94 4687 209 4745 condito
229 4689 289 4760 jam
312 4688 422 4742 bomine
449 4687 525 4742 Deus
548 4686 585 4741 ab
601 4687 732 4758 operibus
751 4689 808 4744 suis
826 4691 928 4760 quieur't
955 4693 1043 4748 docet
1079 4691 1162 4764 Ergo.
1201 4692 1364 4747 Assumtum
1388 4692 1522 4763 probatur
1543 4709 1577 4748 ex
1601 4692 1780 4766 sequentibus

95 4774 220 4840 (16662,
244 4792 270 4829 6.
291 4782 313 4831 1.
348 4775 506 4843 1666666666,
532 4775 640 4843 anima,
660 4775 690 4828 in
709 4777 843 4844 6666166,
861 4780 929 4847 quia
956 4777 1115 4849 Scripturas
1133 4776 1207 4845 locis,
1227 4777 1333 4854 lrllxo.
1353 4783 1378 4846 3,
1396 4795 1424 4834 6.
1446 4784 1566 4847 tt,oum
1583 4778 1694 4851 Moyses
1706 4778 1780 4834 able-

95 4863 236 4917 Dominus
259 4862 382 4931 66666661
406 4861 458 4914 tibi
468 4858 555 4925 sPsal.
584 4865 644 4930 116,
666 4878 691 4914 6.
718 4867 741 4915 1.
778 4868 802 4917 5.
831 4872 929 4932 mpste·
955 4871 1068 4936 geretur
1094 4864 1130 4919 ad
1147 4863 1303 4929 Isradlitas,
1327 4864 1396 4919 dicit
1415 4865 1451 4920 sd
1473 4864 1565 4932 Deum
1589 4882 1648 4922 sese
1674 4866 1782 4922 mitten-

95 4950 171 5003 rs'um
187 4950 308 5003 nominis
323 4950 403 5027 rJesu.
438 4946 524 5019 Apud
542 4943 634 5000 Galat
653 4945 784 5015 lib.3,c.
805 4953 846 5004 16.
866 4966 928 5005 con·
955 4956 1023 5006 tem:
1051 4950 1087 5004 Si
1111 4951 1253 5005 Israelitis
1271 4950 1376 5020 dicam,
1404 4953 1483 5006 Deus
1497 4961 1613 5023 patrum
1629 4961 1783 5007 6661666666

94 5033 238 5090 venientia
265 5031 531 5090 nominis0Jehovsh
557 5048 619 5086 eum
642 5033 752 5089 nomine
776 5023 851 5111 ssd]
873 5042 928 5090 trs-
953 5037 1030 5090 misit
1045 5052 1088 5089 me
1107 5037 1149 5090 ad
1171 5054 1232 5105 uos,
1259 5045 1316 5090 tum
1337 5036 1386 5091 riti
1408 5045 1553 5106 quaerent,
1581 5040 1657 5107 quod
1684 5055 1782 5094 nomeu

48 5134 80 5178 tt.
95 5119 179 5175 ditur.
221 5119 333 5176 Osiand.
360 5120 390 5174 in
412 5118 506 5174 Harm.
531 5116 601 5174 Luc.
623 5125 644 5173 1.
671 5125 752 5189 putat
775 5134 873 5176 nomen
900 5084 1034 5192 ”lejust
1059 5122 1131 5192 quid
1148 5137 1215 5191 erpo
1242 5124 1336 5177 diram
1365 5122 1425 5175 rus
1461 5122 1621 5195 Respondet
1643 5122 1721 5181 Deus
1744 5125 1780 5181 ad

94 5204 253 5276 mersbur,
294 5205 442 5262 merione
481 5204 576 5259 literae
609 5193 636 5252 tl
669 5203 774 5259 tactum
804 5207 924 5264 effabile.
952 5207 1080 5280 Moysen:
1100 5209 1191 5284 63666
1215 5197 1295 5283 *quq
1317 5207 1408 5283 6666
1431 5225 1478 5263 ero
1496 5211 1612 5279 666666.
1643 5211 1691 5266 ste
1704 5211 1782 5267 aaa
1795 5228 1834 5271 nr.
1849 5229 1881 5271 22,

94 5291 161 5350 Vid.
179 5290 293 5348 066666
311 5292 407 5348 Herna
429 5307 452 5346 6.
470 5297 493 5347 9.
511 5308 539 5361 6.
562 5296 617 5345 191.
944 5295 1019 5363 filiis
1042 5294 1151 5348 lesaii:
1180 5294 1269 5344 memte
1299 5296 1374 5363 Ero,
1398 5293 1474 5348 misit
1503 5312 1544 5350 me
1572 5297 1613 5351 ad
1639 5313 1694 5352 sos.
1742 5300 1782 5354 Et

48 5355 63 5384 ¹
128 5382 171 5435 re.
197 5376 345 5442 carenni
367 5376 393 5432 6.
419 5377 437 5432 1.
482 5381 529 5430 66
552 5393 651 5430 romeu
668 5377 793 5431 66666
817 5379 855 5432 ur
875 5382 927 5435 66
952 5381 1023 5435 auu
1040 5381 1134 5434 66666
1153 5381 1233 5433 neu
1249 5381 1290 5433 aa
1307 5379 1458 5447 666666
1482 5380 1531 5436 su
1550 5382 1627 5437 666
1644 5385 1779 5454 restim

48 5448 128 5538 flac
144 5464 203 5518 sati
221 5479 285 5518 asro
298 5467 365 5519 Deo.
378 5463 536 5534 proprium,
555 5481 594 5516 an
609 5463 825 5517 ueratribrmtur
840 5467 922 5521 stiam
952 5464 1059 5532 Israti,
1095 5465 1222 5521 Jebouab
1251 5464 1342 5519 Elobe
1370 5467 1452 5520 Deus
1474 5475 1591 5537 patrum
1620 5479 1779 5540 vestrorum,

48 5570 51 5581 ³
88 5550 173 5605 rebus
197 5552 322 5606 66666161
362 5548 504 5604 Posterius
530 5546 670 5605 sffirnsnr
692 5548 864 5622 Pbotiniani,
891 5558 924 5609 ut
951 5555 1033 5610 Deus
1051 5552 1303 5624 ,1666666166
1321 5552 1419 5619 16666,
1437 5554 1517 5609 Deus
1532 5554 1625 5613 Jacob
1641 5557 1720 5612 misit
1734 5572 1779 5621 me
