3984 6022
108 258 113 266 ’
206 298 268 360 rer
914 286 1037 348 socos
1055 284 1199 347 ramus

208 465 311 521 eosque
337 467 354 504 a
380 447 481 519 spuriis
500 453 529 502 st
548 446 731 517 supposititiis
751 444 922 516 distinguere
939 452 1042 514 posset.
1068 441 1186 498 maxime
1206 439 1313 496 efficax.
1346 445 1368 494 1.
1387 438 1449 493 Cor.
1471 444 1502 508 2,
1519 452 1545 492 s.
1564 439 1593 494 l:
1631 435 1701 492 Οοοι
1717 432 1851 490 esaim
1866 434 1905 489 ad

210 540 235 590 d.
265 536 301 589 de
332 535 379 604 pio
411 532 569 605 primaevae
594 532 767 603 antiquitatis
793 530 885 585 studio
913 536 942 585 et
966 530 1042 586 fideli
1068 546 1127 594 vos,
1145 544 1200 581 aon
1217 527 1281 580 καθ’
1301 523 1440 598 ὑπεροχὴν
1457 519 1576 594 λόγονῆ
1595 519 1903 592 σοφίαςοοοοοοὸὶίοιὲ-

210 620 334 690 ejusdem
359 635 427 674 cura
447 618 476 673 in
499 617 667 689 apocryphis
686 624 714 673 et
731 615 912 688 supposititiis
930 615 1008 672 libris
1026 622 1124 692 aitate
1149 611 1283 666 samonis
1300 610 1345 664 cel
1360 607 1519 679 sapueras
1534 611 1605 679 puta
1620 606 1773 673 humanae,
1799 622 1902 659 annua·

210 722 315 762 canone
333 704 544 775 distinguendis,
564 721 619 775 qua
637 703 672 759 de
692 719 721 758 re
740 719 773 757 ex
792 701 856 770 illis,
873 718 945 772 quae
963 719 1041 772 supe·
1055 700 1144 761 ,tione
1161 699 1239 751 vohis
1258 695 1443 750 testimonium
1460 695 1520 749 Dei
1535 694 1563 748 Ιι.
1580 710 1603 749 a
1622 691 1806 764 evangelium
1824 707 1851 746 r.
1870 696 1902 747 t:

208 791 265 845 dus
282 790 365 856 dicta,
378 789 516 860 judicium
532 788 592 845 fieri
611 795 708 860 potest.
1071 787 1109 838 Et
1125 801 1215 837 sermo
1234 801 1308 836 meas
1327 780 1629 850 &praedicationes
1649 796 1705 833 non
1724 778 1782 836 tau
1803 775 1834 831 ἐν
1850 793 1902 829 aa·

1069 877 1132 930 eoa
1157 867 1337 939 ἀνθρωπίνης
1357 874 1461 939 σοφίας
1479 863 1570 936 λόγοις
1593 866 1625 918 a'a
1643 861 1839 933 persuasoriis
1860 861 1903 914 aa·

1070 971 1169 1008 manae
1187 955 1343 1025 supientiae
1359 953 1462 1017 rabis,
1487 951 1515 1005 in
1535 948 1656 1006 flosculis
1675 953 1704 1004 et
1721 945 1903 1003 namatium

1070 1040 1225 1104 rhetoricis,
1259 1043 1310 1094 aad
1341 1041 1369 1093 in
1395 1037 1630 1093 demonstratione
1657 1035 1784 1106 spania
1809 1042 1838 1089 et
1856 1051 1904 1105 po

1071 1129 1186 1196 untias,
1213 1127 1242 1181 id
1269 1134 1325 1194 est,
1352 1127 1381 1181 iu
1403 1123 1495 1181 rubis
1517 1122 1708 1195 spiritualibus
1732 1125 1862 1193 potenter
1880 1127 1905 1176 et

485 1248 506 1310 c
518 1249 656 1309 APUT
690 1246 769 1309 m¹
1071 1212 1220 1268 efficaciter
1241 1214 1326 1268 corda
1350 1211 1533 1267 moventibus.
1573 1209 1697 1280 Derogat
1720 1206 1777 1263 sibi
1797 1210 1903 1278 aposto

1070 1298 1115 1352 lus
1138 1298 1323 1369 eloquentiam
1341 1298 1503 1365 humanam,
1530 1313 1587 1351 non
1610 1300 1702 1351 autem
1729 1292 1855 1349 divinam
1874 1293 1964 1348 aaa

210 1389 273 1454 DE
297 1385 468 1461 FORMA
490 1386 815 1453 SCRIPTURAE
836 1382 1045 1451 SAGRAE.
1071 1384 1233 1455 perstringit
1257 1402 1303 1440 eos
1328 1384 1376 1455 qui
1394 1385 1464 1457 πρὸς
1477 1383 1564 1455 χάριν
1582 1384 1709 1453 λέγοντες
1725 1377 1904 1451 &devastet

1072 1476 1167 1524 oxrtar
1194 1470 1222 1524 in
1246 1470 1302 1524 sais
1327 1468 1505 1525 concionibus
1530 1467 1708 1535 affectabant,
1730 1481 1796 1520 cum
1813 1462 1905 1520 verbo

84 1578 168 1618 sorno
247 1561 304 1611 δοῦ.
337 1558 444 1610 Forma
475 1557 641 1624 Scrrpturaa
677 1571 777 1608 sacras
812 1553 929 1609 docendi
962 1567 1046 1606 causa
1071 1573 1132 1609 rum
1153 1555 1297 1610 lenociniis
1315 1562 1343 1611 et
1366 1554 1515 1626 phaleratis
1539 1552 1622 1609 dictis
1643 1552 1754 1624 plebem
1773 1549 1906 1611 demulce

84 1630 184 1721 iffi?
212 1641 297 1697 statui
319 1649 411 1712 potest
435 1641 550 1713 duplex:
576 1643 686 1694 interno
703 1648 729 1693 et
747 1648 859 1694 mma
879 1639 937 1692 sive
955 1652 1046 1692 essen·
1072 1641 1155 1705 bant,
1181 1641 1284 1712 quique
1308 1658 1359 1712 pro
1384 1640 1507 1696 oratione
1534 1637 1732 1695 sanctimoniae
1752 1642 1782 1693 et
1800 1635 1906 1690 divinae

84 1737 154 1771 ⁸⁸¹³·-
211 1726 285 1781 tialis
303 1736 332 1781 et
349 1726 537 1781 accidentalis.
575 1727 720 1780 Internum
742 1726 906 1794 Smptnrae
923 1725 1046 1786 sormam
1071 1727 1182 1782 virtutis
1207 1727 1292 1797 plena
1311 1732 1445 1794 mmmm,
1470 1725 1700 1794 calamistratam,
1726 1737 1867 1794 papavere
1882 1727 1907 1775 et

212 1813 326 1883 quidam
347 1813 519 1867 constituunt
538 1810 678 1879 θεοπνοήν
697 1812 755 1867 sive
773 1810 952 1872 esdnrsoosv,
979 1808 1046 1862 divi-
1073 1828 1179 1868 sesamo
1209 1829 1334 1883 sparsam
1364 1819 1393 1867 et
1422 1830 1455 1868 ex
1483 1811 1595 1867 mellitis
1621 1810 1768 1867 verborum
1790 1803 1907 1879 globulis

211 1915 275 1953 nam
293 1898 514 1968 inspirationem,
534 1899 614 1968 cujus
633 1904 761 1968 respectu
780 1902 894 1952 vocatur
912 1895 1046 1951 erdnrsv·
1073 1904 1230 1954 contextam
1249 1898 1416 1967 afferebant,
1441 1904 1473 1952 ut
1491 1896 1597 1954 Seneca
1612 1895 1749 1967 loquitur,
1769 1892 1908 1949 euenisse

213 2002 276 2044 στος
295 1990 317 2039 2.
336 1983 406 2037 Tim.
427 1988 456 2052 3,
482 2001 506 2036 v.
535 1988 572 2038 16.
615 1984 669 2040 Sed
687 1984 753 2056 quia
771 1984 936 2044 erraverat
954 1981 1047 2053 potius
1072 1984 1201 2041 nucleum
1218 1984 1328 2039 interim
1345 1983 1527 2055 negligentes.

212 2070 249 2124 ad
268 2069 434 2125 efficientem
452 2085 564 2124 cansam
583 2071 711 2141 pertinet,
728 2069 864 2141 siquidem
883 2069 971 2123 sancti
989 2068 1049 2122 Dei
1108 2076 1167 2126 307.
1201 2070 1274 2127 Vere
1302 2070 1458 2125 mirandum
1485 2085 1518 2124 ac
1545 2067 1686 2140 singulare
1712 2070 1768 2133 est,
1795 2064 1826 2120 in
1848 2062 1906 2119 stilo

212 2156 335 2209 homines
359 2163 384 2207 et
410 2154 497 2208 locati
519 2164 582 2209 sant
604 2163 632 2211 et
655 2155 825 2227 scripserunt
848 2153 903 2209 ὑπὸ
924 2151 1047 2227 πνεύμο·
1073 2156 1233 2227 Scripturas
1262 2156 1394 2228 conjungi
1421 2162 1481 2210 tum
1506 2153 1713 2224 simplicitatem
1738 2156 1800 2205 tum
1823 2150 1906 2218 najo-

213 2261 258 2302 τος
279 2239 360 2310 aptos
384 2237 536 2314 preriperet
561 2243 657 2295 divino
681 2243 820 2312 inspirato
845 2242 923 2296 ducti
945 2249 972 2294 et
995 2241 1045 2294 im·
1073 2250 1187 2310 amena,
1211 2259 1245 2297 ex
1270 2241 1370 2310 quibus
1390 2240 1472 2295 simul
1495 2239 1600 2311 junctis
1617 2237 1674 2292 suli
1692 2235 1767 2290 illius
1784 2233 1904 2308 proprie·

210 2326 291 2396 psrlss'
316 2332 340 2381 2.
361 2325 436 2380 Petri
457 2331 485 2394 l,
508 2344 534 2382 v.
556 2333 596 2383 21.
616 2326 679 2384 ideo
696 2327 812 2384 sormam
831 2327 990 2397 Scripturas
1006 2327 1047 2380 in-
1073 2333 1116 2382 tas
1146 2344 1179 2381 ac
1208 2326 1386 2398 singularitas
1414 2326 1509 2381 oritur.
1559 2325 1684 2395 Simplex
1710 2321 1816 2377 dicitur
1839 2319 1905 2378 Sosi·

213 2421 320 2467 ternem
345 2428 404 2467 esse
430 2412 546 2467 dicimus
568 2413 657 2483 ipsam
681 2413 804 2468 divinam
823 2413 980 2483 Scripturas
999 2430 1047 2466 au·
1074 2419 1173 2485 pturae
1194 2412 1290 2481 stilus,
1315 2429 1370 2466 non
1394 2411 1470 2488 quod
1494 2409 1629 2465 aitrudis
1656 2414 1684 2465 st
1700 2406 1838 2476 rusticus,
1863 2404 1904 2460 rai

215 2497 370 2552 ctoritatem
390 2514 422 2552 ac
441 2499 622 2567 majestatem,
644 2515 715 2570 quae
733 2516 766 2554 ex
787 2498 944 2553 immediato
963 2497 1048 2569 Spiri-
1075 2498 1149 2570 quod
1167 2499 1335 2552 destituatur
1352 2497 1426 2552 omni
1443 2504 1541 2552 ornatu
1558 2512 1591 2551 ac
1609 2493 1757 2566 elegantia,
1774 2492 1821 2547 rel
1837 2490 1907 2564 quod

215 2591 258 2637 tus
279 2601 300 2636 s.
319 2582 417 2637 afflatu
437 2586 535 2649 (causa
555 2583 691 2639 efficiente
709 2584 822 2655 propria
840 2590 868 2639 ct
881 2585 1047 2656 adaequata)
1075 2585 1241 2639 destituatur
1263 2584 1390 2639 omnibus
1416 2582 1513 2655 liguris
1538 2598 1571 2637 ac
1589 2581 1688 2652 tropis,
1716 2579 1768 2634 sed
1785 2578 1862 2650 qnod
1877 2577 1909 2632 sit

215 2683 248 2721 ac
271 2684 378 2738 rerum,
403 2685 473 2739 quas
492 2669 604 2738 exponit
621 2668 791 2724 sublimitate
807 2670 935 2736 (mamma
953 2669 1048 2724 itidem
1075 2678 1201 2740 apertus,
1227 2669 1339 2725 minime
1358 2669 1469 2724 fucatus
1486 2669 1531 2725 vel
1549 2666 1757 2735 fraudulentus,
1782 2665 1908 2738 quodque

215 2752 327 2823 propria
356 2761 384 2807 et
410 2754 579 2824 adaequata)
605 2754 739 2826 originem
765 2755 858 2810 trahit
899 2756 954 2811 Per
976 2755 1048 2810 hanc
1075 2773 1120 2810 res
1143 2772 1259 2827 magnas
1284 2762 1311 2810 et
1334 2754 1493 2825 praeclaras
1516 2753 1608 2808 verbis
1631 2753 1667 2807 ad
1686 2756 1801 2822 captum
1819 2749 1907 2822 logm-

215 2837 330 2893 t‘ormam
353 2838 489 2893 internam
508 2839 650 2910 Scriptura
673 2847 716 2896 est
737 2841 766 2895 id
784 2842 859 2912 quod
877 2849 931 2911 est,
954 2841 1048 2897 videli-
1075 2843 1144 2897 tium
1183 2841 1397 2896 accommodatis
1430 2839 1577 2895 describat.
1624 2838 1747 2909 Simplex
1779 2851 1848 2908 ergo
1871 2841 1909 2890 est

101 2982 104 2987 ,
215 2930 358 2991 catsacra,
376 2925 478 2994 divina,
496 2923 806 2988 canonicaabsdruoroc
818 2932 862 2981 sai
879 2926 1048 2996 detentores,
1076 2927 1207 2984 sermonis
1224 2926 1375 2990 character,
1394 2943 1449 2997 quo
1461 2914 1585 2998 Spiritus
1596 2932 1707 2981 sanem
1720 2924 1749 2978 in
1762 2919 1908 2995 Scripturis

214 3025 265 3079 per
288 3009 403 3064 eandem
427 3011 510 3066 etiam
536 3012 571 3066 ab
595 3012 656 3067 aliis
683 3013 825 3084 scripturis
847 3014 974 3070 omnibus
992 3020 1048 3069 tam
1076 3015 1177 3083 utitur,
1204 3031 1267 3068 cum
1295 3029 1351 3068 non
1378 3019 1486 3068 constet
1515 3011 1646 3067 affecmtu
1669 3007 1782 3065 dicendi
1809 3021 1908 3082 genere

523 1033 728 1042 *—

214 3094 337 3165 profanis
362 3113 446 3169 quam
474 3097 572 3166 saone,
593 3105 651 3152 tam
671 3098 864 3154 ecclesiasticis
883 3117 966 3172 qnam
985 3117 1050 3170 apo·
1075 3117 1127 3155 nec
1143 3099 1293 3170 pigmentis
1314 3098 1451 3167 oratoriis,
1468 3114 1520 3153 nec
1537 3097 1628 3154 verbis
1645 3095 1781 3167 exquisite
1799 3091 1908 3159 ornatis,

214 3180 326 3252 cryphia
339 3182 719 3255 destinguitur,August.lib.
732 3192 770 3243 il.
783 3186 1049 3242 contrahentes:
1077 3185 1181 3240 esdad
1199 3183 1411 3257 intelligentiam
1429 3183 1527 3252 obviis,
1544 3181 1695 3253 perspicuis
1715 3188 1745 3235 et
1762 3181 1793 3234 in
1813 3179 1908 3252 vulgus

217 3268 358 3321 Distinata
378 3277 417 3322 eat
437 3289 455 3323 a
475 3271 663 3339 posteriorum
689 3272 771 3326 libris
788 3273 949 3326 excellentia
967 3291 1049 3327 cano·
1077 3271 1164 3340 notis3
1185 3270 1260 3325 idem
1282 3277 1376 3326 tamen
1399 3270 1542 3325 character
1566 3270 1711 3338 majestate
1734 3265 1836 3336 plenas
1853 3268 1907 3331 est,

217 3354 297 3406 nicae
324 3355 502 3408 auetoritatis
535 3355 562 3409 V.
590 3364 615 3409 et
641 3358 677 3412 N.
706 3359 737 3410 T.
765 3375 836 3428 qnae
859 3359 1050 3428 apostolorum
1077 3374 1140 3411 cum
1162 3356 1197 3411 de
1219 3356 1333 3410 summis
1356 3354 1422 3410 iidei
1444 3353 1583 3425 mysteriis
1603 3358 1632 3408 et
1650 3350 1751 3406 divinis
1768 3348 1909 3407 revelatio

216 3439 383 3504 confirmata
402 3440 571 3508 temporibus
586 3458 641 3510 per
657 3444 840 3497 nacera'onea
859 3444 1050 3515 ορίοοορονοοι
1076 3443 1158 3498 nibus
1189 3459 1273 3513 supra
1301 3441 1400 3497 menas
1424 3442 1562 3496 humanae
1591 3443 1703 3510 captum
1728 3434 1830 3508 positis
1855 3440 1908 3491 hm

216 3531 241 3574 st
255 3526 479 3592 propagationes
499 3526 677 3579 scriniorum
695 3535 827 3596 tanquam
845 3529 958 3583 insede
984 3548 1050 3599 qua·
1077 3527 1221 3600 perspicue
1246 3544 1297 3582 nos
1318 3528 1439 3597 erudiat;
1466 3532 1550 3597 atque
1567 3529 1600 3580 ut
1618 3523 1702 3579 verbo
1721 3522 1828 3591 diam,
1850 3519 1909 3578 talis

216 3608 283 3660 dam
296 3609 450 3661 melimiter
464 3610 610 3662 conantata
626 3618 673 3678 eut,
688 3613 844 3667 massanus
858 3615 1051 3684 orrrnmfidelis
1077 3620 1120 3670 est
1137 3614 1295 3685 Scripturae
1317 3613 1472 3682 character,
1495 3611 1607 3684 qualem
1629 3608 1659 3663 in
1682 3608 1744 3664 aliis
1767 3607 1847 3664 libris
1862 3604 1909 3660 hu·

218 3700 242 3746 et
254 3693 322 3760 pius
341 3693 563 3762 intellectuare.
590 3696 627 3747 In
647 3698 789 3765 opusculis
808 3707 898 3752 aotam
913 3700 1051 3768 posterio-
1078 3717 1159 3756 mana
1182 3698 1320 3755 industria
1344 3696 1492 3754 elaboratis
1518 3712 1598 3751 nemo
1622 3693 1820 3765 deprehendet
1855 3690 1908 3746 tu-

215 3795 290 3845 rum,
318 3794 390 3847 quae
414 3778 495 3831 libris
516 3780 767 3867 'innumerabiliter
790 3786 975 3855 contineatur,
1001 3788 1052 3838 aad
1073 3787 1161 3856 jesias
1190 3784 1247 3840 stili
1276 3783 1474 3854 complectitur.
1527 3790 1549 3838 1.
1583 3782 1706 3852 ejusaem
1737 3778 1909 3844 aaaron,

215 3862 293 3916 nullo
319 3864 403 3916 nodo
429 3864 478 3916 isti
500 3867 652 3919 canonicae
677 3868 886 3938 Scnpturarnm
905 3889 1052 3924 sacrorum
1077 3887 1133 3943 qua
1149 3887 1200 3942 per
1220 3870 1311 3926 rivam
1329 3868 1470 3942 quandam
1490 3866 1731 3922 trasennam
1746 3865 1777 3920 in
1794 3864 1851 3920 illis
1867 3862 1910 3918 de

218 3946 396 4045 accedentius
408 3958 605 4019 coaequantur,
625 3953 710 4005 etiam
733 3953 764 4006 in
785 3955 989 4025 quidusarnqns
1010 3958 1049 4009 in·
1063 3957 1196 4029 ,scriptae
1225 3956 1304 4027 qnasi
1326 3961 1390 4010 ante
1412 3955 1507 4010 oculos
1525 3951 1694 4025 spectandae
1711 3956 1910 4023 proponuntur.

215 4040 326 4085 sensim
346 4035 443 4087 eadem
462 4035 578 4102 ceritas,
605 4037 686 4105 longe
713 4045 803 4092 tamer
827 4040 920 4110 impar
944 4050 983 4095 ast
1001 4060 1049 4095 au·
1063 4052 1065 4115 ;
1078 4049 1101 4099 2.
1115 4042 1319 4113 plenitudinem
1337 4041 1395 4097 sive
1411 4047 1542 4110 μείωσιν,
1563 4038 1639 4110 quod
1655 4055 1708 4106 res,
1728 4053 1799 4109 quas
1815 4050 1910 4108 propo

217 4118 342 4215 acatos.
378 4119 424 4175 Ab
443 4119 495 4174 hac
513 4121 649 4176 sententia
665 4140 721 4179 non
739 4124 845 4179 abeunt
859 4126 888 4180 in
906 4127 1051 4194 hrenum,
1063 4118 1065 4163 i
1077 4127 1126 4196 nit,
1145 4127 1227 4198 plene
1248 4134 1383 4199 quantum
1401 4127 1464 4198 quis
1482 4124 1639 4181 desiderare
1657 4128 1764 4194 posset,
1784 4122 1910 4193 explicat,

217 4219 265 4274 qur
289 4220 380 4273 speum
406 4222 528 4274 sensum,
552 4205 609 4261 sive
632 4209 795 4265 sententiam
815 4211 892 4267 verbi
916 4212 1000 4268 divini
1022 4215 1050 4268 in
1077 4212 1206 4269 videlicet
1228 4213 1349 4283 partium
1374 4219 1401 4268 et
1424 4210 1579 4283 specierum
1604 4207 1824 4279 enumeratione,
1850 4223 1912 4263 cau·

218 4287 360 4360 Scriptura
384 4289 472 4345 literis
497 4307 654 4361 expressam
678 4293 794 4350 formam
820 4297 942 4366 ejusdem
969 4299 1051 4354 inter·
1077 4317 1169 4354 aarum
1211 4299 1406 4370 explicatione,
1451 4296 1720 4353 ahcumsenusrun
1762 4293 1912 4362 notatione,

218 4391 281 4473 nem
299 4375 479 4444 comtitaunt,
497 4377 562 4448 quia
581 4378 646 4434 inde
664 4386 748 4451 atque
767 4381 829 4437 ideo
849 4382 992 4454 Scriptura
1012 4385 1051 4439 di·
1064 4411 1066 4475 q
1078 4384 1246 4441 antitheseos
1264 4383 1450 4454 subjectione,
1469 4389 1521 4438 etc.
1553 4387 1576 4436 3.
1595 4382 1755 4435 brevitatem
1773 4380 1832 4435 sire
1849 4387 1911 4451 epa-

218 4476 310 4558 sunam
330 4462 503 4532 majestatem
521 4470 604 4534 atque
623 4467 814 4523 auctoritatem
832 4469 952 4538 obtinet,
977 4471 1051 4541 quod
1064 4472 1187 4563 igdrnra,
1207 4485 1263 4542 qua
1277 4470 1380 4539 paucis
1399 4469 1488 4521 remis
1505 4469 1606 4522 mutas
1625 4468 1777 4521 centenariae
1794 4466 1912 4536 corrpie-

219 4544 338 4644 drrrnam
364 4547 533 4604 voluntatem
561 4556 588 4604 et
608 4550 705 4607 salutis
728 4559 839 4609 nostrae
861 4556 994 4625 mysteria
1018 4557 1177 4624 echtitar,
1201 4560 1232 4609 ut
1254 4555 1294 4609 ait
1310 4538 1517 4625 Chrysfhomil.
1541 4559 1580 4610 ii.
1605 4552 1633 4607 in
1658 4569 1681 4607 c.
1709 4558 1733 4606 6.
1755 4550 1861 4608 esna.
1882 4565 1914 4605 ac

218 4629 312 4729 divina
349 4632 545 4704 prophetarum
583 4640 611 4690 et
649 4639 836 4708 apostolorum
872 4640 1052 4713 inspiratione
1078 4641 1224 4698 verborum
1247 4656 1391 4696 numerum
1414 4656 1526 4694 numero
1551 4654 1643 4693 rerum
1665 4656 1721 4694 non
1738 4642 1850 4692 tantm
1868 4635 1915 4692 ad-

216 4715 296 4771 nobrs
314 4717 476 4773 manifestet
1077 4733 1191 4801 aequat,
1224 4727 1274 4781 sed
1301 4725 1385 4780 etiam
1414 4731 1533 4795 superat.
1573 4731 1597 4780 i.
1625 4724 1832 4778 cohonents‘anu
1859 4720 1917 4777 sire

254 4807 313 4857 tet.
339 4805 443 4857 Formo
468 4813 579 4860 eaterm
603 4814 646 4863 est
670 4816 730 4863 tum
746 4810 849 4865 idioma
867 4809 979 4883 linguae
997 4812 1051 4868 He·
1079 4816 1264 4880 oordsoptav,
1289 4811 1458 4884 quaomnia
1480 4810 1811 4881 membraaptissimeet
1828 4805 1915 4863 ssimi

219 4887 319 4942 &⁸⁰80
335 4906 390 4960 (11¹0
409 4888 505 4953 Vtile,
533 4897 561 4946 et
582 4891 716 4963 Graecae,
736 4912 792 4966 quo
811 4897 918 4952 Novum
936 4899 1052 4968 perscri-
1078 4907 1211 4972 perpetua
1230 4897 1351 4970 quadam
1367 4902 1467 4953 uatem
1484 4896 1631 4964 connectit,
1647 4903 1680 4951 ut
1697 4894 1766 4950 nihil
1784 4894 1916 4961 hiulcum,

219 4977 298 5070 ptam
315 4981 358 5070 est
374 4973 605 5049 lustramentum
628 4986 687 5034 tum
705 4981 837 5036 sermonis
859 5000 891 5038 ac
909 4984 979 5053 stili,
998 4987 1147 5057 quonihil
1173 4984 1368 5040 ἀνακόλουθον
1389 4990 1523 5040 occurrat
1561 4990 1583 5038 5.
1608 4982 1804 5037 οοοοοοοάίοοι
1824 4989 1851 5037 et
1870 4998 1916 5036 co·

218 5073 247 5111 sn
262 5057 406 5158 Scriptura
425 5060 543 5131 Spiritus
561 5082 582 5118 s.
603 5066 689 5120 utitur
704 5067 868 5138 proprietas,
884 5069 940 5125 imo
959 5072 1052 5142 singu-
1078 5074 1197 5126 stitatens
1224 5071 1282 5126 sive
1310 5068 1446 5140 ciyro'rnra
1478 5075 1523 5124 sai
1555 5066 1765 5142 εὐοχειμεσμόν,
1797 5086 1856 5141 qua
1881 5066 1914 5122 ab

217 5138 314 5238 lautas
346 5147 552 5214 nuntiatorem
583 5160 610 5204 et
635 5154 809 5222 mqiestatem
835 5155 968 5212 musculo
990 5172 1053 5212 vere
1079 5158 1153 5213 omni
1178 5157 1337 5227 ἀκαθαρσίᾳ
1361 5163 1389 5212 et
1406 5155 1577 5226 turpitudine
1596 5153 1718 5210 abstinet
1740 5158 1771 5209 et
1787 5170 1833 5210 rea
1850 5153 1913 5210 aiio·

201 5225 313 5323 'dluno
339 5232 517 5301 conjunctam
543 5233 656 5292 habens.
702 5238 840 5295 Sermonis
865 5258 967 5312 genus,
998 5244 1126 5319 quoqqui
1150 5241 1299 5298 obscoenas
1323 5241 1485 5298 verecundis
1507 5241 1565 5296 sive
1582 5240 1677 5311 nuptis
1694 5239 1802 5311 verbis,
1826 5246 1859 5296 ut
1875 5239 1910 5294 lo

124 5386 131 5398 1
219 5309 363 5382 Scriptura
379 5324 421 5371 est
439 5327 563 5388 exarata,
589 5328 631 5377 est
650 5324 780 5396 simplex,
804 5326 908 5382 nullam
925 5328 1053 5384 redolens
1066 5326 1213 5402 iquuntur,
1240 5328 1374 5400 exprimit
1404 5334 1428 5384 6.
1454 5328 1608 5398 efficaciam
1631 5327 1689 5382 sive
1712 5327 1861 5397 trtpyrrnr
1883 5339 1911 5380 ac

219 5395 367 5454 humanam
394 5408 422 5458 et
448 5404 570 5460 mosam
597 5408 797 5480 eloquentiam,
823 5413 932 5468 interim
961 5414 1233 5481 tamen'aetnrdrqrn,
1269 5414 1335 5486 quia
1362 5412 1524 5483 Scripturas
1553 5429 1641 5467 sermo
1671 5411 1711 5465 ita
1737 5418 1910 5483 comparatus

217 5490 259 5538 cst
287 5493 434 5556 augustus
460 5497 489 5544 et
512 5493 547 5545 ad
570 5494 759 5563 percellendos
783 5498 924 5552 hominum
947 5501 1053 5555 ammos
1066 5507 1138 5572 est,
1167 5508 1199 5555 ut
1225 5499 1359 5570 peculiari
1386 5497 1507 5568 quadam
1528 5498 1553 5550 vi
1574 5497 1691 5568 legentis
1711 5496 1835 5551 animum
1855 5511 1911 5568 per
