3984 6022
759 253 810 307 nn
831 250 1045 309 44444444
1064 252 1194 309 secun.
1764 265 1822 324 133

122 404 212 460 441144
261 402 474 476 chrysostomus
500 403 594 462 homil.
622 411 662 462 44.
690 405 718 460 14
745 422 767 460 a
796 410 835 461 23.
859 405 958 460 Matth.
987 405 1153 461 tribueretur
1176 423 1232 461 non
1256 406 1367 464 divinae
1384 408 1493 479 virtuti,
1519 411 1568 465 sed
1586 411 1733 467 verborum
1750 413 1824 470 leno·

124 491 228 546 Omnia
254 491 338 545 uerba
363 491 475 556 dmina,
502 492 629 562 41444414
658 494 765 546 rustica
790 492 846 545 sint
871 499 897 546 st
920 492 960 544 in·
986 490 1066 545 ciniis
1095 508 1129 547 ac
1158 491 1278 562 phaleris
1310 501 1330 550 1.
1359 493 1421 550 (lor.
1455 502 1482 564 1,
1508 514 1533 550 v.
1566 503 1604 551 11.
1631 516 1654 553 4.
1674 505 1703 567 4,
1728 516 1754 552 v.
1783 505 1823 557 20.

124 577 286 647 4444444414,
303 576 367 630 4144
383 584 454 646 sunt,
473 578 607 648 quoniam
625 578 699 632 intua
717 579 746 634 in
762 578 887 632 44441144
903 577 961 630 auia
988 582 1011 631 5.
1040 575 1094 642 Qui
1119 576 1279 649 Scripturae
1302 578 1506 651 simplicitatem
1529 588 1724 652 contemnunt,
1746 586 1824 656 justa

123 662 222 716 labent
239 663 365 733 potitam
386 663 531 717 vamtatem
550 664 619 730 Dei,
646 665 730 735 44444·
750 664 913 732 sanguinem
931 663 959 716 in
987 660 1041 715 Dei
1055 661 1162 733 judicio
1182 680 1200 718 a
1217 663 1374 736 cognitione
1393 665 1549 720 divinorum
1566 669 1759 738 mysteriorum
1779 689 1822 726 ex-

123 749 200 802 senia
219 748 365 816 inclausum,
383 756 409 802 et
425 749 491 803 idea
508 749 650 819 uim'fieant
668 749 832 804 audientem.
859 748 961 803 Omnia
986 747 1144 802 cluduntur.
1178 749 1354 822 Augustinus
1371 750 1421 806 lib.
1440 757 1465 806 3.
1485 750 1610 807 conten.
1626 771 1649 808 c.
1670 760 1692 808 5.
1712 753 1823 821 fatetur,

124 841 216 888 444444
239 835 324 888 uerba
348 835 503 903 aeaukria,
529 836 660 906 44441444
685 853 741 889 non
764 835 960 889 lubentinae
986 831 1053 901 sibi,
1079 850 1142 888 cum
1167 835 1258 891 adhuc
1280 836 1458 892 Manichacus
1477 843 1565 903 esset,
1589 837 1760 909 scripturam
1782 839 1822 895 in-

123 920 252 974 eis-tutem
274 922 344 990 Dei,
370 921 497 992 quamuis
513 922 569 975 rint
588 921 741 991 composita
762 928 788 974 et
806 921 958 990 inueniam.
986 917 1100 990 dignam
1124 920 1226 991 visam,
1249 940 1332 994 quam
1353 922 1498 978 Tullianae
1522 923 1696 995 eloquentiae
1713 942 1821 997 compa·

124 1013 235 1062 marusa
258 1015 335 1076 sant,
363 1007 496 1077 ananiam
513 1007 544 1061 in
561 1008 638 1061 44414
654 1025 768 1061 naamam
786 1025 841 1061 noa
860 1007 960 1060 nabent
986 1010 1070 1060 rarat:
1097 1008 1200 1061 Tumor
1219 1009 1291 1062 enim
1310 1027 1394 1078 messa,
1413 1009 1512 1080 inquit,
1531 1011 1689 1078 refimiebat
1707 1013 1821 1065 modam

122 1093 253 1147 arnan
288 1093 359 1161 Dei,
389 1100 545 1163 prrmterea
572 1110 621 1147 nec
652 1095 808 1147 audientem
838 1092 959 1146 ualeant.
986 1092 1047 1159 ejus
1076 1099 1101 1144 et
1126 1093 1201 1146 acies
1231 1111 1293 1148 mea
1318 1112 1374 1147 nan
1394 1096 1561 1164 penetrabat
1588 1096 1724 1149 interiora
1752 1097 1820 1165 ejus.

123 1178 168 1234 De
191 1177 245 1234 hac
272 1179 404 1234 sermonis
428 1179 514 1234 divim
539 1180 684 1250 majestate
708 1195 741 1233 ac
768 1178 960 1251 singularitate
986 1174 1040 1232 Sed
1076 1176 1251 1246 postmodum
1283 1177 1454 1253 Christianus
1492 1196 1508 1234 e
1537 1180 1701 1236 Manichaeo
1731 1180 1822 1235 iactus

123 1269 262 1324 luuntur
281 1281 336 1319 non
357 1264 445 1320 solum
464 1264 599 1320 formulae
618 1264 681 1320 illae
698 1264 830 1336 loquendi
849 1263 959 1336 saepius
985 1260 1067 1332 longe
1085 1261 1166 1317 aliter
1183 1264 1285 1319 sentire
1300 1265 1400 1336 coepit.
1417 1264 1463 1320 lib.
1483 1270 1507 1320 6.
1526 1264 1649 1321 Confess.
1668 1284 1690 1320 c.
1710 1274 1740 1321 5:
1776 1269 1821 1344 Ea

122 1350 272 1423 repetitae:
294 1349 960 1419 1144134τηί44,Εφοάἰεουοὸίηδίεᾱίιίι
987 1346 1058 1400 mili
1082 1350 1267 1404 omerabiliar
1284 1358 1310 1404 et
1327 1359 1509 1405 sacrosancta
1520 1353 1582 1422 fide
1600 1352 1716 1421 dignior
1733 1370 1821 1423 appa·

123 1437 283 1505 Dominam
301 1435 340 1489 04
357 1437 478 1490 Domini
493 1436 614 1490 14441444
633 1444 689 1503 eet,·
712 1437 829 1490 Verbum
843 1435 962 1490 Domini
987 1434 1065 1485 rebat
1096 1433 1263 1504 Scripturas
1293 1437 1458 1505 arroteritae,
1489 1454 1543 1506 qua
1574 1445 1599 1490 et
1629 1438 1754 1491 omnibus
1782 1440 1823 1491 ad

116 1523 233 1590 fartum
256 1529 307 1590 est,
334 1530 392 1590 eu,-
416 1522 466 1576 sed
488 1521 572 1577 etiam
590 1521 676 1576 divini
699 1521 814 1577 effectus
832 1521 861 1575 in
881 1521 959 1575 audi·
988 1519 1134 1586 legendum
1160 1528 1229 1573 eruet
1251 1519 1282 1572 in
1300 1529 1415 1590 promtu
1433 1529 1459 1574 et
1475 1523 1576 1575 secreti
1594 1524 1640 1576 eui
1658 1522 1822 1591 alienitatem

122 1612 215 1664 torum
242 1605 349 1661 animis
384 1607 486 1662 Jerem.
513 1612 560 1675 13,
592 1624 618 1663 v.
648 1613 694 1662 29:
731 1607 878 1678 Numquid
903 1623 959 1658 aon
987 1603 1017 1656 in
1041 1604 1183 1659 intellectu
1197 1607 1391 1674 prafrmdiore
1413 1615 1548 1676 sewaret,
1572 1609 1662 1663 uerba
1679 1608 1821 1677 apertissi-

121 1693 208 1747 aerba
228 1709 289 1746 mea
305 1701 368 1746 mant
387 1693 471 1762 armai
487 1693 569 1761 ignis,
588 1693 658 1746 dicit
670 1693 818 1760 Dominam,
836 1700 861 1745 et
878 1692 961 1762 quasi
988 1689 1041 1742 mis
1065 1697 1091 1742 et
1115 1683 1271 1744 humillima
1292 1709 1392 1759 genere
1415 1692 1550 1762 14444441
1570 1711 1599 1747 44
1620 1694 1723 1747 cuneta
1735 1710 1821 1763 prae·

122 1777 245 1832 natam
262 1785 405 1832 conterens
418 1780 552 1848 petram!
570 1777 668 1833 Manu.
690 1784 714 1847 1,
731 1795 757 1832 v.
776 1782 824 1833 ²8:
862 1776 960 1831 Obstu-
988 1775 1052 1828 bens
1082 1783 1108 1828 et
1131 1792 1259 1830 mercena
1284 1778 1447 1832 intentiones
1470 1795 1578 1849 eonem,
1606 1781 1656 1850 qui
1677 1797 1733 1833 nan
1758 1788 1821 1834 nant

118 1864 273 1935 pascebam
285 1865 382 1918 mitae
395 1866 480 1934 asper
493 1865 623 1918 doctrina
637 1864 751 1919 Uirtuti.
767 1882 792 1917 u.
804 1865 854 1916 29:
873 1864 960 1917 Erat·
986 1860 1059 1914 14444
1072 1863 1166 1930 eorde,
1184 1869 1215 1914 ut
1232 1864 1368 1933 semineret
1384 1881 1477 1918 amaea
1489 1867 1630 1936 populari
1645 1867 1709 1920 sinu
1726 1875 1752 1921 et
1766 1883 1821 1936 per

123 1950 196 2004 enim
222 1950 325 2003 dacem
346 1966 393 2002 eos
416 1957 550 2020 tanquam
569 1955 732 2018 potestatem
749 1948 859 2003 labens.
891 1946 959 2002 Luc.
986 1954 1107 2016 angusta
1124 1949 1272 2012 foramina
1285 1967 1395 2018 paucae
1413 1953 1455 2004 aci
1471 1959 1497 2005 te
1514 1951 1543 2021 (o
1563 1951 1652 2020 Deus)
1670 1953 1821 2021 trajiceret,

124 2040 166 2105 tt,
183 2053 211 2091 v.
231 2040 278 2090 ³2:
300 2036 401 2089 Nonne
418 2052 467 2088 aar
484 2042 609 2088 nostrum
627 2042 689 2088 erat
706 2035 811 2087 ardens
827 2034 857 2087 in
873 2032 960 2100 nodia,
987 2033 1072 2088 multa
1095 2042 1188 2088 tamen
1201 2034 1300 2104 plures
1322 2054 1406 2107 auam
1424 2037 1452 2090 ei
1468 2055 1518 2092 nee
1536 2046 1612 2091 tanto
1630 2039 1820 2108 4414444414-

123 2122 191 2174 dum
217 2119 376 2190 loqueretur
401 2120 481 2174 nabis
503 2121 533 2174 in
552 2120 621 2173 uia!
643 2127 691 2173 ete,
732 2118 842 2186 1444,
868 2135 893 2173 v.
913 2123 960 2173 aa:
986 2118 1082 2173 nitatis
1101 2121 1244 2189 emineret,
1269 2137 1319 2175 nee
1337 2123 1433 2176 trabas
1449 2125 1556 2191 premia
1578 2132 1691 2178 canetae
1710 2125 1820 2178 lumili-

129 2206 228 2275 Varda‚
261 2223 331 2276 quae
362 2206 464 2276 loquor
491 2205 581 2274 uobis,
611 2213 675 2258 sunt
695 2205 819 2275 84414444
849 2212 875 2258 et
901 2203 959 2257 uita
987 2206 1053 2258 tatia
1090 2207 1223 2260 hauriret.
1277 2205 1380 2262 Confer
1415 2213 1524 2263 4444444.
1559 2208 1647 2264 Flauii
1685 2210 1720 2265 de
1757 2209 1821 2265 stilo

123 2291 267 2362 (nimirum
291 2291 357 2362 quia
380 2308 397 2345 4
414 2290 519 2363 Spiritu
542 2296 637 2345 sancto
655 2290 780 2361 proiecta
798 2296 863 2344 sunt
880 2295 908 2345 et
927 2308 960 2345 ex
987 2307 1086 2346 secter.
1104 2291 1206 2346 literar.
1229 2291 1257 2346 14
1275 2293 1398 2348 secunda
1415 2299 1494 2364 parte
1511 2293 1613 2349 Clanis.

122 2378 200 2434 fonte
225 2377 299 2432 vitae
321 2376 526 2447 profluxerunt,
551 2375 618 2448 qnia
641 2375 812 2447 spiritualem
837 2382 865 2431 et
890 2375 959 2429 divi-
1022 2382 1079 2434 449.
1107 2377 1149 2431 Ex
1175 2377 1228 2432 hac
1251 2377 1411 2448 Scripturae
1437 2379 1527 2434 torma
1551 2386 1610 2435 tum
1637 2381 1746 2436 interna
1761 2386 1821 2436 tum

123 2480 188 2518 nam
211 2463 341 2517 virtutem
360 2462 389 2516 in
411 2479 441 2516 se
458 2462 611 2527 continent,
635 2461 701 2533 quia
718 2461 875 2532 spirituales
895 2459 959 2515 effe
987 2469 1100 2519 externa
1116 2463 1261 2519 manifeste
1279 2470 1403 2535 apparet,
1422 2465 1524 2520 falsum
1541 2483 1601 2522 esse
1613 2465 1821 2522 Pontificiorum

123 2556 185 2604 ctus
207 2548 294 2604 edum
306 2554 334 2603 et
345 2547 484 2602 hominem
495 2547 646 2617 vivificant,
662 2546 732 2604 haec
744 2547 817 2603 enim
828 2548 882 2602 tria
895 2553 960 2601 4444
985 2550 1140 2618 theorema,
1166 2552 1244 2620 44441
1267 2551 1458 2617 uenationes
1475 2552 1573 2605 444444·
1585 2553 1678 2623 possit
1696 2553 1820 2623 Scripta·

122 2634 333 2707 oouJ'nngsnda,
361 2633 390 2687 in
414 2632 513 2705 quibus
540 2633 678 2704 posterius
701 2650 810 2705 semper
836 2633 961 2705 sequitur
986 2654 1049 2689 ram
1068 2653 1126 2689 esse
1144 2636 1281 2703 diuinam,
1308 2654 1392 2706 qrram
1409 2653 1442 2690 ea
1459 2637 1614 2691 traditione
1631 2655 1688 2691 nan
1704 2639 1821 2709 scripta,

124 2739 158 2779 ex
175 2721 277 2793 priore.
304 2719 424 2786 Quidam
442 2719 481 2773 sic
501 2728 649 2790 exponunt,
668 2728 732 2774 sunt
752 2719 959 2790 spirituale.
987 2727 1019 2776 ut
1054 2722 1179 2792 disputat
1213 2721 1398 2776 Bellarminue
1432 2722 1481 2777 lib.
1508 2729 1531 2778 4.
1562 2723 1598 2778 (14
1623 2741 1650 2781 v.
1676 2722 1710 2778 D.
1742 2741 1766 2781 c.
1796 2730 1820 2780 4.

124 2807 230 2863 debent
260 2805 441 2879 spiritualiter
469 2805 588 2878 intelligi
612 2806 647 2861 de
670 2805 882 2860 manducatione
906 2822 961 2861 non
987 2808 1117 2880 quodque
1133 2815 1251 2878 propter
1272 2808 1363 2862 solam
1384 2809 1516 2863 molatae
1533 2809 1728 2864 auctoritatem
1746 2811 1822 2866 Sai-

123 2891 336 2964 Cspernaitica,
354 2891 403 2947 sed
421 2890 563 2962 spirituali.
599 2891 671 2945 Sunt
687 2893 759 2959 nita,
779 2892 796 2948 i.
817 2908 839 2946 e.
859 2889 961 2946 debent
983 2902 1088 2964 ptnrae
1111 2896 1258 2962 credatur,
1286 2900 1319 2948 nt
1340 2893 1463 2965 loquitur
1480 2894 1657 2966 Stapletonus
1680 2895 1709 2949 in
1728 2896 1820 2953 relect

69 2990 110 3034 ut.
122 2978 245 3052 intelligi
271 2993 326 3032 444
353 2978 389 3031 de
416 2977 585 3046 transitoria,
613 2977 662 3032 sed
691 2978 726 3031 de
754 2982 866 3033 aeterna
889 2977 960 3047 vita3
987 2980 1073 3051 princ.
1100 2979 1217 3035 (1444414.
1242 2985 1363 3034 controv.
1384 2987 1407 3034 4.
1430 2997 1458 3051 p.
1486 2986 1543 3036 495.
1568 2980 1634 3052 quia
1657 2980 1770 3036 traditio
1794 2989 1823 3038 et

123 3081 198 3138 quau
224 3063 373 3136 explicatio
398 3079 465 3118 vera
491 3063 602 3135 quidem
627 3069 681 3127 est,
718 3063 766 3118 sed
799 3080 853 3117 non
878 3064 962 3133 41444
987 3065 1137 3122 auctoritas
1161 3065 1295 3121 ecclesiae
1320 3083 1376 3120 non
1399 3065 1545 3121 conferunt
1564 3066 1724 3138 Scripturas
1741 3084 1820 3122 suam

121 3150 187 3206 aa
212 3156 242 3220 2,
265 3167 292 3204 v.
314 3156 360 3207 37:
397 3148 452 3202 His
476 3148 583 3202 auditio
605 3149 763 3218 compuncti
787 3159 849 3202 arnt
867 3152 959 3206 corde.
986 3152 1117 3220 formam,
1141 3153 1190 3206 sed
1215 3168 1276 3206 eam
1300 3157 1364 3206 ante
1389 3167 1422 3206 44
1447 3153 1517 3206 citra
1540 3151 1673 3207 444144144
1692 3152 1820 3208 444411144-

122 3237 188 3294 Jam
212 3251 278 3292 vero
302 3235 377 3291 idem
402 3234 513 3289 omnino
537 3234 667 3298 verbnm,
699 3234 774 3304 quod
801 3233 960 3305 prophetae,
986 3238 1088 3294 tionem
1114 3237 1200 3293 habet
1218 3237 1246 3291 in
1264 3236 1368 3307 seipsa,
1397 3254 1429 3291 44
1449 3254 1499 3308 per
1518 3254 1577 3292 eam
1596 3255 1674 3292 suam
1692 3241 1819 3310 majeste-

121 3321 249 3378 Clrristus
273 3326 303 3376 et
324 3319 441 3391 apostoli
466 3320 529 3373 riva
546 3336 613 3374 rece
630 3318 840 3389 praedicarunt,
862 3327 960 3390 postea
985 3331 1040 3380 tem
1067 3332 1095 3379 et
1121 3323 1285 3396 dignitatem
1312 3321 1439 3376 omnibus
1463 3323 1639 3378 demonstrat
1681 3324 1722 3381 Ut
1747 3325 1820 3380 enim

121 3425 173 3480 per
209 3406 265 3462 Dei
299 3407 470 3462 voluntatem
506 3405 672 3476 prophetae,
709 3405 897 3478 evangelistae
932 3414 960 3462 et
987 3412 1055 3466 41144
1073 3410 1162 3465 forma
1181 3409 1289 3463 iuterna
1306 3425 1356 3478 per
1373 3414 1463 3462 certas
1480 3410 1614 3481 quasdam
1632 3417 1661 3465 44
1677 3410 1820 3481 specificas

120 3492 241 3566 apostoli
271 3493 300 3547 in
325 3492 495 3563 Scriptiuam
527 3490 703 3562 redegerunt.
748 3491 823 3562 Ergo
847 3493 958 3548 eosdem
985 3496 1170 3569 proprietates
1195 3501 1279 3567 utque
1303 3494 1418 3551 effectus
1441 3511 1502 3550 sese
1524 3496 1623 3551 exerit:
1649 3497 1689 3552 ita
1710 3513 1820 3569 quoque

121 3579 239 3636 effectus
257 3579 391 3649 producit.
986 3582 1080 3637 divina
1102 3581 1263 3652 Scripturas
1293 3581 1424 3651 majestas
1446 3588 1475 3637 et
1497 3583 1647 3638 auctoritas
1670 3589 1821 3654 percerte

155 3671 216 3723 448.
259 3663 381 3732 Causas,
422 3669 535 3734 propter
570 3677 640 3732 quus
676 3660 753 3716 Deus
787 3660 958 3733 scripturam
985 3670 1122 3741 quaedam
1153 3667 1277 3742 κριτήρια
1307 3667 1406 3722 animis
1434 3668 1575 3724 hominum
1604 3686 1665 3726 4444
1691 3670 1834 3736 ostendit‘

120 3769 229 3808 4444444
251 3749 387 3822 simplice,
410 3747 556 3820 perspicuo
574 3755 602 3802 et
619 3746 654 3801 ab
674 3747 812 3803 humanae
828 3749 958 3821 eloquen·
985 3774 1041 3830 qua
1065 3757 1100 3812 de
1124 3772 1155 3810 re
1179 3755 1304 3826 superius
1329 3755 1358 3809 14
1383 3771 1407 3812 c.
1427 3761 1451 3810 3.
1472 3756 1507 3812 de
1525 3755 1684 3827 scripturae
1701 3757 1819 3812 auctari·

120 3838 177 3894 tiae
199 3835 344 3893 lenociniis
369 3840 474 3890 remoto
498 3833 630 3889 orationis
656 3848 759 3905 genere
779 3838 888 3890 exstare
910 3852 957 3890 vo·
983 3850 1049 3912 enta,
1070 3848 1203 3914 qnantum
1221 3840 1288 3895 44414
1304 3846 1356 3908 444,
1374 3840 1500 3899 diximus,

119 3922 218 3990 luerit,
243 3921 326 3977 facile
350 3927 491 3991 apparunt.
529 3926 550 3977 1.
570 3919 676 3980 ἁπλοῦς
694 3919 710 3972 ὁ
729 3917 812 3990 λόγος
828 3923 874 3987 τῆς
892 3923 957 3989 ἄλη-

120 4015 214 4074 orme,
250 4007 375 4062 infucata
403 4004 505 4060 veritas
535 4010 610 4059 amat
640 4004 794 4060 infucatum
824 4009 957 4063 sermonis

119 4109 217 4168 genus.
268 4092 333 4149 lam
361 4107 427 4145 vero
458 4090 584 4145 coelestis
613 4090 717 4145 veritas
747 4092 776 4145 in
808 4091 957 4164 scripturis

118 4179 201 4236 nobis
225 4176 396 4249 proponitur.
442 4181 465 4231 t.
490 4176 634 4242 144444τί4,
661 4177 786 4247 quaein
808 4177 957 4250 scripturis

118 4264 200 4321 nobis
216 4266 423 4334 proponuntur,
442 4267 507 4316 suut
526 4277 611 4331 supra
629 4267 741 4332 captum
759 4261 897 4318 humanae
914 4280 956 4318 ra·

118 4349 203 4405 tionis
220 4349 325 4420 positu,
345 4347 414 4420 ὑπὲρ
436 4349 511 4416 νοῦν,
532 4347 602 4421 ὑπὲρ
622 4345 721 4417 λόγον,
749 4347 820 4420 ὑπὲρ
839 4349 956 4416 nardin-
1235 4316 1256 4378 ο
1273 4318 1301 4377 Δ
1318 4318 1343 4379 P
1359 4318 1388 4378 u
1406 4320 1431 4378 Τ
1466 4316 1573 4380 ¹111·

119 4452 174 4505 nv
202 4437 307 4504 mna
333 4431 456 4505 <ituree
483 4438 515 4488 ut
540 4432 663 4505 loquitur
686 4432 815 4489 tustinus
840 4435 869 4490 in
895 4435 954 4491 to.
1003 4439 1069 4503 nn
1100 4437 1440 4505 4444444144
1470 4438 1798 4506 4441444444

1300 4102 1504 4111 σ--ι--η

119 4530 193 4577 ntur.
213 4538 278 4594 pag.
298 4525 356 4576 304.
381 4520 475 4588 τὸτῆς
494 4518 626 4592 ἡμετέρας
643 4520 772 4580 παιδείας
789 4521 864 4576 iarlu
882 4520 956 4575 aira-
1310 4539 1486 4606 TEXTU

118 4612 188 4680 ιέρω
206 4608 253 4674 τῆς
270 4607 403 4679 κοσμικῆς
419 4603 612 4673 καταλήψεως,
631 4605 671 4660 414
688 4605 823 4662 Τ4414444
840 4607 869 4661 14
887 4613 955 4663 orat.
1377 4619 1381 4625 '
1489 4593 1493 4604 ’

118 4700 217 4750 contra
241 4699 314 4764 gent
358 4691 439 4757 Quod
466 4689 489 4743 si
507 4689 655 4745 obscurum
673 4697 701 4748 et
717 4692 877 4763 perplexum
896 4710 955 4748 ora·
1017 4697 1075 4748 310.
1102 4690 1144 4744 Er
1163 4708 1208 4758 eo,
1226 4690 1300 4763 quad
1319 4691 1355 4748 V.
1375 4691 1409 4747 T.
1427 4691 1524 4763 lingna
1541 4690 1689 4759 Hebraica,
1706 4691 1817 4747 Novum
1830 4671 1957 4765 ffl'fiffr

117 4779 202 4837 tionis
225 4795 313 4850 44444
336 4778 373 4831 ad
395 4776 444 4830 illa
467 4778 648 4847 proponenda
670 4777 769 4832 4414444
791 4776 956 4848 adhibitum,
981 4795 1046 4833 vero
1070 4775 1179 4832 Graeca
1210 4792 1228 4829 a
1257 4776 1361 4831 sanctie
1390 4775 1444 4831 Dei
1466 4776 1639 4846 hominibus,
1664 4776 1816 4849 prophetis,
1830 4775 1914 4864 zm·
1928 4778 1961 4859 ¹¹¹·

118 4865 232 4938 penitus
260 4863 297 4918 ab
322 4861 508 4933 intelligentia
539 4862 661 4917 hamam
691 4864 812 4919 fuissent
842 4871 954 4919 remota
981 4861 1158 4933 evangelistis
1177 4867 1205 4916 et
1223 4860 1354 4933 apostolis
1373 4861 1569 4932 perscriptum,
1590 4861 1746 4934 colligimus
1764 4862 1817 4916 hoc
1830 4827 1951 4922 eii‘ri'i‘.

119 4958 143 5009 4.
162 4951 323 5022 scripturae
347 4966 403 5003 non
426 4948 514 5003 solum
538 4948 567 5001 in
591 4964 672 5003 usum
696 4948 880 5012 eruditorum,
905 4951 954 5005 sed
983 4948 1119 5021 πόρισμα,
1155 4947 1230 5019 quod
1260 4947 1335 5001 solus
1367 4953 1459 5002 textus
1485 4947 1631 5003 Hebraeus
1664 4948 1693 5000 14
1722 4945 1757 5002 V.
1787 4953 1817 5003 'et
1830 4926 1957 5022 ‘ufficon-

118 5039 204 5095 etiam
226 5035 370 5090 radiorum
391 5040 457 5088 sunt
477 5040 614 5092 armatae.
650 5031 721 5088 Cum
743 5050 808 5105 ergo
827 5023 1105 5115 amnibus{(}mecus
1134 5033 1164 5087 in
1195 5033 1229 5089 N.
1260 5031 1293 5086 Τ.
1322 5031 1359 5085 411
1387 5032 1570 5087 authenticus.
1616 5031 1697 5087 Hanc
1725 5032 1817 5088 thesin
1829 5056 1859 5097 11.
1872 5055 1918 5100 m,

118 5124 175 5179 sint
202 5120 337 5193 scriptae,
370 5120 433 5174 ideo
458 5119 540 5174 etiam
565 5135 667 5189 genere
691 5118 802 5173 dicendi
828 5119 1131 5193 omnibus'probamus
1153 5117 1257 5172 talibus
1283 5117 1465 5180 ἀποδείξεσιν.
1505 5124 1527 5174 1.
1547 5117 1635 5172 Omne
1653 5118 1816 5173 instrumen-

118 5209 202 5266 ‹nvio
219 5205 326 5263 aaran
344 5205 507 5272 debuerunt,
525 5204 601 5259 unce
621 5203 719 5258 44444
739 5204 860 5260 senune
874 5190 1040 5278 jube-{tum
1063 5203 1206 5275 pusulam
1232 5203 1261 5257 n
1284 5219 1318 5258 ea
1343 5203 1479 5257 suumn
1503 5203 1600 5274 lingue
1619 5211 1661 5259 ea
1680 5203 1816 5259 annena-

117 5302 164 5352 444
181 5284 256 5368 titt„
282 5291 375 5367 0353
407 5291 473 5345 etilo
504 5289 623 5344 leminis
653 5288 712 5344 les.
741 5294 771 5358 8,
806 5307 830 5344 v.
859 5297 881 5345 1.
926 5264 1058 5358 Siloam,
1084 5289 1113 5344 in
1139 5305 1195 5360 qua
1218 5288 1390 5360 originaliter
1413 5289 1545 5361 scriptum
1563 5289 1599 5344 ab
1618 5307 1664 5359 eo,
1690 5290 1738 5362 qui
1756 5291 1816 5360 ejus

118 5377 312 5455 pandiloquis
339 5376 476 5431 humanae
502 5374 654 5446 sapientiae
673 5374 765 5429 verbis
784 5377 956 5448 conscriptae
981 5375 1120 5432 scribendi
1136 5379 1301 5444 potestatem
1319 5389 1353 5428 ac
1370 5373 1531 5429 mandatum
1548 5373 1642 5430 habet.
1674 5374 1817 5447 Scriptura

117 5473 220 5535 444444,
238 5480 335 5521 earum
352 5461 612 5517 visetet'fieaciaiu
625 5459 801 5518 conversione
814 5461 955 5518 hominum
983 5478 1063 5516 sacra
1091 5466 1134 5516 est
1160 5458 1374 5515 ἰωὴ-44444444
1401 5458 1544 5530 publicum
1564 5458 1617 5517 Dei
1642 5461 1816 5527 auctoritate,
