3984 6022
197 235 258 292 474
622 230 624 237 ’
886 225 1008 282 LOCUS
1027 217 1207 290 QUARTUS

198 381 245 435 Ps.
253 386 278 449 2,
285 398 311 434 v.
321 386 344 435 7.
352 381 530 451 temporalem
536 381 741 453 generationem
748 380 874 436 describi.
889 387 912 435 5.
920 380 1031 448 Actis,
1065 386 1106 435 est
1125 380 1207 449 idem,
1228 380 1302 452 quod
1319 380 1490 450 resusmtare,
1509 380 1643 453 sequitur,
1660 379 1739 454 quod
1749 379 1837 436 Filius
1846 380 1898 436 Dei

198 486 223 522 r.
244 473 283 524 13.
301 483 411 523 causam
431 473 459 521 et
476 467 591 524 formale
608 468 747 523 filiationis
760 483 936 540 nequaquam
947 467 1033 522 statui
1061 483 1090 520 sc
1108 467 1197 537 ipsum
1216 466 1358 537 genuerit,
1384 467 1450 539 quia
1469 484 1499 523 se
1520 467 1611 541 ipsum
1629 485 1664 524 ex
1681 467 1801 523 mortuis
1818 466 1912 522 rusci·-

198 554 228 608 in
248 553 446 608 resurrectione
464 571 497 608 ex
515 554 638 621 mortuis,
657 553 759 608 sedvel
772 555 808 609 ob
821 553 1033 609 declarationem
1061 553 1139 610 tavit.
1168 552 1297 608 Concidit
1315 570 1381 625 ergo
1401 553 1563 625 hypothesis
1578 552 1823 619 Photinianorum,
1842 571 1894 626 qua
1908 562 1940 601 11¹-

200 658 234 696 ac
264 639 512 695 manifestationem
541 641 577 694 ad
603 641 830 696 resurrectionem
858 640 960 696 Christi
990 657 1033 695 ac-
1062 643 1202 708 statunnt,
1216 640 1323 693 Filiam
1341 640 1401 712 dici
1412 659 1430 692 a
1443 641 1531 694 Patre
1547 642 1668 708 penitam
1687 648 1810 711 propter
1824 659 1897 694 mans

199 725 366 782 commodari
387 725 491 782 dictum
512 727 609 799 psaltis
632 727 711 782 Rom.
735 734 762 792 1,
788 746 813 781 v.
835 734 864 798 ας
891 727 936 782 rel
960 728 1035 798 quod
1062 741 1095 779 ec
1120 726 1235 778 mortais
1257 726 1492 780 resurrectionem.
1536 724 1626 784 Ostor.
1656 725 1684 780 in
1709 726 1784 784 Inst.
1812 725 1898 782 Germ

198 812 285 868 textui
309 811 516 868 convenientius
539 813 695 869 missionem
713 813 778 869 Filii
795 814 849 868 Dei
875 814 904 868 in
924 831 1034 870 carnem
1062 828 1086 866 c.
1112 817 1135 865 1.
1159 830 1186 882 p.
1214 818 1259 880 51,
1286 829 1343 883 qua
1363 813 1392 866 in
1416 818 1496 883 parte
1517 812 1652 884 quosdam
1674 829 1710 868 ex
1733 810 1898 868 Cdmnianis

199 898 315 968 ejusque
332 914 426 954 veram
444 897 616 969 divinitatem
635 899 802 971 allegatione
819 899 893 954 illius
912 899 981 954 dicti
1000 901 1035 955 ab
1062 898 1166 953 habent
1183 897 1236 953 sibi
1253 899 1465 961 consentientes.
1484 898 1573 953 'lilen
1592 900 1622 954 in
1639 898 1755 955 netad
1774 899 1897 954 Bellarm.

198 985 324 1056 apostolo
353 985 545 1053 demonstrari,
579 1003 662 1057 quam
696 986 860 1042 sententiam
886 985 1035 1057 probamus
1062 984 1109 1040 lib.
1134 991 1154 1040 1.
1174 983 1208 1038 de
1226 983 1336 1040 Christo
1356 1002 1380 1041 e.
1400 993 1428 1040 5:
1457 987 1532 1047 Quia
1556 1004 1658 1056 nepas-e
1679 1005 1736 1041 non
1752 1004 1897 1055 possumus

198 1077 222 1128 1.
242 1088 274 1124 es
290 1074 371 1143 scopi
385 1073 621 1137 consideratione,
640 1072 687 1145 qui
707 1073 809 1144 duplex
827 1079 858 1128 ut
875 1077 983 1128 constat
1002 1091 1035 1129 ex
1063 1061 1319 1141 inici-pretationem
1343 1072 1424 1125 iliam
1446 1074 1542 1127 multu
1563 1081 1591 1127 et
1615 1082 1739 1127 ceterum
1764 1083 1792 1127 et
1815 1091 1897 1128 recen-

198 1177 223 1212 ν.
242 1164 281 1214 23.
303 1164 342 1214 ts.
361 1165 389 1214 et
406 1165 452 1223 30,
471 1159 600 1215 videlicet
622 1160 696 1231 quod
719 1160 801 1215 Jesus
821 1160 982 1216 Nazarenus
1001 1160 1036 1214 sit
1064 1159 1173 1211 tiorum,
1184 1158 1277 1210 videri
1294 1166 1427 1227 coactam,
1446 1159 1552 1228 larpiri
1562 1177 1714 1230 possamus
1727 1161 1899 1214 σάσαννσνιῖν

198 1245 253 1301 Dei
283 1245 371 1301 Filius
399 1246 565 1316 promissus,
597 1246 713 1302 Messias
740 1246 871 1302 divinitus
894 1248 923 1300 in
947 1248 981 1304 N.
1002 1245 1035 1302 Τ.
1063 1246 1099 1297 sie
1122 1245 1325 1297 rerurrectione
1350 1246 1445 1314 aptius
1471 1246 1570 1314 accipi.
1607 1250 1631 1300 6.
1653 1245 1725 1301 Luc.
1757 1253 1785 1315 1,
1809 1264 1834 1300 ν.
1856 1252 1896 1302 35:

199 1332 347 1400 exhibitus,
388 1333 462 1403 quod
498 1333 624 1388 eumdem
660 1352 677 1388 a
709 1333 827 1389 Judaeis
860 1333 1035 1388 interfectum
1063 1331 1128 1383 icles
1154 1332 1232 1400 qaod
1250 1348 1282 1383 ea
1303 1338 1327 1382 te
1348 1339 1478 1384 nascetur
1502 1339 1641 1401 sannam,
1664 1332 1763 1386 stlta
1785 1333 1843 1387 Dei
1859 1351 1897 1386 no

197 1419 282 1474 Pater
304 1419 431 1485 coelestis
456 1418 636 1474 suscitaverit.
680 1419 750 1474 Cum
776 1436 842 1491 ergo
860 1418 1035 1490 probationis
1063 1418 1172 1471 cabitar
1190 1416 1274 1472 totius
1293 1417 1436 1487 angelicae
1453 1418 1645 1488 praecedentis
1663 1422 1897 1492 sspntpacpnex

197 1507 257 1561 loco
274 1506 330 1560 tria
347 1505 382 1564 V.
402 1504 434 1560 T.
453 1506 585 1561 rancinia
603 1505 744 1576 apostolus
762 1507 897 1569 adducat,
914 1507 1034 1577 primum
1063 1504 1190 1559 omnibus
1218 1504 1363 1560 collectum
1391 1511 1420 1559 et
1450 1505 1558 1561 illatum
1584 1505 1704 1577 proponi
1729 1505 1786 1561 hoc
1813 1525 1896 1563 seam

197 1609 230 1647 ex
247 1591 350 1646 Psalm.
374 1597 401 1660 2,
426 1609 450 1645 v.
473 1598 496 1647 1.
519 1592 637 1662 petitum
662 1592 698 1647 ad
722 1592 892 1662 probandam
912 1593 1031 1663 priorem
1063 1591 1135 1656 Quia
1158 1590 1232 1645 filins
1249 1590 1304 1662 ille,
1323 1609 1405 1662 quem
1424 1592 1561 1665 concipies
1580 1599 1609 1648 et
1626 1593 1730 1663 paries,
1751 1594 1803 1650 erit
1819 1593 1897 1649 Jesus

197 1679 274 1748 scopi
292 1677 375 1748 hujus
383 1668 514 1747 partem,
533 1678 587 1732 dno
605 1678 758 1749 posteriora
775 1696 808 1733 ex
826 1678 890 1733 Esa.
907 1685 947 1746 55,
967 1695 990 1731 r.
1009 1684 1033 1732 3.
1061 1677 1211 1749 promissus
1243 1678 1290 1732 ille
1317 1678 1446 1744 Messias,
1477 1679 1522 1735 cui
1550 1679 1634 1736 Pater
1665 1680 1796 1736 eoelestis
1824 1681 1898 1737 dabit

197 1773 226 1820 et
248 1763 349 1819 Psalm.
377 1771 422 1834 16,
445 1783 470 1818 v.
499 1771 537 1820 10.
561 1765 598 1820 ad
620 1765 799 1838 posteriorem
826 1764 902 1836 scopi
925 1771 1032 1835 partem
1061 1765 1156 1819 sedem
1173 1764 1275 1834 David,
1293 1765 1357 1820 ideo
1371 1766 1455 1821 etiam
1474 1765 1619 1822 vocabitur
1638 1772 1666 1820 et
1686 1767 1742 1822 erit
1757 1767 1821 1837 Dei,
1837 1785 1896 1823 oon·

198 1851 439 1907 demonstrandam
463 1851 633 1919 referuntur3
657 1856 684 1905 2.
705 1869 737 1904 αα
760 1853 927 1905 conueniens
945 1870 970 1905 v.
992 1857 1032 1906 32.
1061 1857 1116 1907 stat
1144 1851 1217 1906 enim
1245 1869 1278 1908 ex
1312 1851 1439 1907 omuibus
1467 1853 1500 1908 V.
1531 1852 1565 1909 T.
1594 1853 1732 1923 oraculis,
1770 1871 1840 1926 quae
1865 1855 1895 1910 de

197 1945 225 1994 et
244 1943 290 1994 33:
317 1939 525 1992 denuntiamus
551 1938 628 1991 cobis
656 1937 758 2009 (inquit
784 1938 935 2009 apostolus)
956 1955 1032 2007 ream,
1060 1938 1163 1994 Massia
1188 1938 1352 2010 loquuntur,
1374 1939 1460 1994 talem
1477 1939 1602 2010 praedici
1623 1939 1773 2009 Messium,
1797 1941 1895 2012 quirit

198 2041 268 2095 qnae
286 2026 328 2077 ad
339 2033 439 2094 putres
457 2032 568 2078 nostros
577 2026 666 2090 sacta
684 2032 724 2078 est
736 2025 965 2093 promissionem,
983 2024 1032 2093 dn,
1060 2027 1089 2080 in
1117 2040 1250 2096 personae
1276 2025 1381 2082 unitate
1415 2025 1492 2081 Deus
1516 2032 1548 2079 ‘et
1575 2026 1665 2081 homo.
1703 2026 1788 2091 Quod
1815 2027 1838 2081 si
1863 2025 1895 2080 ad

197 2112 329 2180 quoniam
352 2127 415 2164 eam
432 2112 510 2164 Deus
538 2111 703 2180 adimplevit
718 2112 792 2182 siliis
815 2113 874 2164 suis
895 2112 1033 2164 numiam
1061 2111 1183 2182 proxime
1214 2111 1430 2182 praecendentis
1460 2113 1562 2168 referre
1591 2113 1723 2183 velimus,
1760 2120 1895 2186 respectus

198 2199 277 2251 nobis
294 2197 404 2266 Jesum,
428 2199 499 2250 meat
521 2206 546 2250 et
572 2199 602 2251 in
622 2199 736 2267 psalmo
753 2199 873 2252 seminato
890 2199 1031 2267 scriplum.
1061 2198 1178 2254 habetur
1205 2198 1241 2252 ad
1269 2198 1381 2255 divinae
1405 2205 1433 2255 et
1457 2199 1595 2254 humanae
1621 2205 1741 2255 naturae
1767 2200 1896 2265 menan,

199 2283 276 2349 Quae
301 2300 366 2338 vero
384 2282 420 2337 sit
438 2283 487 2337 illa
504 2283 663 2354 promissio,
689 2289 767 2354 patet
786 2301 819 2338 er
835 2303 862 2338 r.
881 2289 928 2339 te:
955 2286 1033 2337 Deus
1061 2302 1132 2356 quae
1169 2301 1224 2340 non
1260 2285 1350 2339 minus
1386 2286 1421 2340 ed
1451 2286 1639 2357 operationem
1670 2285 1795 2356 Spiritus
1825 2306 1845 2340 a
1859 2286 1897 2340 in

199 2388 231 2425 ea
264 2370 366 2424 semine
394 2357 494 2424 Dacia
521 2373 672 2425 recensetumv
696 2372 911 2440 promissionem
937 2368 1034 2442 ήγενρε,
1061 2371 1169 2426 Christo
1191 2370 1371 2442 conceptione
1388 2371 1521 2441 pertinet,
1548 2387 1632 2441 quam
1650 2369 1758 2444 α”μεσος
1781 2373 1896 2447 ἐνέργεια

198 2458 326 2512 sucitavit
349 2456 393 2510 vel
417 2456 562 2512 suscitavit
593 2458 698 2512 [mciii
731 2458 899 2511 salvatorem
919 2459 1033 2525 Jesrsm;
1062 2463 1089 2513 et
1111 2456 1268 2531 θαυμάσιος
1290 2457 1440 2529 ἁγιασμὸς,
1465 2457 1491 2511 h.
1519 2474 1542 2511 e.
1566 2458 1640 2530 quod
1666 2457 1791 2529 Spiritus
1810 2477 1831 2514 s.
1854 2459 1894 2514 de

198 2548 224 2598 3.
249 2562 281 2598 ea
305 2545 478 2615 oppositione
485 2566 493 2606 ,·
517 2561 543 2599 v.
563 2550 602 2599 31.
621 2544 734 2598 additur
752 2540 890 2614 particula
905 2545 1033 2599 adversa·
1062 2544 1134 2598 derit
1142 2543 1246 2597 hieriae
1264 2543 1319 2596 vim
1336 2550 1364 2598 et
1381 2543 1542 2599 facultatem
1561 2544 1739 2615 concipiendi
1759 2544 1894 2600 sinevirili

198 2629 587 2697 incompetenterque
603 2629 695 2694 αὐτόν,
714 2631 811 2702 utique
827 2648 893 2702 ergo
911 2631 939 2685 in
952 2649 977 2685 v.
993 2636 1034 2686 33.
1061 2629 1164 2685 semine
1190 2636 1218 2684 et
1237 2629 1311 2700 quod
1333 2646 1452 2684 massam
1471 2629 1547 2684 illam
1567 2630 1610 2686 vel
1630 2637 1727 2703 guttas
1749 2631 1894 2704 sangnin'u,

199 2716 322 2770 nondum
336 2715 370 2771 de
388 2715 587 2770 resurrectione
604 2734 638 2770 ex
651 2716 765 2771 mortuis
776 2718 917 2787 apostolus
930 2724 1033 2788 egerat,
1063 2715 1213 2789 exquibus
1232 2715 1320 2770 Filius
1335 2715 1387 2771 Dei
1407 2716 1530 2786 corporis
1548 2716 1741 2772 habitaculum
1759 2717 1894 2782 exaundi,

199 2820 329 2874 quorsum
356 2802 428 2856 enim
456 2802 484 2856 in
510 2802 591 2885 unius
617 2802 796 2875 ejusdemque
813 2805 853 2860 rei
869 2803 1033 2875 probatione
1060 2821 1078 2858 a
1103 2803 1213 2873 peccati
1239 2803 1303 2857 labe
1328 2802 1518 2872 mundaverit,
1546 2802 1630 2875 Grcg.
1657 2804 1705 2859 lib.
1739 2810 1782 2862 18.
1807 2804 1894 2863 moral

198 2889 363 2961 particulam
390 2889 592 2944 adversativam
614 2889 778 2945 adhiberet?
806 2895 830 2948 i.
851 2909 883 2944 aa
898 2892 1033 2961 phraseos
1060 2908 1084 2945 e.
1112 2896 1151 2946 12.
1181 2890 1259 2945 Beda
1281 2890 1309 2943 in
1332 2889 1399 2945 Luc.
1429 2897 1454 2945 t:
1488 2891 1580 2945 Virtus
1604 2892 1743 2946 altissimi
1769 2901 1808 2947 est
1839 2893 1894 2947 Vcr·

198 2976 411 3046 significatione.
437 2975 609 3050 μεταστήσας
635 2995 661 3031 v.
681 2982 720 3032 22.
749 2983 898 3048 usurpatur
923 2995 973 3047 pro
992 2995 1032 3031 rc·
1061 2978 1122 3030 trem
1151 2979 1223 3041 Dei,
1260 2979 1336 3046 priori
1371 2994 1483 3030 carnem
1518 2979 1625 3045 induit,
1658 2996 1694 3031 ac
1725 2980 1792 3034 ideo
1818 2979 1894 3047 filiu

199 3063 335 3131 motione,
371 3080 437 3135 ergo
466 3061 623 3132 ἀναστήσας
653 3083 678 3119 ν.
713 3069 753 3120 33.
786 3081 866 3119 sensu
896 3063 1032 3120 conando
1062 3064 1177 3118 Mariae
1196 3063 1279 3132 filius
1305 3063 1439 3117 altissimi
1464 3064 1576 3118 dicitur.
1619 3064 1653 3118 In
1686 3063 1799 3120 fumum
1834 3082 1894 3137 ergo

198 3155 348 3221 usurpatur
375 3167 426 3222 pro
453 3149 581 3205 missione
605 3150 649 3205 vel
672 3150 859 3205 suscitatione.
902 3149 971 3205 Item
991 3166 1033 3204 re·
1060 3151 1118 3207 abit
1136 3150 1363 3206 Photinianorum
1382 3150 1508 3219 insultus,
1525 3150 1601 3222 quod
1620 3151 1741 3222 angelus
1762 3152 1894 3224 propriam

197 3237 330 3295 suffectio
356 3254 389 3292 ex
414 3238 529 3315 mortuis
548 3253 586 3293 .v.‘
612 3243 653 3293 31.
680 3254 735 3291 non
765 3237 925 3307 simpliciter
952 3252 1031 3291 voca·
1061 3245 1089 3292 ct
1122 3235 1308 3292 immediatam
1339 3236 1480 3293 filiationis
1512 3254 1624 3292 causam
1655 3237 1684 3291 in
1717 3239 1895 3312 conceptione

97 3372 101 3379 .
197 3332 244 3380 tur
276 3323 438 3392 irridendae,
470 3325 520 3380 sed
539 3325 718 3380 determinate
735 3324 848 3379 additur
867 3324 896 3377 isc
914 3325 1032 3395 νεκρῶν,
1060 3324 1162 3378 Christi
1193 3342 1226 3379 ex
1255 3323 1360 3394 Spiritu
1390 3343 1411 3378 s.
1444 3328 1566 3394 statuat3
1607 3323 1706 3379 haue.
1740 3326 1842 3380 David
1869 3327 1894 3380 in

199 3417 224 3466 5.
244 3429 277 3466 σα
301 3412 423 3465 aliorum
448 3411 570 3464 locorum
590 3412 751 3475 collatione,
776 3418 834 3466 tum
853 3413 949 3480 quossi
965 3427 1032 3477 rem,
1060 3410 1128 3466 Coll.
1151 3410 1310 3481 Transsylv.
1336 3415 1391 3466 act.
1417 3410 1481 3465 diei.
1501 3417 1525 3465 9.
1552 3410 1592 3468 lit.
1619 3410 1650 3465 F.
1677 3410 1774 3468 Sosin.
1804 3420 1894 3469 conns

199 3499 264 3571 quia
290 3498 343 3552 hoe
376 3497 517 3553 doctrinae
547 3497 719 3552 Christianae
747 3503 831 3568 capnt
864 3496 1032 3566 primarium,
1060 3496 1160 3552 Bellar.
1179 3503 1207 3551 et
1225 3496 1318 3552 Wiek.
1338 3515 1363 3567 p.
1384 3502 1449 3552 217:
1475 3495 1603 3550 Circeius
1621 3505 1661 3550 est
1678 3501 1826 3553 muralis
1844 3500 1896 3554 Dei

199 3583 272 3656 quod
295 3583 420 3640 Christum
445 3584 481 3637 sit
503 3583 557 3637 Dei
577 3582 665 3638 Filius
688 3600 721 3638 ac
748 3582 898 3653 promissus
916 3581 1032 3637 Messias
1061 3584 1161 3647 Filius,
1181 3584 1248 3652 ([ανά
1267 3600 1300 3635 αα
1317 3584 1417 3637 Μανία
1434 3584 1541 3651 virgine
1562 3591 1604 3637 est
1622 3591 1706 3638 ααιαν
1726 3587 1788 3639 Dei
1797 3587 1893 3641 Filias.

199 3670 332 3724 divinitus
351 3669 496 3738 exhibitus,
511 3670 544 3732 in
562 3667 688 3724 omnibus
703 3670 758 3722 suis
771 3669 921 3739 praecipue
932 3676 1033 3740 urgent
1059 3670 1207 3727 Schmaltz.
1226 3671 1253 3724 in
1269 3687 1355 3725 exam.
1378 3676 1424 3726 151
1447 3687 1582 3738 errorum,
1601 3687 1656 3726 err.¹
1673 3677 1695 3727 3.
1714 3690 1742 3743 p.
1763 3679 1791 3728 6:
1820 3674 1892 3729 turt-

198 3756 316 3827 apostoli
332 3755 396 3810 Act.
414 3761 442 3821 2,
467 3773 493 3808 ν.
512 3760 557 3823 22,
575 3772 598 3808 α.
620 3761 647 3822 3,
665 3773 689 3808 ν.
711 3761 750 3811 13.
769 3771 793 3811 α.
813 3762 842 3822 9,
863 3773 886 3808 r.
905 3760 954 3824 203
972 3762 1031 3810 tum
1059 3768 1116 3812 stris
1140 3768 1179 3812 est
1199 3759 1258 3812 Dei
1276 3758 1371 3811 iilius
1395 3776 1451 3812 non
1475 3767 1580 3812 tantam
1598 3766 1719 3828 propter
1737 3761 1892 3816 antiad-

199 3845 295 3914 gaoad
313 3843 449 3912 phrasin,
474 3842 540 3913 quia
564 3842 592 3895 in
608 3842 669 3896 aliis
688 3841 771 3897 etiam
790 3841 949 3911 Scripturae
966 3842 1032 3897 locis
1060 3863 1121 3899 nem
1146 3862 1206 3897 mem
1228 3846 1291 3898 Deo
1319 3843 1403 3898 talem
1429 3852 1453 3896 et
1479 3853 1596 3908 turriam,
1622 3845 1719 3914 garelis
1745 3855 1772 3900 et
1791 3854 1892 3916 guam

198 3928 375 4004 participium
403 3924 559 3996 ἀναστήσας
588 3928 713 3984 absolute
743 3929 863 3999 positum
895 3929 1033 4000 significat
1058 3932 1133 3985 nulli
1149 3949 1272 4000 anquam
1289 3938 1434 3985 creaturae
1454 3932 1582 4000 corripit,
1608 3933 1660 3985 sed
1679 3933 1766 3986 etiam
1780 3942 1892 4003 propter

198 4017 356 4083 matesis,
373 4015 461 4083 misit,
480 4016 638 4084 constitait5
663 4015 726 4070 Act.
746 4020 776 4077 3,
797 4034 822 4068 v.
841 4021 888 4070 21:
910 4017 1031 4085 prophe·
1058 4021 1182 4083 modum,
1207 4035 1261 4087 qao
1282 4018 1396 4086 exstitit,
1434 4019 1484 4088 qui
1503 4025 1545 4071 est
1562 4018 1738 4072 miraculosa
1757 4021 1819 4089 ejus
1837 4039 1891 4074 con·

199 4114 255 4160 tam
274 4101 435 4171 inussisse,
452 4121 477 4156 v.
498 4107 541 4158 26:
564 4102 641 4155 cotis
656 4102 779 4172 primum
798 4105 878 4156 Dens
896 4104 1032 4156 erasmiana
1058 4105 1154 4174 ceptio.
1174 4104 1299 4159 Pisecius
1317 4104 1345 4158 in
1363 4104 1436 4158 notis
1449 4104 1486 4158 ad
1498 4103 1616 4174 append.
1633 4103 1796 4160 Villxovian.
1810 4123 1838 4176 p.
1852 4113 1890 4161 it:

199 4193 306 4264 Filiam
328 4209 407 4244 suam
430 4189 506 4243 misit
531 4207 598 4243 eum.
636 4207 659 4243 c.
685 4195 713 4258 l,
739 4207 764 4244 v.
790 4194 836 4244 37:
863 4191 1031 4259 prophetam
1061 4190 1197 4254 Christus,
1216 4190 1283 4259 qaia
1302 4192 1337 4243 sie
1359 4190 1469 4259 Spiritu
1487 4210 1509 4244 s.
1527 4197 1673 4260 conamine
1687 4192 1755 4244 sola
1767 4192 1889 4246 adasa

198 4280 344 4335 smcitaos't
367 4278 444 4331 nobis
461 4278 548 4331 Deus.
583 4278 661 4333 Rom.
690 4282 734 4346 15,
758 4294 784 4331 v.
815 4283 857 4334 12:
880 4276 895 4332 ὁ
920 4275 1032 4350 ivpra'-
1059 4279 1156 4332 diuina
1184 4277 1285 4330 uirtute
1303 4284 1435 4345 operante
1452 4293 1515 4330 vere
1533 4284 1558 4329 et
1572 4277 1693 4346 proprie
1713 4279 1824 4332 dicitur
1840 4277 1892 4332 Dei

196 4387 288 4442 μενος,
305 4383 421 4434 surgens
438 4381 537 4433 repere,
551 4370 663 4432 pentem
691 4368 715 4418 i.
735 4381 767 4418 ea
785 4366 928 4418 veromam
946 4367 1031 4421 collo·
1059 4367 1169 4434 Filius,
1209 4366 1281 4418 adeo
1319 4362 1459 4417 nataralia
1494 4364 1553 4417 Dei
1588 4363 1689 4417 Filius.
1754 4363 1891 4420 Consentit

198 4455 315 4508 catione.
360 4451 510 4522 Apostolus
539 4467 714 4523 nequaquam
746 4451 824 4521 dicit,
854 4451 929 4522 quod
956 4453 1032 4507 Deus
1058 4451 1186 4508 Vorstius
1208 4457 1236 4506 et
1260 4449 1372 4521 quidam
1397 4465 1430 4503 ex
1450 4447 1627 4504 Calvinianis.
1663 4450 1756 4522 Atqui
1780 4449 1890 4506 siChri·

197 4539 337 4597 Christum
354 4537 540 4601 suscitaverit,
575 4538 681 4593 scilicet
699 4555 732 4592 ex
752 4538 873 4607 mortuis,
892 4539 940 4594 sed
958 4540 1033 4610 quod
1059 4545 1117 4592 stus
1142 4544 1256 4608 propter
1283 4536 1490 4606 conceptionem
1514 4552 1547 4589 ex
1574 4535 1724 4607 Spiritus.
1753 4544 1827 4594 esset
1849 4553 1890 4592 na·

198 4625 387 4687 mussitaverit,
404 4624 564 4693 exhibuerit,
583 4625 688 4678 miserit
704 4617 820 4691 Ἰησοῦν,
840 4623 867 4680 h.
886 4642 909 4679 e.
929 4625 1031 4679 Filium
1059 4624 1156 4678 turalis
1183 4622 1237 4677 Dei
1253 4623 1355 4688 Filius,
1380 4639 1550 4694 consequens
1569 4621 1654 4690 soret,
1684 4629 1705 4677 1.
1723 4623 1856 4695 Spiritum
1872 4642 1890 4676 s.

198 4731 278 4768 sunm
300 4711 329 4765 in
355 4726 477 4779 earnem,
503 4716 534 4764 ut
557 4717 630 4766 esset
645 4710 729 4766 iesus
753 4711 810 4767 sive
834 4711 955 4766 salvator
970 4729 1031 4782 pro·
1060 4726 1120 4764 esse
1137 4709 1292 4764 natinalem
1310 4708 1411 4764 Christi
1430 4714 1537 4778 patrem
1554 4714 1667 4779 propter
1683 4718 1812 4766 mutuam
1830 4711 1892 4766 rslo

198 4800 297 4855 missus
321 4797 368 4852 ille
392 4795 519 4866 Messias,
544 4796 659 4867 perinde
685 4804 715 4856 ut
738 4797 767 4851 in
792 4816 816 4853 v.
843 4804 884 4854 23.
913 4798 1032 4853 dixerat:
1058 4797 1174 4865 tionem,
1194 4802 1218 4852 2.
1230 4795 1377 4851 humanam
1390 4794 1493 4850 Christi
1505 4802 1631 4850 naturam
1651 4813 1712 4852 esse
1732 4798 1824 4869 ipsam
1842 4796 1891 4854 dei·

199 4888 279 4940 Deus
300 4902 332 4938 ea
349 4885 451 4937 semine
466 4882 590 4936 Duoidis
605 4883 732 4936 sucitavit
746 4884 852 4938 Israeli
863 4885 1032 4938 salvatorem
1059 4891 1153 4953 tatem,
1171 4883 1238 4955 quia
1249 4883 1375 4954 genitum
1388 4881 1550 4953 producitur
1563 4900 1596 4938 ex
1608 4882 1770 4940 substantia
1782 4886 1892 4958 gignen-

198 4974 313 5038 Jesum,·
347 4975 368 5025 7.
390 4988 422 5024 ea
440 4969 580 5023 rationum
600 4969 769 5023 collectione.
806 4969 887 5035 Quod
907 4968 1032 5025 Christus
1059 4973 1095 5026 tis
1125 4977 1153 5026 et
1185 4976 1227 5025 est
1256 4968 1380 5039 ejusdem
1406 4986 1468 5024 eum
1496 4970 1628 5041 gignente
1655 4975 1789 5041 naturae,
1827 4959 1892 5044 quac

153 5066 157 5076 '
200 5066 264 5115 ante
289 5056 518 5114 resurrectionem
547 5054 658 5124 habuit,
695 5055 724 5110 id
756 5073 810 5111 non
844 5058 953 5129 accepit
984 5076 1034 5129 per
1060 5059 1152 5114 omnia
1169 5062 1235 5112 sunt
1253 5057 1381 5112 absurda
1417 5062 1440 5112 3.
1460 5055 1540 5113 Certe
1564 5063 1677 5129 propter
1690 5056 1780 5114 'illam
1800 5073 1891 5116 conce

201 5145 435 5201 resurrectionem.
483 5142 538 5198 Sed
568 5142 693 5199 Christus
718 5150 782 5198 ante
807 5145 1034 5200 resurrectionem
1059 5145 1181 5216 ptionem
1201 5160 1233 5198 ex
1253 5142 1397 5214 Spiritus.
1432 5141 1558 5198 Christus
1582 5143 1706 5199 nondum
1731 5145 1788 5201 diei
1807 5151 1892 5218 potest

200 5231 253 5285 tuit
283 5231 337 5287 Dei
365 5231 462 5303 Filius.
509 5230 591 5302 Ergo.
639 5230 719 5295 Quod
756 5247 857 5286 nomen
885 5231 968 5300 facit,
1003 5238 1035 5286 ut
1059 5231 1193 5286 naturalis
1217 5237 1245 5286 et
1270 5230 1431 5302 unigenitus
1449 5230 1503 5287 Dei
1521 5231 1623 5295 Filius,
1647 5250 1704 5287 non
1731 5233 1805 5288 enim
1820 5234 1892 5289 Deus

201 5315 325 5372 Christus
354 5318 391 5373 sit
418 5317 520 5382 Filius,
558 5316 587 5370 id
616 5335 671 5373 non
700 5323 794 5389 potest
822 5316 939 5390 intelligi
967 5336 1034 5374 voce
1060 5337 1092 5374 ex
1109 5335 1160 5372 sna
1176 5318 1332 5373 substantia
1349 5317 1447 5390 genuit
1464 5334 1527 5373 eum
1544 5316 1573 5372 in
1590 5323 1671 5373 utero
1691 5318 1824 5391 virginis,
1848 5317 1891 5375 ssd

200 5403 393 5474 generationis⁸
447 5404 504 5461 Sed
544 5404 717 5459 resuscitatio
754 5422 788 5460 ex
827 5405 941 5461 mortuis
978 5423 1034 5460 non
1059 5421 1092 5459 ex
1116 5404 1175 5459 sols
1191 5393 1348 5460 substantia
1366 5403 1487 5476 virginis.
1525 5411 1548 5458 7.
1567 5403 1809 5476 Distinguendum
1827 5407 1893 5460 inter

199 5488 281 5556 isat,
305 5495 336 5546 ut
354 5488 480 5546 Christus
498 5490 534 5545 sit
553 5488 606 5544 Dei
626 5490 722 5547 Filius.
757 5491 840 5562 Ergo.
869 5490 898 5549 Si
918 5491 1032 5564 gignere
1057 5492 1246 5560 promotionis
1266 5492 1414 5546 maurium
1438 5509 1472 5545 ac
1497 5493 1617 5545 modam.
1653 5489 1783 5548 Christus
1802 5511 1892 5551 secun·
