3984 6022
187 256 247 313 rae
884 247 1005 306 Iocus
1024 246 1202 312 QUARTUS

187 401 320 465 velimus,
351 417 410 455 esse
439 401 624 469 incarnatam,
658 419 721 456 cum
750 419 868 472 persona
895 404 930 458 sit
957 403 1021 458 Filii
1049 393 1240 458 essentialitate
1265 404 1468 457 communicato
1493 404 1541 471 sit,
1569 421 1619 457 nec
1645 403 1794 457 essentiam
1816 405 1881 458 dioi-

186 488 315 558 propria,
338 486 387 541 sed
409 493 509 540 natura
531 486 624 540 divina
649 487 685 543 sit
708 488 759 558 ipsi
788 491 939 544 communis
958 506 1020 543 cum
1047 509 1112 545 nam
1130 498 1210 544 satra
1228 491 1272 543 uel
1286 498 1403 559 praeter
1417 507 1558 559 personae
1577 491 1737 543 diuinitatis
1759 491 1881 543 εεεὶειεεε

186 571 270 627 Patre
296 579 323 628 ct
343 571 448 642 Spiritu
474 590 510 637 s.,
535 574 610 628 Besa
634 575 662 627 in
682 582 753 645 part.
776 581 796 629 1.
816 593 887 646 resp.
906 576 942 633 ad
958 575 1020 630 coll.
1048 594 1097 630 nec
1126 577 1155 629 in
1179 593 1303 645 persona
1332 577 1468 630 trinitatis
1493 577 1639 629 cesennam
1666 584 1692 629 ει
1722 577 1883 646 hypostasin

186 659 334 730 Mompelg.
354 677 379 729 p.
403 665 459 715 183.
488 658 621 715 Danaeus
637 661 665 715 in
683 679 769 716 eram
784 670 880 718 contm
895 662 1022 717 Chemni-
1047 663 1164 716 realiter
1187 678 1236 715 seu
1259 663 1407 731 subjective
1428 663 1559 731 defferre,
1584 663 1648 715 licet
1667 664 1780 716 ratione
1799 680 1883 732 respe-

186 745 259 799 cium
278 762 301 798 c.
328 751 352 800 4.
380 763 406 814 p.
438 750 478 800 81.
521 745 658 800 Zancbius
683 748 746 804 libr.
774 754 796 802 2.
827 748 863 803 da
888 749 1022 803 incarnat.
1048 756 1139 801 cluam
1158 749 1280 818 differat.
1311 755 1334 805 6.
1353 749 1521 818 Augustana
1539 748 1685 803 Confessio
1703 757 1756 802 art
1770 755 1795 804 3.
1814 749 1885 816 dicit,

187 828 252 884 Filii
271 838 376 902 quaest.
399 839 420 886 1.
439 849 466 902 p.
490 838 546 889 106.
574 831 656 887 Sohn.
675 851 702 903 p.
719 840 742 888 2.
763 850 841 906 exeg.
865 836 1020 906 Augustan.
1049 836 1122 886 duas
1139 843 1257 887 naturas
1276 836 1402 888 diuinam
1419 843 1444 887 et
1463 836 1611 888 humanam
1629 837 1812 904 inpersonae
1829 837 1884 888 uni·

185 915 308 970 Confess.
332 935 360 987 p.
390 922 445 971 192.
478 927 502 976 4.
520 916 690 973 Calvinianis
712 920 764 975 hac
781 921 809 975 in
827 927 906 992 parte
927 938 957 976 se
974 921 1022 974 ad·
1048 927 1103 972 tate
1122 921 1538 994 inseparabiliterconjanctas.
1561 921 1600 974 Αι
1618 914 1884 975 Calvinianivolnnt

181 1004 278 1075 jungit
301 1004 438 1058 Bellarm.
462 1004 510 1059 lib.
536 1012 560 1060 3.
585 1006 620 1061 de
644 1005 752 1062 Christo
778 1025 800 1062 c.
828 1013 851 1063 8.
876 1004 902 1082 ξ.
925 1007 1023 1068 tortia:
1048 1004 1135 1060 videri
1152 1008 1335 1077 Augustanus
1351 1006 1538 1061 Confessionis
1558 1006 1633 1064 socii.
1660 1014 1683 1062 t.
1704 1006 1883 1079 Distinguen-

189 1091 260 1144 Unio
276 1093 358 1155 facta
378 1099 418 1143 εει
434 1108 488 1159 per
506 1095 779 1147 communicationem
801 1096 871 1163 ejus,
894 1097 970 1163 quod
982 1104 1021 1147 est
1048 1092 1114 1146 dum
1132 1092 1218 1163 igitur
1235 1093 1306 1148 inter
1322 1101 1449 1148 naturam
1464 1093 1587 1147 divinam
1599 1093 1727 1147 absolute
1745 1094 1803 1146 sios
1815 1113 1883 1148 com·

180 1178 329 1248 proprium
349 1179 433 1244 Filii,
455 1196 510 1231 nori
537 1182 609 1247 ejus,
633 1183 710 1249 quael
736 1189 776 1234 est
795 1199 935 1235 commuue
954 1181 1021 1234 aliis
1048 1180 1167 1235 maniter
1184 1180 1300 1248 ‘dictam
1318 1184 1351 1233 ut
1368 1187 1411 1233 est
1428 1181 1458 1234 in
1475 1179 1567 1248 Patre,
1586 1179 1658 1233 llilio
1676 1186 1705 1234 et
1724 1179 1833 1250 Spiritu
1850 1198 1885 1247 a,

183 1265 319 1334 personis.
362 1264 423 1329 Quo
451 1264 505 1320 fine
533 1266 573 1320 ita
600 1267 755 1337 disputent,
785 1267 868 1323 facile
897 1276 1020 1338 apparet,
1048 1282 1080 1320 eo
1104 1264 1185 1320 modo
1209 1282 1266 1319 non
1283 1264 1384 1319 dicitur
1408 1265 1487 1321 unite
1504 1273 1619 1320 naturae
1638 1266 1798 1333 humanae,
1824 1282 1885 1319 cnm

185 1350 315 1406 videlicet
326 1358 359 1405 ut
371 1351 645 1407 communicationem
656 1352 906 1408 idiomatnm'cami
917 1354 1019 1409 factam
1047 1349 1198 1406 incarnatio
1224 1351 1275 1407 soli
1294 1350 1366 1406 Filio
1390 1351 1528 1406 tribuatur
1548 1352 1740 1421 terminatice,·
1771 1357 1800 1407 et
1815 1351 1885 1405 inter

184 1437 282 1508 majori
298 1437 390 1506 specie
405 1454 567 1508 oppugnare
580 1439 695 1507 possint.
720 1438 779 1497 Sed
791 1439 907 1495 observa
918 1439 1021 1495 l.Scri·
1046 1436 1176 1494 deitatem
1195 1437 1288 1493 'relate
1314 1455 1363 1491 seu
1388 1439 1577 1492 determinata
1596 1454 1660 1492 cum
1692 1443 1771 1493 certo
1799 1437 1883 1512 ὑπόρ-

185 1529 296 1594 pturam
309 1523 339 1577 in
350 1522 534 1593 descriptione
547 1524 656 1578 unionis
673 1526 825 1595 personalia
844 1543 899 1580 non
912 1532 1019 1580 tantum
1046 1527 1112 1585 ξειος
1131 1523 1221 1597 τρόπῳ
1240 1531 1382 1594 acceptam
1399 1541 1433 1579 ac
1452 1524 1481 1578 in
1498 1541 1618 1594 persona
1635 1524 1722 1579 solius
1735 1525 1799 1578 Filii
1818 1542 1882 1580 con·

185 1626 336 1680 personae,
360 1609 511 1665 sedetiam
532 1617 647 1666 uamrae
665 1611 775 1665 divinae
794 1613 960 1667 mentionem
979 1612 1018 1667 ia·
1046 1610 1211 1680 sideratam3
1233 1628 1266 1665 eo
1285 1611 1367 1666 modo
1386 1610 1543 1676 deitassui]
1560 1610 1660 1681 Λόγου
1680 1611 1938 1666 somniantum

185 1712 255 1751 cere.
290 1696 393 1751 Coloss.
415 1702 438 1761 2,
457 1713 482 1750 v.
500 1704 531 1753 9:
549 1700 586 1751 In
604 1697 714 1751 Christo
732 1700 839 1752 habitat
856 1708 915 1752 tota
931 1700 1020 1769 pleni·
1045 1704 1160 1751 naturae
1185 1696 1322 1754 humanae
1347 1696 1455 1751 dicitur.
1490 1696 1571 1751 Hanc
1597 1697 1804 1752 distinctionem
1828 1713 1883 1751 am-

185 1785 253 1836 tudo
274 1784 387 1836 deitatis
405 1785 599 1852 εοηυοεοιιιεν.
635 1784 664 1838 Si
683 1791 742 1838 tota
754 1785 864 1840 deitatis
876 1786 1020 1856 plenitudo
1045 1783 1176 1854 plectitur
1195 1783 1255 1853 ipss
1268 1783 1389 1838 Polanus
1408 1791 1474 1837 tam.
1493 1790 1516 1838 2.
1532 1784 1579 1840 lib.
1592 1789 1616 1840 6.
1629 1784 1778 1856 Syntagm.
1791 1802 1815 1838 c.
1827 1789 1882 1839 813.

184 1868 341 1924 habitatin
363 1884 453 1934 carne,
473 1869 570 1939 utique
588 1870 671 1925 etiam
685 1871 773 1925 deitas
791 1875 841 1925 roi
854 1871 952 1940 Λόγου
971 1890 1018 1927 seu
1047 1869 1138 1924 Ursin.
1158 1887 1184 1940 p.
1205 1878 1227 1924 2.
1249 1869 1385 1940 Explicat
1404 1870 1516 1925 Catech.
1534 1888 1561 1941 p.
1584 1877 1641 1926 214.
1663 1878 1738 1941 etp.
1761 1877 1818 1927 184.
1835 1868 1882 1925 abi

72 2008 79 2015 .
127 1986 130 1993 ·
185 1961 286 2011 natura
309 1955 405 2010 dions
422 1954 487 2010 Filii
512 1956 565 2010 erit
584 1957 659 2011 carni
677 1957 763 2012 unita.
800 1958 881 2023 Quod
899 1960 972 2015 enim
990 1960 1019 2013 in
1046 1956 1128 2010 dicit:
1161 1958 1280 2011 mseretia
1310 1958 1407 2010 moino
1431 1957 1460 2010 in
1483 1958 1571 2012 sollus
1595 1958 1670 2011 Filii
1690 1975 1820 2026 persona
1845 1967 1882 2010 est

186 2059 269 2098 carne
286 2042 394 2096 habitat
412 2042 569 2123 etquidem
588 2048 755 2116 σωματικῶς,
774 2045 844 2099 illud
861 2052 903 2099 εει
922 2046 1018 2100 cinni-
1045 2043 1203 2098 incarnata.
1238 2043 1279 2096 Ex
1305 2043 1403 2097 cadam
1425 2042 1508 2098 facile
1531 2044 1715 2115 respondetur
1739 2045 1777 2099 ad
1800 2061 1880 2116 argu-

185 2136 252 2184 tum.
275 2129 347 2184 'Pota
359 2128 503 2200 plenitudo
516 2128 626 2185 deitatis
638 2147 692 2184 non
711 2136 754 2186 est
772 2131 847 2186 nuda
868 2131 1018 2187 subsisten-
1044 2137 1137 2184 menta
1153 2131 1298 2184 contraria
1325 2132 1406 2193 Quod
1425 2139 1465 2184 εει
1479 2132 1629 2200 proprium
1640 2130 1723 2198 Filii,
1735 2149 1793 2184 non
1805 2135 1878 2201 qaod

185 2217 226 2270 tia
250 2217 356 2287 absque
376 2215 479 2271 deitate
497 2219 546 2269 sori
564 2215 672 2286 Λόγου.
706 2223 726 2272 1.
747 2217 868 2272 Timum
887 2225 909 2283 3,
925 2237 950 2272 v.
974 2225 1019 2274 16:
1044 2216 1167 2269 trinitati
1185 2233 1334 2285 commune,
1353 2225 1393 2269 εει
1411 2217 1597 2271 incantatum.
1632 2217 1703 2271 Item
1733 2218 1770 2271 Si
1786 2220 1880 2271 diuina

186 2305 266 2358 Deus
278 2302 476 2371 manifestatus
489 2309 528 2356 εει
543 2303 573 2355 in
591 2321 682 2358 camis.
708 2303 772 2357 Jam
788 2321 852 2359 vero
870 2303 946 2360 Deus
963 2322 1019 2359 non
1045 2310 1147 2354 natura
1170 2310 1210 2354 εει
1227 2302 1365 2355 larmanoe
1386 2303 1479 2369 siaha,
1504 2304 1588 2356 etiam
1605 2304 1693 2357 Pater
1714 2305 1771 2357 erit
1790 2306 1880 2358 incur-

187 2396 228 2446 εει
258 2395 366 2445 tantum
396 2406 496 2444 nomen
526 2405 677 2460 personae,
710 2391 759 2445 sed
785 2390 869 2446 ctiam
893 2398 1017 2446 naturae.
1045 2396 1133 2441 natus.
1149 2457 1155 2468 Ι
1169 2388 1209 2443 Ut
1229 2387 1300 2442 enim
1318 2392 1401 2442 Pater
1419 2386 1528 2441 dicatur
1549 2388 1723 2455 incarnatus,
1751 2407 1809 2446 non
1827 2391 1880 2445 suf·

186 2483 211 2533 2.
229 2476 327 2532 Deitas
344 2476 394 2529 rori
406 2475 505 2546 Λόγου
525 2482 553 2531 ει
571 2493 690 2547 pomum
705 2464 754 2531 rori
772 2476 872 2548 Λόγου
892 2496 947 2533 οοο
967 2477 1019 2531 dif-
1045 2472 1111 2536 ficit,
1131 2477 1163 2526 ut
1181 2474 1278 2528 eadem
1296 2474 1391 2528 divina
1408 2480 1515 2543 natura,
1536 2490 1608 2545 quac
1626 2476 1716 2529 estin
1736 2476 1832 2546 Patre,
1848 2479 1881 2531 rit

182 2563 279 2619 ierunt
290 2562 408 2626 realiter,
426 2562 496 2619 alias
507 2563 602 2632 Λόγος
619 2564 671 2619 erit
684 2564 821 2636 quoddam
837 2566 1019 2635 compositum
1046 2559 1187 2612 incarnata
1204 2559 1233 2612 in
1250 2559 1336 2628 Filio,
1356 2560 1404 2614 sed
1422 2561 1574 2632 requiritur
1593 2562 1720 2632 insuper,
1741 2572 1775 2617 ut
1792 2564 1884 2618 diunt

187 2648 1020 2721 cxduohusrealiterdistinctis,acprotrinitateintroducetur
1045 2645 1094 2699 illu
1117 2653 1217 2700 natura
1242 2647 1272 2699 in
1297 2647 1381 2702 Patre
1408 2647 1499 2702 stuic
1521 2664 1641 2718 persona
1665 2647 1760 2703 Patris
1783 2650 1823 2703 ait
1846 2650 1881 2703 in-

187 2735 366 2807 quatcrnitas.
388 2740 411 2790 3.
425 2735 459 2789 ln
471 2735 596 2806 qualibet
604 2737 735 2791 trinitatis
743 2754 860 2807 persona
869 2744 912 2792 est
920 2745 978 2793 tota
987 2755 1019 2793 ac
1045 2738 1167 2788 camala-
1203 2731 1304 2786 Confer
1334 2732 1431 2787 Lomb.
1458 2740 1482 2788 3·
1508 2739 1577 2787 tent·
1605 2733 1666 2788 dist
1692 2741 1717 2788 5·
1744 2735 1829 2791 litera
1853 2735 1881 2789 ll.

187 2821 311 2893 perfecta
330 2820 419 2877 deitas
439 2828 551 2891 propter
572 2822 707 2877 essentiae
727 2823 836 2878 dinnao
855 2823 1018 2879 infinitatem
1045 2824 1070 2872 8.
1089 2817 1209 2883 Quidam
1232 2835 1265 2873 ex
1290 2819 1390 2873 nostris
1414 2820 1536 2889 addunt,
1561 2818 1726 2890 hypostasin
1746 2820 1813 2875 Filii
1831 2822 1881 2875 Dei

187 2925 221 2964 ac
234 2906 446 2978 simplicitatem,
463 2924 638 2979 nequaquam
651 2909 736 2980 igitur
749 2911 872 2964 s'ecnnda
887 2909 1019 2965 trinitatis
1045 2903 1154 2977 opscus
1181 2921 1230 2958 seu
1262 2905 1437 2973 immediata,
1477 2905 1598 2960 divinam
1629 2913 1724 2961 autam
1755 2914 1880 2963 naturam

187 2985 306 3066 persona
334 2995 399 3063 διχα
423 2995 469 3059 τῆς
497 2994 625 3061 θεότητος
650 2995 787 3050 incarnari
813 2998 911 3068 potuit.
940 3004 963 3052 ι.
989 2997 1017 3053 Si
1045 2996 1171 3064 ιμμιους
1194 3009 1243 3046 seu
1267 2993 1387 3045 mesticis
1407 2991 1546 3047 mediante
1567 2992 1673 3047 scilicet
1690 2992 1794 3066 Λόγου
1814 2994 1880 3048 tnr-

188 3080 282 3136 divina
303 3087 403 3135 natura
426 3084 475 3134 rori
500 3080 583 3150 λόγου
607 3098 663 3136 non
680 3089 724 3136 est
739 3083 818 3137 unita
835 3088 951 3138 naturae
968 3083 1017 3137 hu·
1045 3077 1136 3131 στάσει
1151 3094 1211 3132 6⁸⁸⁰
1228 3078 1404 3132 immittam·
1432 3078 1880 3150 (301111511⁸t0m·²·0¹⁶8·⁸rt·h

187 3165 400 3236 οιεοεε,·Λόγος
411 3173 547 3238 quatenus
561 3167 694 3243 ἔυσορεος
710 3186 766 3223 non
779 3169 832 3223 erit
843 3185 925 3223 verus
934 3170 1018 3236 Dens,
1044 3184 1071 3235 p.
1092 3172 1146 3220 104.
1164 3164 1261 3218 itidem
1279 3164 1426 3236 distinguit
1442 3165 1572 3219 unionem
1589 3165 1801 3235 hypostaticam
1815 3167 1881 3221 inter

187 3271 250 3308 cum
270 3254 344 3308 enim
363 3252 440 3307 Deus
457 3259 550 3324 potest
568 3271 628 3308 csse
647 3254 706 3310 sine
725 3254 848 3310 deitate?
874 3256 903 3310 Si
926 3256 1019 3310 divina
1045 3252 1235 3304 immediatam
1255 3259 1279 3303 et
1297 3252 1457 3315 mediatam,
1477 3250 1552 3304 illam
1572 3257 1652 3304 votat
1671 3253 1809 3307 unionem
1826 3271 1883 3324 par-

187 3347 286 3394 natura
304 3345 353 3394 roi
372 3339 471 3410 Λόγου
494 3358 549 3396 non
569 3346 611 3395 est
633 3340 711 3395 unita
736 3347 850 3395 naturae
874 3342 1018 3410 humanae,
1045 3353 1141 3404 sonae,
1171 3337 1242 3391 hanc
1268 3342 1384 3391 nunnae
1410 3336 1508 3404 Λόγου
1533 3353 1596 3390 cum
1623 3336 1749 3392 humana
1767 3344 1883 3405 nauum)

187 3425 275 3480 falsae
294 3432 374 3481 erunt
392 3426 457 3480 illae
475 3411 674 3497 propositiones
691 3427 862 3496 personales:
888 3428 965 3483 Deus
976 3434 1019 3484 εει
1046 3423 1100 3478 Sed
1127 3440 1191 3477 cnm
1214 3422 1370 3493 hypostasis
1388 3422 1486 3492 Λόγου
1504 3438 1536 3476 οε
1557 3421 1650 3476 divina
1667 3429 1774 3480 natura
1787 3427 1882 3496 Λόγου

187 3511 268 3568 homo
281 3511 547 3568 ethomoestDens.
566 3520 589 3568 5.
599 3513 643 3567 Pii
652 3521 758 3569 veteres
767 3513 898 3568 disertam
909 3515 1018 3569 divinae
1045 3527 1099 3564 non
1118 3510 1230 3564 realiter
1247 3510 1295 3564 sed
1313 3509 1463 3563 formaliter
1488 3509 1622 3563 duntaxat
1645 3508 1795 3580 differant,
1808 3565 1810 3570 s
1823 3513 1883 3568 ideo

188 3604 302 3652 naturae
321 3598 486 3654 mentionem
504 3598 617 3653 faciunt.
656 3599 823 3671 Dionysius,
848 3600 1018 3655 Athanasius
1044 3596 1113 3652 haec
1130 3595 1237 3667 phrasis
1255 3594 1397 3650 commode
1416 3594 1595 3668 explicanda..

188 3682 360 3757 etCyrillus:
378 3684 394 3751 ἡ
413 3684 509 3751 trisne
528 3683 627 3745 ὁλιεῶς
645 3684 713 3754 ἡμῖν
732 3688 762 3740 ἐν
779 3693 831 3756 μιᾳ
850 3689 906 3740 τῶν
924 3688 1020 3754 ἑαυτῆς
1082 3689 1139 3737 111.
1181 3681 1329 3748 Quaeritur
1363 3680 1414 3735 hoc
1447 3681 1508 3734 loco
1548 3688 1570 3736 1.
1614 3683 1660 3734 Aa
1692 3687 1938 3746 necessus-inmun·

187 3769 570 3839 dnooriasavlrormiryoss.
591 3772 761 3827 Athanasius
779 3774 808 3827 in
825 3773 912 3844 symb.
931 3774 1019 3828 incar·
1044 3771 1133 3834 fuerit
1156 3769 1256 3838 Λόγου
1281 3769 1430 3822 incarnari
1437 3772 1449 3820 ι
1476 3768 1615 3838 Respond.
1642 3768 1743 3824 Polan.
1769 3780 1846 3841 part.
1863 3757 1938 3838 aff.

189 3857 330 3912 nationem
348 3857 445 3914 definit
462 3858 618 3930 προσλήψει
631 3858 1019 3930 εῆςάυεουπόεηεοςειςθεό·
1046 3857 1113 3912 thas.
1139 3855 1271 3926 Theolog.
1301 3870 1365 3926 pag.
1392 3861 1432 3910 59.
1480 3854 1582 3909 Zanch.
1609 3855 1657 3910 lib.
1684 3856 1722 3909 dc
1750 3854 1938 3914 incarmw

188 3964 263 4012 οητα.
297 3944 446 4015 Augustin.
466 3945 513 4001 lib.
536 3947 570 4001 de
588 3944 643 4000 fide
660 3946 697 4000 ad
716 3946 830 4000 Petrum
846 3963 869 4003 c.
889 3953 911 4002 2.
931 3950 1019 4001 Νοιυ-
1046 3962 1073 4017 p.
1100 3948 1141 3996 92.
1178 3941 1283 3996 Parcus
1306 3940 1336 3994 in
1360 3940 1439 4010 epist
1465 3939 1544 3996 Rom.
1568 3941 1673 4001 Frider.
1709 3943 1886 4001 Broeclrerus

187 4050 250 4085 ram
273 4032 398 4085 divinam
420 4033 489 4085 dirs't
514 4049 571 4086 esse
591 4041 751 4101 conceptam
768 4041 794 4086 ct
810 4042 919 4103 nutam,
946 4036 1020 4105 quod
1047 4031 1075 4084 in
1101 4029 1215 4084 antidot.
1247 4044 1329 4082 error.
1370 4027 1498 4083 Veratius
1528 4046 1551 4082 c.
1581 4034 1621 4083 21.
1649 4047 1675 4099 p
1704 4035 1748 4086 68.
1779 4033 1834 4086 col.
1861 4033 1884 4087 b.

187 4117 285 4173 Thom.
304 4137 332 4190 p.
351 4123 374 4173 3.
395 4124 501 4190 quaest
521 4125 562 4174 35.
581 4125 631 4173 art
652 4125 675 4173 1.
695 4118 734 4173 sic
747 4118 878 4189 explicat:
897 4122 1021 4190 Propter
1048 4117 1199 4174 Sibrandns
1225 4115 1384 4171 Lubbertus
1414 4116 1443 4169 in
1471 4116 1552 4170 catal.
1582 4132 1663 4181 error.
1690 4136 1719 4188 p.
1747 4124 1808 4176 278.
1836 4138 1883 4191 pn·

187 4205 377 4274 identitatem,
405 4223 476 4274 qreae
497 4206 527 4258 in
549 4207 653 4258 (livinis
680 4215 722 4259 εει
751 4207 824 4259 inter
842 4215 971 4261 naturam
997 4217 1021 4261 et
1046 4209 1120 4268 tant,
1143 4203 1269 4272 potuisse
1287 4204 1380 4255 Deum
1396 4202 1485 4255 aliam
1502 4203 1638 4255 ratioucm
1658 4203 1804 4272 inuenire,
1832 4224 1883 4275 qua

189 4292 366 4362 hypostasin,
393 4293 560 4361 quassataque
578 4301 680 4346 natum
693 4294 812 4362 ponitur
825 4312 880 4362 pro
894 4311 1021 4362 persona
1045 4290 1292 4344 reconciliaremur
1307 4289 1371 4356 ipsi,
1390 4305 1472 4356 quam
1492 4305 1546 4357 per
1564 4297 1679 4342 mortem
1697 4291 1793 4363 hilii,
1813 4293 1883 4347 unde

188 4379 232 4431 orl
257 4379 415 4446 hypostasi,
444 4386 470 4431 ει
497 4381 645 4432 εεοιυεάυηο
671 4380 739 4433 haec
758 4381 828 4433 dicit
846 4381 1021 4448 Auyustinua
1047 4397 1079 4433 ex
1094 4377 1190 4432 Lomb.
1208 4384 1235 4432 et
1252 4376 1349 4455 Thoar.
1366 4377 1525 4429 missionem
1544 4377 1618 4429 Filii
1629 4384 1735 4430 vocant
1753 4380 1882 4450 hypothe-

189 4472 321 4518 naturam
346 4464 471 4519 diuinam
498 4451 556 4518 esse
583 4474 743 4534 conceptam
765 4475 791 4519 ει
813 4473 924 4535 natam,
952 4468 1021 4536 quia
1047 4467 1138 4518 tr'cam
1162 4463 1217 4519 Sed
1238 4463 1303 4534 quid
1320 4462 1374 4518 hac
1387 4462 1422 4518 de
1435 4479 1466 4516 re
1478 4462 1655 4517 statuendum
1667 4464 1713 4532 sit,
1732 4468 1820 4521 certis
1840 4483 1881 4522 ex·

190 4551 297 4604 scilicet
311 4566 438 4620 persona
448 4551 522 4604 Filii
538 4558 577 4604 est
594 4560 727 4620 concepta
743 4560 769 4606 et
785 4561 854 4605 nata
873 4556 1021 4608 sermidam
1048 4552 1173 4623 peditum
1190 4552 1248 4606 dari
1265 4551 1368 4621 poterit
1387 4550 1617 4607 distinctionibus.
1657 4557 1679 4605 1.
1702 4551 1883 4626 Distinguen-

189 4637 341 4691 humanam
362 4643 501 4690 naturam.
536 4636 701 4692 Damascen.
724 4637 772 4692 lib.
800 4642 825 4692 8.
849 4638 953 4694 orthod.
974 4638 1021 4693 fid.
1036 4641 1114 4693 *dum
1141 4639 1212 4692 inter
1235 4637 1425 4692 necessitatem
1449 4639 1606 4692 αόεοιειιοοε
1632 4646 1658 4690 ει
1680 4638 1883 4708 hypotheticam

188 4741 214 4779 c.
229 4730 259 4780 6:
280 4725 311 4779 lu
326 4728 360 4798 τῇ
379 4724 585 4798 ἐναυιρωπησει
604 4729 652 4779 τοῦ
667 4728 736 4778 θεοῦ
753 4725 840 4795 λόγου
858 4724 953 4798 meipsa
971 4730 1023 4779 πό·
1049 4726 1103 4779 Illa
1122 4732 1176 4793 est,
1202 4726 1281 4794 cujus
1306 4723 1520 4778 contradictoria
1539 4729 1581 4779 est
1600 4724 1767 4794 simpliciter
1788 4728 1883 4799 impos·

190 4825 244 4865 aar
269 4816 315 4864 εει
334 4814 442 4864 εελειου
464 4810 513 4878 τὴν
533 4811 621 4882 φύσιν
643 4815 689 4878 τῆς
708 4812 834 4879 θεότητος
853 4812 883 4865 la
900 4816 952 4885 μιᾷ
969 4816 1024 4866 τόν
1050 4812 1146 4881 sibilis,
1164 4812 1241 4880 haec,
1261 4828 1332 4882 quae
1349 4817 1476 4883 respectu
1494 4812 1561 4866 certi
1581 4811 1699 4882 alicujus
1718 4813 1784 4869 finis
1794 4831 1883 4869 neces·

190 4895 617 4966 εόεῆςόοοσεόσευνινωθῆυαι
632 4898 707 4972 πόση
720 4900 751 4972 τῇ
764 4897 927 4972 ἀνθρωπίνη
942 4897 1025 4969 φύσει
1050 4901 1159 4955 nitatem
1183 4898 1266 4953 medii
1291 4898 1405 4953 obtinet
1441 4904 1463 4952 2.
1490 4898 1728 4970 Distinguendum
1754 4903 1830 4959 inter
1846 4905 1883 4958 in·

190 4988 238 5038 rial
257 4983 292 5038 ori
309 4984 394 5058 μέρος
411 4988 496 5057 μέρει.
532 4982 603 5039 Ibid.
622 4983 778 5056 picturari
797 4983 881 5054 λόγου
900 4970 1315 5064 hiyovrsc'camationem'Dci
1331 4993 1357 5037 ει
1377 4986 1450 5039 Filii
1468 4987 1531 5040 Dei.
1560 4985 1651 5041 Deum
1668 4985 1731 5041 fieri
1749 4988 1883 5045 hominem

192 5068 276 5125 αὐτὸν
296 5069 447 5140 τὸνλόγον
466 5069 683 5144 unanimem
704 5071 736 5123 ol
754 5069 835 5140 λόγος
852 5074 899 5124 καλ
917 5072 948 5125 τὸ
968 5069 1235 5131 nor-lnecessarium
1264 5078 1323 5126 erat
1346 5088 1401 5127 non
1427 5072 1550 5126 αόεοόειιε
1574 5075 1625 5126 eod
1647 5072 1837 5144 hypothetice,
1861 5075 1882 5129 si

192 5155 242 5210 νὸυ
260 5163 305 5224 τῆς
324 5157 420 5217 alatur
437 5161 563 5224 κέκτηται
585 5163 632 5211 rat
659 5157 690 5211 τό
719 5156 824 5218 astacon
844 5161 888 5224 mir
906 5149 1158 5214 innomi-iscilicet
1184 5175 1273 5229 genus
1295 5157 1445 5212 humanum
1471 5176 1504 5213 ex
1522 5159 1656 5214 servitute
1679 5164 1792 5230 peccati
1817 5161 1882 5218 redi·

193 5255 267 5303 σευς.
294 5242 433 5298 Lutherus
446 5244 474 5297 in
488 5243 597 5315 Disput
616 5250 731 5299 annii.
744 5248 830 5298 contr.
843 5227 1194 5307 Scholasticosmendum,
1223 5246 1279 5301 irae
1301 5245 1411 5300 divinae
1436 5245 1660 5301 satisfaciendum
1686 5253 1716 5301 ct
1739 5247 1817 5304 bona
1840 5264 1883 5321 pet

193 5334 294 5393 monet,
313 5329 475 5400 hypostasin
493 5347 541 5384 serr
555 5346 709 5399 personum
727 5330 757 5383 in
775 5331 880 5384 diuinis
898 5349 954 5385 non
967 5348 1038 5386 esse.
1052 5331 1160 5400 lapsum
1193 5332 1293 5386 amissa
1321 5331 1491 5402 reparanda,
1530 5336 1562 5385 ut
1597 5331 1721 5402 probant
1757 5336 1884 5400 ratores,

191 5429 251 5467 rem
276 5415 402 5484 aliquam
427 5425 504 5471 entra
526 5416 571 5469 rel
589 5425 706 5484 promer
730 5417 878 5470 arentiam
900 5419 1025 5472 moinum
1051 5424 1164 5487 propter
1182 5435 1250 5490 quas
1265 5419 1442 5472 mediatorem
1455 5424 1579 5472 nostrum
1601 5418 1685 5472 deum
1702 5427 1732 5476 et
1746 5420 1883 5477 hominen

192 5501 377 5568 εεείειεοιεευ,
401 5504 447 5556 cui
465 5511 566 5573 postea
587 5504 706 5557 εεεεοειιό
723 5520 784 5557 cum
800 5504 1022 5574 proprietatibus
1050 5520 1110 5560 asse
1128 5503 1257 5560 debuisse
1274 5504 1444 5559 ostendimus
1463 5505 1598 5574 superius.
1625 5504 1733 5561 Filium
1753 5507 1812 5564 Dei
1830 5509 1884 5563 sius
