3984 6022
242 256 302 314 532
924 245 1246 313 nocusousnnus

241 409 389 474 utramque
407 409 535 458 naturam
553 409 582 457 et
601 401 640 456 sio
663 410 842 464 nascerentur
867 402 896 457 in
918 403 1076 458 universum
1103 403 1181 474 ponit
1198 404 1302 459 verbis:
1331 402 1399 457 Cam
1419 404 1450 457 in
1475 403 1584 461 Uiriato
1609 407 1667 461 sim
1694 410 1774 462 dnae
1797 409 1944 465 wactas

241 490 364 563 quinque
373 487 627 545 communicationis
640 504 759 560 gencra3
777 495 800 544 2.
819 488 1029 559 propositiones,
1048 489 1075 543 in
1103 496 1236 558 naturae,
1258 508 1329 560 orme
1349 491 1475 544 essentiis
1494 499 1520 544 et
1534 493 1763 561 proprietatibus
1782 495 1846 548 eoo
1865 512 1945 565 sepse

241 576 342 647 quibus
360 574 469 630 divinae
487 575 531 628 vel
543 574 680 631 humanae
697 581 814 630 naturae
831 574 943 647 propria
962 576 996 630 de
1014 593 1075 646 per·
1102 583 1341 644 mmomnrneqos
1356 579 1575 646 confundantur,
1587 579 1737 658 sumasque
1748 597 1821 634 cero
1832 589 1944 637 naneae

178 679 179 684 ¹
241 679 310 717 sona
326 660 538 733 praedicantur,
557 661 700 716 commode
717 661 754 715 ad
772 679 858 716 unum
875 679 963 733 genus
979 660 1074 716 referri
1101 679 1159 715 ana
1177 670 1283 716 tantum
1301 664 1338 717 sit
1352 682 1491 733 persona,
1513 683 1554 734 aa,
1573 683 1644 734 qaae
1663 667 1752 720 anias
1772 675 1887 722 tamn
1902 687 1943 722 na·

239 752 372 820 possunt,
397 747 479 817 quis,
503 754 535 800 ut
552 764 672 817 persona
689 753 848 802 constater
871 748 979 802 duabus
997 753 1025 801 et
1047 748 1075 801 in
1101 757 1183 801 turae
1204 750 1329 818 propria
1356 760 1438 818 eant,
1469 752 1557 806 altem
1586 761 1707 806 naturae
1742 772 1804 807 non
1834 757 1941 809 morsm

239 833 347 888 duabus
367 832 489 896 naturis,
512 832 552 887 ita
578 822 688 904 quoque
706 834 850 906 utriusque
872 839 988 888 naturae
1013 851 1074 904 pro·
1103 835 1188 902 qimai
1204 845 1363 905 separatae,
1385 839 1439 890 aed
1449 839 1503 891 toti
1510 854 1659 906 pmsonm,
1678 839 1858 908 quaeritanti
1874 842 1942 895 Das

238 920 300 991 pria
317 920 352 975 de
372 919 469 975 eadem
486 927 561 975 recte
582 921 800 990 praedicantur,
819 928 843 977 3.
862 938 917 976 non
937 937 970 975 eo
992 921 1074 975 modo
1102 928 1142 972 est
1162 928 1188 973 et
1206 920 1301 991 torno,
1322 924 1527 992 attribuantur,
1546 925 1602 977 sice
1621 927 1704 979 Dens
1722 925 1784 978 aios
1801 925 1887 981 domo
1901 945 1941 982 no

238 1005 393 1060 deebriati
413 1005 558 1061 divinitate
570 1006 767 1078 praedicantur
778 1007 906 1076 hnmana,
926 1007 1074 1078 quomodo
1101 1007 1228 1058 minetur.
1264 1006 1488 1063 Fundamentum
1505 1008 1591 1080 igitur
1612 1009 1695 1080 hujus
1718 1012 1941 1070 communicatio

239 1090 273 1148 de
303 1090 407 1146 Christi
434 1091 608 1147 humanitate
633 1092 828 1162 praedicantur
856 1092 957 1148 divina
1002 1093 1075 1159 Quia
1101 1090 1144 1144 nis
1163 1097 1206 1146 est
1223 1093 1314 1148 unitas
1332 1109 1475 1164 personae.
1511 1094 1583 1150 Cum
1601 1095 1674 1153 enim
1692 1103 1763 1168 post
1779 1096 1888 1154 factam
1907 1099 1942 1154 in·

239 1178 311 1232 enim
334 1178 429 1232 divina
455 1185 555 1232 natura
583 1177 735 1234 cchissima
760 1185 803 1232 est
830 1185 859 1233 et
885 1178 1074 1245 immutabilis,
1101 1177 1288 1232 carnationem
1315 1197 1370 1234 uns
1396 1179 1499 1239 Christi
1523 1199 1644 1252 persona
1668 1183 1698 1237 in
1721 1182 1838 1239 duabus
1862 1192 1891 1239 et
1914 1203 1943 1242 er

237 1264 299 1320 ideo
317 1264 378 1336 ipsa
397 1264 426 1318 in
444 1281 474 1318 se
493 1280 544 1319 nec
562 1263 591 1319 in
610 1264 797 1320 sublimiorem
816 1271 918 1319 statum
930 1265 1008 1320 evehi
1022 1284 1073 1321 ncc
1101 1262 1210 1317 duabus
1230 1264 1351 1334 naturis,
1374 1281 1492 1335 quarum
1511 1274 1629 1339 utraque
1648 1268 1707 1322 suis
1725 1269 1942 1340 proprietatibus

236 1350 266 1405 in
285 1349 461 1406 humiliorem
480 1350 580 1406 deduci
604 1351 709 1421 potuit,
733 1351 854 1405 humana
878 1368 943 1406 vero
966 1358 1074 1420 natura,
1102 1348 1182 1418 quasi
1201 1349 1302 1404 vestita
1321 1357 1376 1419 est,
1401 1350 1550 1419 subsistat,
1575 1353 1641 1408 inde
1658 1353 1814 1427 utriusque
1831 1363 1942 1410 mures

238 1436 430 1509 quiainfirma
448 1443 537 1492 estet
562 1436 720 1505 mutabilis,
743 1437 805 1492 ideo
825 1438 909 1493 etiam
928 1437 1022 1508 perfici
1046 1445 1074 1493 et
1100 1438 1156 1486 tam
1177 1434 1287 1491 divinae
1306 1453 1389 1506 quam
1405 1435 1543 1492 humanae
1564 1439 1679 1511 propria
1704 1440 1742 1495 de
1769 1457 1831 1495 una
1845 1440 1942 1496 Chrish'

238 1539 324 1594 supra
342 1522 472 1594 propriae
490 1529 606 1576 naturae
624 1522 809 1577 conditionem
833 1524 925 1593 potuit
949 1524 1074 1593 exaltari,
1100 1536 1218 1588 persons
1250 1526 1376 1591 συνδέτῳ
1412 1519 1624 1594 praedicantur}
1663 1529 1691 1585 2.
1726 1527 1940 1596 appellationes.

238 1614 270 1662 ut
289 1614 364 1663 recte
382 1608 478 1663 scribit
495 1606 705 1663 Hasenrelierus
725 1609 754 1663 in
775 1610 826 1664 loc.
841 1610 876 1664 de
890 1627 961 1680 pers.
972 1609 1073 1666 Christi
1100 1605 1226 1660 Vocatur
1254 1606 1307 1662 hoc
1341 1623 1430 1679 genus
1459 1608 1607 1674 ἀντίδοσις,
1642 1609 1746 1685 τρόπος
1771 1612 1941 1674 ἀντιδόσεως.

237 1713 264 1766 p.
291 1697 361 1762 338.)
397 1694 595 1750 Praetermisso
620 1695 707 1764 igitur
731 1694 782 1750 hoc
808 1702 885 1750 sexto
909 1702 1072 1768 argumento
1100 1691 1266 1748 Naaianaen.
1289 1700 1370 1747 vocat
1388 1695 1520 1757 δπίζιυξιν
1537 1693 1700 1767 ὀνομάτων,
1720 1699 1941 1767 mnjsnctionem

126 1793 165 1836 ιιι.
178 1792 224 1836 stt.
237 1779 376 1851 prioribus
394 1779 517 1851 quinque
537 1780 708 1852 argumentis
725 1797 776 1850 pro
798 1782 972 1852 quaternario
990 1799 1072 1854 gene·
1099 1778 1254 1846 nominum,
1273 1793 1306 1832 co
1324 1778 1399 1849 quod
1414 1778 1486 1834 sicut
1503 1789 1638 1851 naturae,
1664 1784 1709 1835 ita
1730 1791 1757 1836 et
1776 1785 1940 1838 enuntiatio

237 1885 299 1922 rum
325 1867 582 1922 communicationis
611 1883 726 1921 numero
752 1867 917 1923 stabiliendo
943 1869 1072 1923 adductis
1097 1864 1289 1917 muniantur
1305 1865 1346 1916 ad
1362 1883 1447 1917 onam
1455 1883 1615 1934 personam.
1641 1866 1769 1938 Cyrillus
1789 1871 1937 1925 renuam

234 1953 533 2009 nonomninonullum
544 1952 648 2007 robur
641 1969 731 2008 messe
749 1953 934 2020 concedimus,
953 1955 1071 2022 interim,
1100 1953 1145 2002 καὶ
1166 1950 1348 2018 ἰδιοποίησιν,
1375 1968 1436 2003 cosm
1460 1952 1543 2004 onina
1564 1960 1684 2006 naturae
1704 1957 1867 2023 proprium
1887 1963 1939 2010 toto

234 2055 270 2094 ne
297 2039 333 2094 ab
358 2039 463 2094 usitata
480 2038 597 2094 docendi
624 2038 730 2093 ratione
757 2039 786 2094 in
812 2039 883 2094 libro
909 2040 1071 2119 symbolico,
1099 2037 1153 2089 tibi
1175 2037 1305 2089 vendicat
1324 2053 1458 2104 persono
1492 2036 1659 2094 Theodoret
1678 2039 1758 2095 Dial.
1777 2047 1803 2096 2.
1829 2042 1939 2096 enum

236 2123 369 2179 For-mula
386 2124 491 2180 scilicet
499 2124 669 2180 Concordiae
689 2124 869 2195 praescripta,
888 2126 1071 2194 discedamus,
1098 2119 1151 2190 γὴν
1171 2125 1216 2175 unt
1244 2120 1432 2176 κοινωνίαν
1420 2123 1572 2196 monitor.
1608 2124 1734 2196 Vigilius
1757 2130 1938 2182 communica

235 2210 417 2266 retinebimus
434 2211 489 2266 tria
506 2211 762 2266 communicationis
781 2228 894 2283 genera,
911 2212 951 2266 ita
968 2218 1071 2282 tamen,
1099 2206 1209 2272 tionem,
1228 2223 1285 2275 quc
1302 2215 1469 2262 naturarum
1482 2211 1607 2279 prema
1621 2214 1788 2267 commannis
1794 2215 1872 2282 fiunt
1878 2232 1937 2284 per

235 2296 293 2351 ut
284 2314 314 2351 ιιι
330 2296 420 2368 primo
438 2312 540 2368 genere
565 2297 696 2353 distmcte
719 2298 754 2353 de
780 2297 835 2351 illis
858 2297 1070 2368 praedicationi·
1098 2309 1191 2346 sonos.
1227 2289 1417 2349 Damascenus
1435 2294 1497 2349 libr.
1515 2300 1540 2363 3,
1557 2313 1582 2352 c.
1603 2302 1633 2352 t:
1651 2284 1737 2359 οὗτός
1755 2299 1865 2354 iorsr‘
1851 2321 1867 2354 o
1885 2299 1937 2371 ιρδ

234 2381 287 2437 bus
314 2397 447 2454 mamus,
475 2383 505 2438 in
530 2381 631 2455 quihus
656 2381 793 2438 humanae
817 2390 934 2439 natmae
957 2384 1071 2454 propris
1098 2398 1151 2438 nos
1170 2380 1216 2445 ric
1235 2376 1400 2440 ἀντιδόσεως
1420 2379 1549 2454 ἑκατέρας
1567 2381 1678 2453 φύσεως
1697 2381 1895 2452 ἀναδιδούσης
1912 2388 1938 2459 τῇ

233 2467 306 2523 Filio
324 2467 392 2524 DEI
410 2468 583 2539 tribuuntur,
608 2485 681 2539 quaa
699 2469 737 2524 ad
761 2468 881 2540 primum
900 2486 988 2541 genus
1010 2477 1076 2527 tnn-⁸
1099 2464 1178 2536 ἑτέρᾳ
1195 2463 1228 2519 roi
1247 2465 1307 2518 ἴδια
1327 2465 1374 2519 διὰ
1391 2465 1441 2534 τὴν
1457 2468 1504 2534 τῆς
1524 2466 1703 2530 ὑποστάσεως
1721 2471 1879 2539 ταυτότητα
1895 2476 1936 2525 sni

233 2571 318 2627 quam
348 2554 497 2626 peculiaris
527 2556 589 2626 ejus
625 2555 733 2626 species
769 2555 911 2610 commode
946 2557 1071 2611 revocari
1097 2548 1146 2619 vir
1166 2554 1204 2611 sis
1222 2548 1325 2618 ἄλληλα
1346 2554 1438 2608 αὐτῶν
1457 2552 1660 2628 ιιιριχιδρησιν,
1697 2547 1750 2612 iste
1776 2561 1881 2612 modas
1902 2566 1936 2612 nt

233 2647 359 2711 possunt,
1098 2638 1296 2690 alternationis
1325 2638 1538 2708 altentatoeqne
1566 2641 1763 2695 minianen
1801 2646 1936 2714 cariusque

272 2732 328 2782 185.
365 2726 417 2791 Qu
434 2732 459 2782 2.
483 2728 530 2780 An
545 2727 725 2799 μεταδίδοσις
743 2727 804 2790 iiia,
823 2744 880 2796 qnia
892 2726 988 2796 Λόγος
1003 2747 1070 2797 pro·
1098 2730 1218 2777 cannae
1238 2725 1368 2777 oteness·
1381 2725 1505 2793 proprio
1516 2727 1638 2780 uicissim
1655 2730 1812 2784 reddentis
1828 2739 1937 2800 propter

230 2814 328 2882 priam
345 2830 425 2865 nsum
442 2812 564 2881 plocium
587 2820 613 2866 et
632 2813 805 2881 rnaJ‘estatem
828 2822 968 2868 assumtae
990 2816 1072 2867 carni
1098 2809 1279 2877 hypostaseos
1298 2810 1473 2863 identitatem
1494 2819 1519 2864 et
1545 2813 1672 2881 ipsarum
1699 2814 1823 2867 invicem
1846 2816 1935 2868 imma·

235 2899 427 2965 communicat,
444 2898 547 2952 rectius
563 2901 685 2952 secundo
704 2899 747 2951 cel
765 2900 846 2953 tertio
865 2900 925 2953 loeo
938 2902 1011 2953 inter
1025 2919 1070 2968 pe·
1097 2895 1219 2948 Maiiam
1246 2913 1280 2948 ac
1306 2897 1502 2963 incessionem
1536 2900 1563 2951 3.
1583 2897 1744 2966 mbjcctttm.
1799 2898 1835 2954 ln
1860 2900 1934 2970 hujus

233 3002 304 3039 nera
321 2984 579 3038 communicationis
585 2987 732 3053 ponatur!
755 2985 888 3040 Formula
901 2985 1070 3041 Concordiae
1097 2980 1206 3051 macris
1224 2979 1477 3051 praedicationibus
1496 2982 1616 3052 subjecti
1640 2982 1702 3038 loeo
1726 3001 1844 3057 semiper
1866 2986 1934 3058 poni·

234 3070 314 3142 ponit
332 3071 394 3125 loco
412 3072 509 3139 tertio,
535 3070 602 3141 quia
621 3069 674 3125 hoc
700 3088 789 3142 genus
812 3077 845 3126 ut
868 3072 985 3127 maxime
1005 3090 1068 3127 con·
1096 3073 1142 3119 tur
1159 3082 1311 3137 pronomen
1327 3083 1463 3136 pertonce
1483 3067 1541 3122 cive
1560 3072 1693 3124 enatura
1711 3069 1815 3127 diviua
1831 3072 1889 3126 aive
1902 3072 1933 3125 sb

229 3163 387 3228 xtraversum
406 3155 545 3228 copiosius
565 3161 625 3212 arat
641 3158 866 3227 pertractandum
886 3166 914 3213 et
932 3159 1069 3229 explican-
1097 3151 1218 3206 humana
1236 3154 1294 3208 sive
1314 3154 1342 3215 ἐξ
1362 3151 1479 3222 ὑψηλῶν
1497 3154 1555 3210 sive
1575 3172 1608 3209 ex
1626 3158 1771 3211 ταπεινῶν
1790 3157 1843 3213 fist
1859 3159 1933 3213 deuc-

234 3242 315 3311 dum,
335 3242 385 3297 sed
403 3243 427 3296 si
444 3250 561 3298 naturae
579 3242 704 3297 ordinem
722 3244 859 3314 respicere
877 3244 1007 3314 velimus,
1027 3263 1069 3299 ac·
1096 3237 1225 3306 minflfi⁰s
1239 3238 1307 3292 ‘³5'ss
1326 3238 1362 3293 ab
1388 3245 1505 3311 uimque
1527 3240 1729 3297 deuotum·
1769 3243 1845 3300 Cum
1869 3245 1933 3299 enim

235 3331 326 3382 cundo
344 3326 406 3382 looo
423 3328 582 3398 ponendum
602 3328 667 3396 erit,
692 3329 758 3400 quia
776 3336 877 3384 natura
894 3330 1015 3385 humana
1041 3330 1070 3384 in
1097 3323 1222 3378 Christus
1239 3341 1295 3378 non
1313 3324 1350 3379 sit
1367 3323 1449 3380 homo
1467 3331 1577 3380 tantum
1588 3343 1640 3382 nec
1651 3327 1731 3383 Deus
1749 3335 1872 3400 tantm
1890 3331 1932 3386 ssd

234 3411 463 3485 operibusoiiicii
479 3430 534 3468 non
552 3412 641 3469 solum
657 3415 810 3469 secundum
829 3416 987 3472 essentiales
1006 3434 1069 3472 suas
1095 3407 1196 3466 DEUS
1217 3416 1245 3465 ct
1263 3410 1358 3480 bomo,
1386 3409 1587 3485 radasponae,
1607 3413 1678 3480 sideo
1704 3413 1741 3469 de
1761 3433 1823 3472 una
1840 3416 1932 3471 Christi

234 3499 431 3569 proprietates,
455 3500 609 3554 sedetiam
630 3501 712 3571 juxta
736 3499 852 3571 gloriam
875 3501 996 3556 divinam
1019 3519 1070 3574 per
1096 3512 1214 3564 persona
1237 3502 1266 3550 et
1289 3496 1384 3551 divina
1406 3502 1435 3552 et
1460 3497 1581 3554 humana
1604 3501 1825 3572 praedicantur,
1851 3520 1933 3576 neque

234 3581 438 3654 hypostaticam
458 3585 599 3640 unionem,
613 3585 667 3640 sibi
690 3586 918 3642 communicatam
942 3588 1014 3660 agc't,
1039 3596 1071 3644 ut
1096 3582 1217 3649 immi,
1237 3599 1270 3635 ἐν
1289 3600 1346 3652 ννα
1366 3584 1492 3638 Glm'tiw
1511 3586 1667 3641 cubetantia
1685 3590 1864 3658 nominant,
1880 3608 1934 3644 αισι

235 3684 286 3721 suo
303 3668 364 3723 looo
382 3668 491 3738 plenius
512 3669 674 3739 docebitur,
691 3671 766 3726 unda
783 3673 898 3743 quidam
915 3689 949 3727 ex
968 3675 1069 3729 nostris
1096 3668 1325 3737 inreparabiliter
1336 3678 1463 3723 manente
1482 3672 1588 3724 aniate
1603 3688 1744 3740 perronae
1764 3677 1843 3730 mm
1860 3678 1896 3730 sit
1912 3686 1934 3729 et
1944 3692 1982 3734 ιιι

234 3752 299 3807 libri
319 3754 465 3823 symbolioi
486 3756 679 3811 auctoritatem
697 3757 786 3812 secuti
803 3758 886 3812 tmtio
909 3759 985 3828 loco,
1011 3760 1069 3831 qui-
1095 3762 1169 3807 toltit
1186 3754 1305 3808 dominic
1325 3755 1421 3809 F't'lt'cw
1434 3764 1554 3826 propter
1576 3775 1690 3812 carnem
1716 3768 1743 3814 et
1768 3756 1844 3817 mess
1865 3763 1937 3818 DEI

236 3838 301 3892 dam
313 3855 379 3893 vero
397 3845 513 3894 naturae
531 3840 621 3895 ordini
639 3849 668 3897 et
686 3843 804 3898 docendi
822 3844 1013 3914 perspicuitati
1031 3847 1072 3901 in·
1097 3841 1125 3893 F
1123 3840 1190 3892 iliu&
1204 3849 1325 3909 propiet·
1342 3859 1428 3895 uttam
1444 3851 1505 3895 cim
1523 3845 1611 3898 Patre
1629 3847 1783 3916 deitatem,
1802 3855 1836 3903 ut
1854 3848 1935 3920 loqui·

235 3924 364 3979 sistentes
383 3925 505 3981 secundo
526 3924 586 3981 loco
604 3926 673 3981 illud
691 3936 807 3998 ponunt,
827 3947 898 3999 quae
917 3930 1071 4002 diversitas,
1096 3933 1142 3979 tur
1159 3926 1217 3980 110⁰
1236 3925 1324 3997 Epict-
1343 3932 1383 3982 41·
1420 3927 1467 3981 Ab
1485 3927 1538 3983 hcc
1554 3931 1693 3986 sententia
1712 3932 1832 3990 minime
1851 3935 1881 3988 in
1899 3933 1935 3987 di·

234 4026 297 4064 cum
321 4027 376 4064 non
403 4017 552 4065 concernat
577 4028 635 4066 rem
662 4013 768 4084 ipsam,
796 4015 932 4070 neminem
959 4017 1073 4073 turbare
1097 4011 1332 4080 vertumtbcunt,
1350 4012 1398 4083 qui
1411 4014 1529 4084 subjecti
1546 4015 1607 4071 loco
1626 4019 1801 4091 quandoque
1819 4021 1887 4091 poni
1900 4019 1935 4074 di-

234 4096 325 4152 debct
1097 4105 1165 4152 cunt
1188 4107 1346 4152 concretam
1370 4108 1505 4170 noturus,
1533 4102 1600 4173 quia
1622 4119 1723 4160 nomen
1747 4115 1935 4176 personasel

1097 4189 1256 4238 concretum
1280 4191 1397 4240 naturae
1420 4186 1533 4242 realiter
1558 4206 1614 4244 non
1639 4189 1787 4249 differunt
1823 4193 1935 4260 Quando

1097 4269 1170 4324 enim
1183 4269 1212 4324 in
1222 4269 1275 4324 hoc
1287 4270 1376 4341 primo
1390 4289 1491 4343 genere
1505 4274 1619 4344 ponitur
1631 4282 1798 4335 cornetum
1816 4286 1934 4341 naturae.

1095 4361 1155 4409 tum
1179 4374 1235 4411 non
1258 4357 1421 4428 intelligitur
1444 4363 1544 4414 natura
1566 4360 1596 4415 in
1619 4361 1780 4431 abstracto,
1809 4367 1862 4424 ssd
1883 4373 1935 4421 tata

991 4451 995 4458 “
1095 4457 1221 4510 persona,
1233 4459 1305 4512 quae
1315 4449 1380 4514 post
1391 4444 1496 4500 iactam
1509 4445 1728 4504 incarnationem
1742 4468 1806 4508 non
1821 4453 1934 4524 amplius

1096 4531 1138 4581 est
1155 4528 1317 4597 n'mplec,⁸
1309 4546 1337 4583 ιιι
1357 4546 1415 4584 una
1438 4536 1547 4586 mutum
1571 4539 1672 4588 natura
1696 4535 1867 4604 subsistens,
1890 4538 1935 4593 sed

513 4593 687 4689 ΟΔΡΠ
723 4594 784 4656 xl.
1097 4611 1238 4682 σύνθετος,
1259 4616 1422 4684 composita,
1441 4616 1507 4689 quia
1523 4615 1570 4672 hic
1589 4637 1646 4674 non
1662 4620 1698 4676 dc
1714 4620 1835 4679 DEO’
1818 4624 1935 4698 scriptos,

233 4746 303 4814 oa
332 4747 507 4814 raino
535 4712 761 4816 canaan
792 4750 1070 4818 connom-
1096 4697 1935 4862 ,ssffflffiiiiiiini‘iuiiipistis-‘ibiibi

283 4846 561 4916 CATIONIS
594 4849 930 4920 IDIOMATUM
963 4855 1021 4921 IN
1097 4871 1154 4925 mul
1173 4878 1215 4927 est
1234 4870 1473 4943 Demethomo,
1503 4878 1871 4961 trpeomsetssrsnplo.
1891 4881 1935 4935 Ad

544 4951 758 5018 SPEOIE
1096 4957 1149 5012 hoc
1166 4957 1285 5027 primum
1303 4975 1391 5029 genus
1408 4960 1665 5018 communicationis
1682 4956 1854 5027 1ἰιίίοιιιινιιι
1870 4968 1935 5024 tales

1095 5040 1296 5111 propositiones
1310 5042 1464 5113 pertinent:
1484 5051 1507 5101 1.
1523 5063 1587 5102 cum
1598 5047 1703 5105 idioma
1713 5050 1847 5109 divinum
1861 5069 1936 5125 prae·

106 5139 205 5181 mnan
272 5125 328 5176 186.
364 5119 462 5175 'Phasis
489 5127 517 5175 l:
548 5122 676 5175 Primum
702 5140 788 5191 penna
815 5125 1071 5179 communicationis
1097 5126 1205 5183 dicatur
1224 5128 1259 5184 de
1276 5127 1385 5184 Christo
1403 5131 1593 5205 dissipium,
1613 5141 1645 5189 ut
1663 5135 1768 5194 Matssr
1789 5144 1832 5210 28,
1850 5156 1877 5196 r.
1894 5147 1935 5196 23

107 5201 209 5283 affl„
235 5205 402 5261 idiomatum
420 5215 467 5275 est,
486 5225 540 5276 φιν
559 5209 703 5278 utriusque
721 5211 972 5279 natnroepropria
985 5229 1070 5281 prae-
1097 5215 1179 5280 Ecce,
1198 5232 1248 5282 epo
1268 5215 1405 5269 sobnam
1427 5234 1489 5270 snm
1505 5219 1631 5272 omnibns
1649 5221 1758 5277 dicam
1792 5232 1816 5283 1
1835 5213 1895 5282 Gor
1914 5233 1934 5294 8,

105 5295 204 5335 nisano·
235 5290 368 5345 dicnmm
388 5295 424 5346 de
443 5292 548 5346 Christi
560 5309 694 5361 persona.
732 5293 813 5349 Circa
836 5294 887 5350 hoc
911 5313 1000 5368 genus
1022 5315 1069 5353 no·
1096 5317 1120 5353 v.
1136 5305 1164 5353 6.·
1189 5301 1264 5354 Unus
1277 5303 1417 5355 Dominae
1428 5304 1513 5357 Jesna
1527 5303 1654 5359 Christus
1655 5314 1934 5378 ,peronnensis

106 5346 219 5441 affl?
234 5376 333 5431 tanda.
360 5385 382 5433 1.
402 5381 463 5449 ejus
473 5381 710 5450 fundamentum,
729 5382 804 5451 quod
822 5380 912 5438 Form
933 5382 1068 5442 concord.
1096 5392 1121 5438 et
1138 5404 1258 5455 nospes·
1273 5387 1374 5456 ipsnm.
1411 5394 1434 5444 2.
1454 5389 1515 5445 Cor
1539 5396 1615 5460 1³,r
1616 5398 1673 5447 .5·
1702 5394 1793 5450 Jemss
1812 5398 1935 5454 cneum

233 5461 412 5519 iudcelarat.
433 5471 483 5519 art.
508 5465 543 5520 de
567 5465 852 5539 personaOhristip.
873 5475 930 5526 170.
956 5470 999 5525 his
1022 5488 1067 5531 sx-
1096 5472 1219 5527 insobis
1241 5482 1290 5529 eet
1325 5474 1385 5532 Col
1403 5479 1436 5543 3
1464 5493 1488 5531 v.
1510 5483 1556 5532 ll:
1584 5478 1773 5535 Omniuet
1759 5501 1791 5538 ιιι
1815 5486 1935 5540 οιιιιιιόιιι
