3984 6022
646 258 698 314 DE
715 257 891 318 PERSONA
908 257 959 314 ΕΤ
976 258 1128 316 orriolo
1145 260 1307 319 CHRISTI.
1745 272 1804 330 589

106 405 145 461 nt
163 410 276 478 postes:
309 407 385 462 Unus
402 416 443 463 est
461 416 487 464 st
504 410 556 466 boc
573 419 599 468 et
619 412 696 468 iilud
714 414 848 468 ιιιίιιιιι
866 413 946 467 τοῦτο
973 415 1031 468 nia.
1067 412 1126 470 Leo
1144 430 1224 470 serm.
1246 421 1266 470 1.
1294 414 1329 470 de
1353 431 1439 487 pass:
1465 417 1526 471 Nec
1551 418 1667 470 Verbum
1690 417 1732 471 ibi
1748 420 1806 471 dis-

104 491 219 549 κᾶκιΐνι
244 492 285 549 sir
309 498 354 548 sai
381 494 467 557 οὕτως
485 496 617 560 tetresse
633 497 694 568 ἤτοι
714 503 815 560 tetris
833 501 879 552 και
897 497 945 552 ἄν·
963 500 1094 569 junctum
1124 509 1164 555 est
1190 503 1226 555 ab
1254 501 1375 569 bomine,
1407 517 1457 556 nec
1485 501 1565 555 bomo
1592 504 1761 558 dissociatus
1787 521 1806 558 o

105 587 265 653 θρωνιινως,
281 584 372 636 θέλων
391 585 437 635 και
456 585 585 656 ἐνεργῶν.
604 586 690 638 Duas
707 584 946 654 ipiturirsppsior
974 586 1071 639 Verbo.
1106 588 1173 640 Non
1198 594 1239 640 cst
1257 588 1400 654 fastidita
1420 584 1575 657 humilitas,
1603 590 1670 657 quio
1689 606 1738 641 nec
1756 591 1805 642 im·

105 667 137 720 in
158 666 270 722 cbristo
288 669 436 723 adstruere
453 672 642 725 necessarium
662 680 784 742 propter
804 671 944 742 duplicem
969 673 1076 725 minuta
1100 673 1249 743 majestas,
1274 673 1401 742 uibitoue
1424 673 1519 727 nocuit
1542 681 1662 727 naturae
1686 674 1806 728 inviota-

106 759 256 824 naturum,
280 752 328 808 διὰ
348 750 379 808 rb
404 756 498 812 διττὸν
516 758 561 826 τῆς
578 755 697 830 φύσεως.
732 761 808 813 Nam
827 776 944 828 otiorum
970 759 1029 824 bili,
1047 761 1125 829 quod
1141 759 1286 830 oportebat
1298 759 1405 827 inferri
1415 759 1558 830 possibibi,
1578 767 1716 830 totumque
1730 761 1807 814 illud

46 846 92 894 B.
105 846 213 894 namra
233 840 352 910 ἀίιινιι,
371 841 487 896 diorum
507 843 621 898 diversa
640 846 723 914 aetio,
743 854 769 899 et
785 846 944 911 ιιίιιινιι,
969 853 1173 900 sacramentum
1198 855 1224 899 et
1251 846 1410 900 tamarum
1433 846 1631 900 consummavit
1657 854 1682 900 et
1704 847 1804 900 deitas.

107 912 148 979 obe
171 922 267 1000 γὰρὴ
291 924 375 999 φύσις
394 932 625 1004 παρρλλαγμένη,
653 929 758 988 τούτων
776 929 943 1005 διάριριςῆ
969 930 1058 1003 Epist.
1084 938 1131 989 st:
1167 934 1204 986 Ῑι
1231 940 1336 986 tantam
1363 932 1495 986 ιιιίιαιιιι
1522 933 1558 986 ab
1583 932 1646 1002 ipso
1671 940 1804 1001 conceptu

106 1012 241 1087 ἐνέργεια,
259 1016 305 1066 καὶ
325 1001 364 1068 ὧν
383 1011 397 1080 ἦ
416 1015 539 1087 ἐνέργεια
560 1006 785 1092 παρηλλαγμινη,
803 1015 909 1072 τούτων
927 1016 942 1084 ἡ
968 1018 1094 1086 sirpinie
1110 1019 1202 1072 dante
1225 1027 1251 1072 et
1274 1017 1434 1072 humanitas
1458 1035 1581 1071 comneno
1605 1026 1681 1082 sunt,
1704 1022 1735 1070 'ut
1754 1035 1804 1070 nec

103 1096 190 1171 φύσις
207 1096 350 1174 διάφορος.
387 1102 427 1155 lte
453 1119 467 1155 e
493 1104 615 1173 diverso,
642 1122 758 1175 quorum
779 1112 884 1159 natura
903 1111 943 1156 est
968 1104 1028 1157 sinc
1056 1103 1165 1157 bomine
1191 1104 1301 1173 diuina,
1332 1120 1382 1157 nec
1408 1103 1468 1157 sine
1493 1105 1557 1157 Deo
1583 1111 1731 1172 operentur
1754 1103 1802 1155 bu

103 1187 215 1257 eadent,
243 1202 337 1241 eorum
356 1188 439 1241 etiam
457 1188 581 1262 ἐνέργεια
599 1191 764 1255 mecedem,
785 1198 810 1244 et
826 1207 942 1260 quoram
968 1208 1061 1247 mane.
1096 1189 1286 1246 Damascenus
1307 1189 1368 1246 libr.
1388 1195 1411 1247 3.
1439 1207 1462 1247 c.
1483 1195 1511 1245 3:
1539 1184 1577 1250 εἷς
1601 1187 1634 1258 ἦν
1654 1194 1701 1244 καὶ
1719 1188 1734 1243 ὁ
1753 1188 1803 1242 ai-

103 1271 229 1347 ἐνέργεια
247 1279 363 1340 estana,
382 1284 715 1345 eorumquoquenatura
729 1285 941 1331 estuuasecun-
968 1276 1014 1338 τὸς
1039 1275 1053 1331 ὁ
1081 1281 1126 1331 ιιι
1154 1275 1186 1331 rb
1213 1283 1276 1331 θεῖα
1303 1282 1346 1330 καὶ
1378 1273 1409 1330 mi
1437 1274 1603 1352 ἀνθρώπινα
1630 1276 1749 1348 ἐνεργῶν
1773 1275 1803 1331 ἓν

103 1360 170 1411 dum
193 1358 352 1412 ἀίιίιιηιιι
376 1359 540 1430 interpretes
563 1371 671 1433 patres.
709 1363 779 1418 Cum
806 1361 882 1417 hisee
907 1379 941 1416 ex
968 1364 1082 1435 ἑκατέρᾳ
1102 1365 1201 1439 μορφῇ
1222 1364 1292 1437 μετὰ
1317 1365 1363 1431 τῆς
1386 1367 1505 1438 θαιιριυ
1524 1369 1677 1423 κοινωνίας.
1712 1380 1736 1418 c.
1757 1368 1801 1418 14:

103 1443 278 1499 Damnatam
289 1442 419 1499 adductis
432 1451 566 1501 consonat
582 1448 680 1520 regula
692 1448 940 1506 scholasticorum:
968 1455 1042 1504 θέλει
1068 1453 1113 1503 καὶ
1137 1450 1244 1522 ἐνεργεῖ
1265 1449 1295 1505 ιν
1318 1451 1432 1521 ἑκατέρᾳ
1449 1452 1548 1524 μορφῇ
1564 1446 1635 1524 μετὰ
1653 1453 1698 1517 τῆς
1717 1452 1801 1503 bari-

103 1533 198 1600 Apere
227 1538 267 1584 est
285 1532 428 1614 suppositi
445 1550 586 1602 personae
605 1551 654 1587 seu
672 1535 866 1605 hypostaseos,
890 1537 942 1589 sed
967 1557 1017 1609 ροι
1041 1540 1191 1596 κοινωνίας.
1227 1552 1250 1590 ι.
1276 1541 1314 1592 19.
1343 1535 1448 1607 allegat
1469 1535 1574 1591 dietum
1597 1534 1728 1606 Dionys:
1756 1536 1802 1588 Ea

101 1615 268 1682 somna'seu
286 1625 392 1671 notura
411 1626 450 1671 est
467 1619 573 1687 opendi
590 1638 685 1675 causa.
722 1620 795 1677 Scal.
813 1636 854 1676 ex.
875 1627 939 1679 251:
966 1622 1130 1690 bominibus,
1164 1622 1241 1676 uitro
1274 1622 1398 1677 inminse
1430 1631 1455 1676 et
1483 1628 1572 1692 aspra
1599 1622 1722 1677 nomines
1738 1635 1802 1674 vere

103 1703 236 1759 Actiones
268 1712 331 1758 nent
368 1705 572 1773 stipatorem,
608 1715 639 1761 ιιι
670 1715 735 1762 sunt
768 1708 936 1777 simpulario.
966 1708 1046 1762 bomo
1070 1709 1165 1769 sactus
1190 1715 1243 1777 est,
1276 1716 1306 1761 ut
1327 1707 1447 1776 posthac
1469 1725 1519 1762 nec
1538 1710 1688 1762 semidam
1708 1708 1800 1760 Deum

101 1787 264 1860 Philosophi
282 1788 459 1862 distinguunt
477 1791 549 1847 inter
568 1793 721 1862 subjectum
741 1795 817 1864 quod
836 1798 864 1848 ιι
877 1793 938 1845 sub-
965 1794 1063 1847 divissa
1088 1801 1231 1863 operetur,
1260 1810 1310 1847 nec
1333 1794 1485 1848 secundum
1508 1795 1646 1848 bominem
1669 1793 1799 1862 bumana,

95 1876 204 1945 jectum
223 1892 285 1945 qus.
323 1873 485 1947 Subjeotum
505 1880 583 1948 quod
599 1885 642 1934 ιιι
661 1880 752 1951 ipsum
763 1867 937 1950 suppositum
964 1882 1017 1933 sed
1042 1881 1107 1933 Deo
1133 1879 1242 1932 bomine
1268 1896 1317 1933 seu
1343 1880 1405 1934 uiro
1427 1881 1507 1945 facto
1531 1899 1630 1934 novam
1656 1880 1800 1949 mandam

100 1961 158 2017 sive
178 1960 369 2034 compositum,
388 1962 463 2033 quod
480 1971 625 2035 operatur,
650 1965 807 2037 subjectum
824 1981 879 2034 quo
896 1970 938 2018 ιιι
965 1967 1024 2019 Dei
1038 1965 1147 2019 uirilem
1161 1964 1297 2018 actionem
1309 1965 1479 2038 ιιανδριιὴν
1491 1966 1570 2021 nobis
1581 1965 1798 2019 administrarit.

101 2047 205 2120 agendi
231 2047 330 2115 vimus,
355 2065 411 2121 qua
430 2057 567 2123 operatur.
603 2051 649 2108 Sic
668 2052 698 2106 in
712 2051 764 2106 boc
782 2056 876 2105 nostro
895 2067 937 2104 ar·
964 2050 1114 2107 Commeat.
1136 2050 1342 2105 Desmaseenus
1362 2051 1399 2105 ad
1417 2050 1478 2108 libr.
1499 2057 1522 2108 3.
1544 2069 1567 2106 c.
1590 2058 1633 2108 15:
1664 2052 1798 2104 Humana

100 2139 233 2206 gumento
251 2134 407 2206 subjectum
425 2140 503 2206 quod
520 2142 563 2193 ιιι
580 2136 719 2208 Christus,
743 2153 863 2208 persons
879 2135 935 2204 illa,
964 2137 1072 2191 Christi
1095 2137 1170 2191 actio
1193 2137 1274 2190 babet
1297 2135 1423 2190 divinam
1448 2137 1576 2192 virtutem
1593 2137 1797 2209 coeffectsicsm,

99 2236 172 2292 quae
198 2224 241 2276 ιιι
258 2220 336 2277 Deus
360 2228 388 2278 et
410 2222 507 2293 bomo,
530 2223 687 2295 subjectum
705 2241 759 2294 quo
778 2230 820 2277 ιιι
836 2228 937 2277 natura
964 2224 1062 2277 diuino
1081 2223 1143 2291 ejus
1161 2222 1234 2277 actio
1255 2222 1337 2275 babet
1354 2223 1506 2276 humanam
1518 2224 1709 2293 operationem
1721 2238 1798 2276 more

98 2306 221 2362 bumana
238 2307 283 2363 vel
301 2306 403 2379 dimna,
422 2310 574 2365 secundum
592 2326 675 2381 quam
691 2309 817 2366 Christus
834 2309 936 2364 dicitur
963 2308 1106 2377 conjuncti
1134 2309 1236 2377 erponi
1260 2307 1492 2378 cooperatricem,
1522 2316 1604 2378 utque
1632 2310 1672 2362 ita
1699 2309 1796 2362 divina

98 2392 217 2464 operari,
235 2409 327 2466 agere,
345 2393 389 2450 vel
406 2395 490 2451 etiam
503 2396 570 2467 pati,
589 2394 637 2450 ubi
654 2402 747 2451 tamen
765 2396 875 2450 nomine
887 2411 935 2450 ns-
962 2394 1036 2447 actio
1071 2411 1127 2448 ιιι
1163 2401 1203 2447 est
1231 2409 1329 2463 erpere
1359 2393 1514 2460 brunones,
1555 2409 1642 2463 nepes
1673 2393 1796 2446 bumaua
1892 2394 1895 2401 '

96 2487 179 2535 utrae
196 2478 388 2552 intelliguntur
406 2480 488 2537 etiam
504 2479 773 2556 tirsiparnnatnrae.
794 2481 934 2557 ’Eripysra
962 2479 1083 2533 divinae.
1178 2553 1181 2557 .
1797 2486 1800 2491 '

97 2572 142 2621 ιιι
172 2565 233 2636 ipsa
260 2567 385 2637 operatio
407 2584 456 2624 ssu
481 2566 566 2623 motio
583 2568 628 2623 vel
648 2569 734 2644 actio,
762 2584 833 2640 quse
852 2565 933 2639 profi·
996 2571 1053 2622 287.
1091 2566 1261 2620 Antithesis:
1286 2571 1309 2621 1.
1337 2567 1545 2622 Monotbeletae
1568 2582 1652 2619 unam
1676 2571 1705 2620 ιι
1729 2581 1793 2619 ean·
1807 2578 1871 2619 ιιι·

96 2651 211 2707 cisoitur
238 2668 272 2708 ex
298 2658 399 2709 natura
425 2653 482 2708 sive
507 2654 676 2725 proprietate
701 2654 837 2723 naturali,
868 2653 934 2725 quia
960 2651 1023 2706 dem
1049 2652 1078 2705 in
1100 2650 1208 2706 duabus
1228 2650 1329 2707 Christi
1354 2652 1462 2708 naturis
1483 2650 1645 2707 statuebant
1668 2651 1792 2706 volunta·
1806 2630 1887 2671 Μ’·

96 2742 199 2792 natura
219 2737 264 2793 hic
287 2739 489 2810 consideratur,
514 2745 651 2811 quatenus
675 2739 703 2793 in
726 2756 761 2794 es
786 2745 829 2793 est
846 2738 933 2794 facul-
960 2744 1030 2807 tem,
1066 2737 1161 2808 sicque
1192 2737 1339 2793 discrimen
1368 2738 1440 2795 inter
1470 2737 1632 2807 θειηιιόι,
1669 2742 1793 2806 θέλησιν,

95 2831 140 2878 ιιι
164 2840 214 2878 seu
237 2823 279 2878 via
306 2825 454 2896 operandi,
479 2826 617 2896 ivipynpo
642 2832 685 2880 ιιι
709 2825 839 2881 effectum
858 2825 933 2897 ἔνιρ-
960 2829 1068 2900 θέιημι
1088 2828 1134 2878 καὶ
1152 2821 1183 2877 rb
1200 2822 1332 2893 θιιρτόν,
1352 2824 1476 2897 adeoque
1494 2825 1566 2881 inter
1584 2826 1726 2896 ἐνέργειαν
1747 2825 1793 2876 ιιι
1808 2832 1849 2877 111.
1862 2832 1908 2876 ιιι.

94 2915 187 2982 petar,
217 2926 303 2981 quare
326 2910 445 2967 refertur
469 2911 505 2965 sd
533 2910 606 2966 hunc
629 2911 772 2966 velillum
795 2915 931 2966 naturam.
959 2911 1133 2984 ἀπονέλισμα
1146 2909 1369 2981 confundebant,
1392 2917 1489 2966 contra
1506 2929 1575 2983 quos
1595 2910 1722 2966 habitum
1739 2908 1793 2963 fuit
1838 2919 1840 2922 ’

90 2994 280 3068 Ἀποιέιεσμα
298 3002 342 3052 ιιι
354 2990 487 3053 bifenum
505 3013 650 3052 commune
670 3014 703 3053 ex
719 2996 865 3069 utriusque
883 3013 931 3051 na·
958 2998 1104 3054 consilinm
1121 2995 1171 3053 VI.
1195 2997 1351 3053 universale
1375 2997 1427 3053 sub
1447 2997 1628 3053 Constantino
1646 2996 1682 3053 V.
1701 2996 1792 3066 Pogo-

93 3090 175 3140 turae
200 3083 359 3155 operatione
383 3083 561 3156 proveniens,
584 3083 659 3155 quod
678 3083 840 3139 Damascen
867 3083 894 3136 d.
912 3082 929 3136 l.
957 3093 1023 3142 nato
1046 3100 1069 3140 ι.
1090 3083 1119 3138 C.
1140 3088 1207 3153 681,
1230 3084 1259 3137 in
1285 3101 1340 3155 quo
1359 3085 1506 3140 demamus
1524 3083 1579 3139 fuit
1597 3083 1714 3151 Sapires
1732 3081 1800 3152 epi·

93 3174 178 3226 vocat
201 3170 341 3242 ἐνέργειαν
358 3168 534 3245 ascripserim
570 3169 714 3226 Declarari
730 3167 799 3224 haec
815 3175 932 3240 possunt
957 3190 1057 3244 scopus
1072 3167 1402 3240 constantinopolitanus,
1420 3169 1564 3225 haereseos
1580 3168 1664 3240 hujus
1684 3172 1790 3237 auctor,

94 3256 222 3333 exemplo
240 3254 371 3312 hominis:
389 3254 480 3312 Homo
498 3262 540 3312 ιιι
552 3257 681 3328 ἐνεργῶν,
699 3254 830 3311 videlicet
841 3261 930 3310 totum
957 3260 1005 3331 qui
1030 3276 1063 3314 ex
1087 3256 1193 3312 lacunis
1216 3257 1481 3327 Monopbpsitontm
1501 3262 1565 3328 post
1586 3255 1690 3311 factam
1713 3254 1791 3308 unio·

92 3342 165 3397 iilud
183 3343 364 3416 suppositum.
400 3341 434 3396 In
454 3360 510 3398 uno
528 3341 576 3396 illo
595 3341 705 3396 bomine
724 3347 766 3398 ιιι
782 3358 884 3413 corpus
904 3347 931 3397 ιι
957 3363 1021 3400 nem
1044 3360 1127 3399 unam
1152 3342 1180 3396 in
1199 3341 1309 3397 Christo
1327 3348 1456 3412 naturam
1474 3341 1655 3398 stamentium
1675 3339 1791 3396 eandem

93 3429 201 3494 anima,
224 3445 295 3500 quae
314 3434 379 3483 sunt
396 3428 554 3484 essentiales
574 3429 634 3499 ejus
653 3435 761 3498 partes,
786 3428 930 3499 utriusque
956 3430 1058 3487 bausit.
1094 3428 1184 3484 Labes
1201 3427 1287 3500 hujus
1305 3427 1403 3483 erroris
1422 3428 1458 3482 ad
1476 3427 1566 3498 ipsam
1582 3427 1674 3482 sedem
1688 3425 1790 3481 Roma·

93 3521 137 3572 ιιι
154 3520 262 3583 natura,
281 3513 338 3570 alia
360 3514 523 3586 proprietas,
542 3530 609 3586 ergo
627 3514 710 3570 etism
727 3513 783 3568 alia
795 3514 928 3584 ἐνέργεια.
957 3534 1029 3584 nam,
1048 3533 1131 3588 quam
1149 3514 1184 3570 ab
1203 3515 1277 3570 omni
1293 3530 1385 3570 errore
1401 3513 1552 3569 immunem
1569 3511 1686 3584 flagrant,
1704 3528 1788 3583 pene-

94 3600 238 3666 Quadam
265 3600 351 3674 igitur
374 3600 534 3655 tribuuntur
559 3600 612 3656 toti
640 3599 750 3654 Christo
778 3599 930 3655 secundum
956 3602 1047 3658 travit.
1092 3600 1138 3657 Sic
1170 3600 1244 3656 enim
1269 3599 1365 3656 scribit
1389 3598 1530 3654 Honorius
1555 3616 1630 3670 papa
1656 3598 1684 3652 in
1710 3596 1789 3668 epist.

93 3687 257 3743 alterutram
281 3692 403 3758 partem,
429 3686 558 3743 videlicet
575 3685 620 3742 vel
637 3686 744 3742 ratione
759 3685 868 3740 animae
885 3686 930 3742 vel
957 3688 993 3743 ad
1007 3685 1145 3758 Sergium:
1164 3688 1306 3741 intuentes
1323 3685 1394 3739 satis
1407 3684 1529 3755 provide
1545 3685 1792 3753 circumspecteque

93 3772 225 3845 corporis,
244 3773 381 3844 quaedam
398 3790 464 3828 vero
482 3773 635 3828 secundum
652 3779 800 3844 utramque
813 3777 929 3843 partem,
953 3775 1166 3840 fraternitatem
1192 3780 1313 3827 vestram
1338 3771 1485 3841 arrepsisse
1511 3771 1675 3839 modernas,
1705 3788 1791 3824 unam

92 3860 122 3915 in
140 3858 243 3933 quibus
261 3859 367 3914 scilieet
385 3865 414 3914 ιι
433 3857 541 3914 mimae
560 3863 588 3913 ιι
605 3859 727 3931 corporis
741 3865 847 3926 natura,
867 3875 929 3929 pro·
958 3861 1077 3915 Domini
1106 3859 1197 3913 nostri
1225 3859 1297 3911 Jesu
1325 3856 1432 3912 Ohrrbti
1458 3857 1627 3910 volantatem
1653 3857 1791 3926 fotsmrsr,

92 3944 206 4017 prietes,
224 3944 350 4002 efficacia
368 3950 395 4000 et
409 3944 482 4000 actio
494 3951 669 4013 concurrunt,
686 3951 718 4000 ut
729 3944 841 4015 quando
852 3944 928 3999 dieo:
956 3952 1025 4017 ete,
1046 3945 1113 4000 ibid.
1139 3943 1218 4012 dicit,
1243 3961 1298 3998 ιιι
1320 3959 1379 3997 esse
1405 3944 1594 4013 quaerendam
1620 3944 1656 3997 de
1673 3961 1732 3996 nna
1748 3943 1793 3996 est

91 4031 185 4087 Homo
202 4033 332 4105 loquitur,
350 4031 454 4100 scribit,
471 4029 550 4087 videt
566 4037 617 4086 ιιι
956 4034 1064 4087 duabus
1090 4032 1210 4101 emerpiis
1233 4029 1350 4097 Christi,
1381 4046 1440 4085 esse
1466 4029 1520 4085 itta
1546 4029 1732 4097 psammetico
1765 4034 1791 4080 ιι
1867 4054 1869 4059 v

128 4124 188 4175 286.
223 4119 313 4174 Dicta
326 4126 443 4188 patrum
461 4117 585 4172 adducta
602 4115 713 4172 suntin
731 4116 782 4172 loc.
802 4115 838 4172 de
855 4133 927 4188 pers.
952 4119 1160 4190 philosophica,
1178 4118 1249 4172 satis
1267 4126 1334 4186 esse,
1353 4117 1381 4170 si
1398 4118 1545 4172 credamus
1565 4117 1790 4184 etconfitsamur‚

93 4202 197 4260 Christi
226 4201 254 4281 ξ.
278 4211 325 4275 80,
358 4202 460 4277 quibus
488 4203 632 4277 sequentia
659 4201 778 4275 adjungi
803 4207 927 4273 possunt
955 4207 1107 4261 Dominum
1119 4207 1217 4260 ansm
1232 4203 1372 4258 Christum
1389 4222 1475 4258 unum
1487 4211 1663 4273 operatorem
1677 4200 1798 4253 divinae

90 4291 228 4348 snmus.
252 4296 320 4346 orat
346 4297 370 4346 5.
397 4296 493 4346 sonna
514 4289 648 4346 Arianos:
681 4290 797 4344 Verbum
816 4307 928 4342 manum
954 4303 979 4348 et
996 4293 1134 4347 trimanus
1150 4299 1277 4358 naturae,
1297 4298 1324 4344 et
1342 4305 1402 4343 eum
1422 4290 1452 4344 ia
1472 4289 1581 4344 aaran
1600 4286 1710 4341 naturis
1725 4301 1789 4354 ope-

90 4384 171 4432 ruom'
190 4379 336 4431 emendent
353 4375 465 4431 sanarit
479 4377 702 4445 febricitantem,
723 4392 815 4430 rocem
833 4374 927 4427 buma-
954 4387 1048 4432 ratum
1080 4376 1213 4431 dirrinitus
1241 4384 1266 4430 et
1292 4375 1459 4430 humanitus.
1510 4372 1600 4428 Addit
1625 4371 1708 4428 etiam
1735 4370 1788 4426 hoe

89 4482 160 4519 nam
186 4462 271 4517 edens
298 4462 444 4518 nonant
469 4464 624 4531 Lazarum,
652 4463 780 4515 mansbue
810 4461 870 4515 suis
898 4461 928 4514 ia
954 4469 1159 4536 argumentum:
1188 4461 1223 4516 st
1239 4461 1372 4515 dicamur
1391 4460 1567 4531 operationes
1587 4459 1676 4528 duae,
1698 4457 1789 4511 rideri

91 4567 174 4606 cruce
188 4548 334 4621 protensa
346 4550 506 4622 prostrauit
523 4551 599 4604 aens
611 4549 779 4620 principem.
807 4546 927 4618 (tyrillus
954 4550 1005 4604 boc
1019 4545 1322 4619 posseNestorianqu
1341 4547 1386 4601 sin
1404 4564 1468 4615 rma,
1487 4544 1701 4617 Eutychianum.
1732 4540 1787 4600 Sed

91 4637 174 4710 epist
197 4641 237 4691 lo.
255 4638 283 4690 ιι
301 4640 342 4692 29.
362 4637 456 4705 docet,
484 4636 659 4703 ermpeticas
676 4650 770 4702 ιιιιι,
790 4649 862 4704 quae
879 4633 930 4686 mii
954 4634 1023 4689 haec
1048 4632 1165 4688 Honorii
1197 4632 1313 4703 epistola
1338 4630 1367 4686 in
1396 4629 1469 4686 dicto
1493 4629 1620 4686 conciliox
1638 4627 1786 4685 universali

86 4738 230 4794 paeones
249 4718 355 4776 turber·
371 4720 538 4790 tribuuntur,
559 4720 636 4774 alios
654 4726 807 4789 competere
826 4718 926 4772 de‘sini-
954 4726 1030 4776 sexto
1042 4718 1095 4774 fuit
1107 4718 1248 4791 praelecta
1265 4723 1294 4773 et
1305 4716 1417 4788 publice
1430 4715 1561 4771 (ιιιιιιιι
1572 4731 1605 4770 ιι
1617 4713 1784 4770 concremari

89 4809 145 4862 tati
168 4808 245 4879 ejus,
272 4806 348 4862 aiios
371 4806 542 4862 humanitati
563 4807 640 4876 ejus,
666 4806 742 4861 abias
763 4822 829 4859 aero
848 4822 927 4860 voces
949 4808 1029 4879 jussa
1051 4809 1104 4861 aet.
1131 4811 1170 4861 13.
1205 4803 1239 4858 In
1262 4801 1418 4859 Pontificsli
1442 4802 1477 4858 de
1498 4800 1593 4858 Leone
1611 4799 1649 4855 11.
1676 4799 1786 4868 dicitis,
1809 4825 1816 4836 ·

89 4895 161 4948 dicit
178 4910 238 4949 esse
255 4894 345 4949 medii
363 4893 475 4947 ordinis
494 4910 529 4946 oc
552 4894 759 4963 quodammodo
778 4893 926 4946 communi·
953 4893 1027 4965 quod
1045 4891 1198 4962 susceperit
1215 4898 1321 4944 sestam
1334 4891 1479 4960 synodum,
1499 4889 1530 4942 in
1543 4905 1600 4957 pua
1611 4887 1789 4942 condemnati

89 4976 213 5051 catinos,
239 4970 312 5050 quae
335 4980 422 5035 simui
439 4981 481 5033 od
496 4985 656 5047 utromque,
684 4986 710 5031 et
728 4977 927 5031 inmanitatem
952 4988 1017 5033 sunt
1037 4979 1152 5048 Serpius
1170 4985 1196 5031 et
1214 4978 1372 5046 Honorius,
1395 4976 1546 5046 quianam
1564 4976 1593 5029 in
1612 4973 1723 5028 C'bristo
1742 4991 1787 5026 ιι-

89 5073 116 5119 et
134 5065 327 5134 diuinitatem,
340 5065 501 5136 resps'ciant.
536 5063 581 5119 De
600 5069 667 5119 rect.
684 5061 732 5118 fid.
751 5063 788 5117 ad
805 5059 925 5121 Theoti:
937 5039 942 5140 Ι
953 5066 1087 5118 luntatem
1107 5071 1134 5117 et
1153 5064 1343 5134 operationem
1359 5068 1523 5115 omnemne
1559 5059 1713 5115 Concilium
1732 5056 1787 5112 Ro·

90 5153 197 5207 Anima
228 5153 359 5207 anienem
387 5153 490 5207 sortita
518 5153 560 5205 od
588 5150 706 5204 Verbum
733 5150 875 5203 descendit
897 5149 1065 5233 inimanum
1093 5148 1130 5204 ab
1158 5147 1284 5205 Adriano
1315 5147 1351 5204 11.
1383 5145 1511 5202 habitum
1542 5146 1643 5202 diserte
1674 5145 1787 5215 fatetur,

89 5240 246 5308 infernmn,
279 5240 378 5294 ἀιιίιι
404 5245 494 5291 autem
523 5237 622 5290 virtute
648 5235 720 5289 dicit
745 5235 1110 5304 compeditisr'Honorium
1125 5243 1245 5306 propter
1262 5235 1407 5288 haereseos
1431 5234 1635 5287 acassationem
1658 5246 1717 5286 esse
1735 5234 1787 5285 da-

89 5326 291 5395 Eprediminit
336 5324 530 5383 Nazianzenus
559 5328 627 5377 orat.
659 5327 683 5378 ι.
714 5320 749 5376 de
777 5320 926 5394 Tisologn
952 5330 1083 5377 meatum.
1111 5320 1240 5392 Synodus
1252 5318 1318 5375 VH.
1336 5325 1387 5374 ιιι.
1406 5319 1454 5373 ult
1478 5318 1603 5375 Honorio
1622 5325 1651 5373 et
1670 5317 1785 5374 materis

92 5413 254 5482 Quaedam,
272 5430 344 5483 quas
361 5414 397 5467 de
418 5403 531 5468 Christi
543 5408 763 5478 praedicantur,
788 5426 845 5463 non
863 5417 926 5463 sunt
950 5407 1143 5466 Monotbeletis
1161 5408 1229 5463 dicit
1246 5406 1397 5462 anathema.
1435 5404 1564 5477 Synodus
1582 5402 1662 5460 VIII.
1691 5411 1743 5460 aet.
1762 5412 1785 5460 t.

87 5499 172 5556 umus
188 5506 297 5554 ιιιιινι
315 5506 435 5554 naturae
449 5494 587 5568 propria,
610 5495 663 5549 sed
679 5495 789 5564 rarique
806 5513 923 5550 commu·
950 5495 1051 5568 probat
1074 5493 1220 5566 epistolam
1242 5491 1352 5549 conessii
1372 5489 1496 5547 Romani
1521 5490 1574 5546 sub
1594 5489 1719 5547 Adriano
1740 5488 1786 5557 11,
