3984 6022
189 268 250 328 190
879 262 1001 321 LOCUS
1018 263 1199 331 QUARTUS

188 416 313 474 nundum
329 418 475 474 humanam
488 422 615 473 nahrram
633 419 713 474 nobis
731 436 787 473 non
806 423 849 473 est
867 417 1021 488 ὁμοούσιος,
1050 429 1174 474 assamta
1200 438 1220 473 a
1245 420 1323 475 iilia
1351 423 1432 476 DEI
1448 422 1563 476 ¹bomine
1586 424 1746 491 loqwnen.
1782 421 1879 475 lieren

188 507 287 559 conas
310 522 376 560 vere
400 511 495 575 patres
523 505 622 561 blicani
654 511 823 574 summunt,
855 506 908 560 boc
936 522 1020 560 sensu
1047 507 1132 559 tiores
1156 507 1289 575 theclam,
1318 513 1348 559 nt
1371 507 1429 576 ipsi
1451 508 1509 560 soti
1531 508 1566 560 ds
1589 507 1668 561 eaelo
1692 506 1827 561 meidisss
1842 507 1879 560 st

188 588 291 645 rutum
330 607 391 647 esse
432 590 510 645 Patri
547 592 697 647 meandum
735 592 858 646 divinam
893 598 1020 647 naturam
1047 595 1175 659 deantur¹
1194 601 1319 646 sarmata
1336 601 1395 646 tota
1413 591 1520 647 Cbrshti
1535 601 1561 647 et
1578 594 1729 648 distensa
1746 600 1775 646 st
1791 594 1882 646 bama·

189 673 347 746 ὁμοούσιον.
1046 681 1147 749 nacte,
1177 680 1339 734 invenerunt
1365 697 1421 733 ncn
1447 680 1585 734 bominem
1609 680 1778 734 assumsisse
1796 679 1882 743 illesm

222 768 263 818 et.
291 763 393 828 (11.1.
423 765 471 817 Aa
494 765 588 818 setim
607 767 688 818 DEI
708 765 739 819 tr
757 766 825 818 stin
841 764 858 833 ἢ
876 763 1019 837 ἐν-ἂτόμῳ
1046 769 1097 821 ssd
1114 768 1320 834 lesmorrensem,
1338 775 1364 819 et
1381 767 1433 820 lsoc
1451 767 1547 820 dieunt
1565 782 1623 820 esse
1641 768 1780 820 adversm
1790 766 1881 820 taes

189 849 339 904 inmotam
351 856 483 903 nativam
501 853 670 920 asmnrsers't,
690 860 716 905 et
734 869 773 905 an
790 861 895 905 natura
913 849 1022 904 Christi
1046 855 1117 908 ticos
1140 855 1322 923 tutissimam,
1346 870 1396 906 oen
1419 870 1483 906 vero
1501 870 1606 922 param
1631 853 1687 906 tuti
1700 852 1801 917 tistnri
1816 869 1881 905 esse

188 937 311 990 marsa
332 937 369 990 sit
386 937 573 991 indsm‘dnum.
608 936 787 993 individuum
806 937 958 1008 ‚dupliciter
976 953 1020 992 aa·
1047 958 1107 994 mus
1138 940 1292 1007 Aaeastini
1320 947 1346 992 et
1378 939 1547 1007 Hieronymi
1577 939 1744 994 attemmtate
1777 939 1883 992 mureti.

188 1021 306 1092 cipitur:
339 1027 364 1076 1.
388 1040 442 1092 pro
469 1041 538 1091 stne,
571 1027 648 1093 qnod
680 1033 720 1078 est
745 1025 894 1077 indivisum
920 1025 950 1077 in
975 1041 1020 1091 se‚·
1047 1029 1086 1080 At
1110 1026 1168 1094 illi,
1191 1026 1330 1095 inquiant,
1356 1026 1554 1080 inmanitatem
1570 1042 1692 1093 seuere,
1716 1043 1781 1079 essm
1800 1024 1882 1078 1101111-

188 1112 216 1166 3.
237 1126 294 1179 pro
316 1126 363 1178 eo,
388 1112 466 1178 qnod
485 1127 540 1179 per
563 1128 592 1164 se
616 1119 642 1164 et
666 1112 697 1164 in
715 1128 744 1164 se
764 1111 896 1163 monstrt
930 1109 1021 1165 Priori
1047 1131 1110 1167 nem
1126 1114 1244 1166 amase
1267 1112 1418 1181 loquantur
1435 1130 1501 1181 erpo
1518 1113 1574 1179 sbti,
1596 1119 1627 1165 nt
1646 1113 1702 1180 illi,
1722 1119 1749 1166 et
1767 1113 1808 1165 sie
1825 1129 1883 1166 sea-
1894 1111 1925 1152 111.

189 1212 270 1250 sensa
293 1202 393 1250 natura
418 1195 539 1252 humane
560 1197 662 1253 Christi
687 1204 729 1252 est
754 1197 939 1259 individuum,
965 1214 1021 1251 nan
1047 1200 1127 1266 tiant,
1143 1200 1195 1252 sea
1211 1199 1261 1251 isti
1275 1199 1437 1271 tinpsmram
1450 1199 1601 1269 peritiores
1620 1207 1646 1252 et
1663 1200 1751 1253 tatius
1764 1200 1882 1253 ratiorrir

189 1280 340 1352 posteriori.
376 1282 510 1353 Disputat
532 1282 586 1337 hae
609 1283 645 1337 de
666 1299 697 1337 re
714 1284 856 1354 eleganter
873 1282 1021 1341 Damasce-
1047 1285 1183 1355 loqaendi
1203 1287 1302 1339 maen
1326 1285 1406 1338 illam
1424 1294 1585 1340 oetmtatem
1605 1294 1631 1340 et
1647 1287 1768 1340 insciam
1788 1286 1885 1340 Latini

188 1385 241 1423 nus
257 1367 305 1423 lib.
325 1373 350 1423 3.
370 1368 542 1424 ortbcd.‘fid.
560 1385 583 1423 e.
599 1375 638 1433 11,
656 1369 704 1423 ubi
724 1369 792 1424 dieis
809 1368 943 1424 trifariam
956 1384 1020 1422 con·
1051 1371 1210 1441 Graecique
1239 1373 1375 1425 samonis
1408 1374 1554 1426 emendant
1583 1382 1609 1425 et
1639 1373 1800 1441 expoliant.
1833 1381 1882 1430 etc.

188 1454 303 1510 siderari
323 1461 450 1510 naturam
467 1456 629 1512 humanam:
656 1464 677 1513 1.
696 1459 764 1530 malj
784 1462 900 1525 erepta,
917 1455 965 1510 nbi
983 1454 1019 1509 ab
1048 1464 1072 1513 t.
1092 1457 1277 1512 Bellarminus
1300 1457 1360 1528 ipse
1384 1457 1437 1511 sub
1464 1456 1549 1513 finem
1572 1476 1595 1513 c.
1624 1465 1646 1513 7.
1673 1457 1799 1528 ejusdem
1822 1457 1883 1512 libri

187 1541 316 1597 omuibus
339 1541 489 1596 individuis
513 1549 641 1613 separata
662 1549 692 1596 et
716 1559 766 1613 per
789 1559 818 1597 se
838 1542 898 1597 sola
914 1548 1020 1610 specta·
1047 1543 1160 1615 phrasin
1187 1543 1264 1598 illam
1293 1543 1321 1598 in
1352 1542 1511 1614 Augustino
1539 1550 1661 1601 excusat
1708 1544 1881 1612 Aumatium

189 1634 247 1697 tur3
269 1633 293 1683 3.
306 1629 337 1681 ἐν
354 1629 436 1692 εἴδοις
454 1635 478 1684 3.
494 1632 525 1683 ἐν
542 1623 844 1702 ἀτόμῳ,ο1οο1111111111Ἰ
862 1645 918 1683 non
932 1627 1020 1697 primo
1051 1629 1164 1703 (inquit)
1187 1630 1216 1684 in
1232 1629 1344 1684 Enchir.
1369 1646 1393 1683 c.
1418 1634 1459 1684 36.
1484 1628 1518 1684 de
1536 1630 1673 1699 praedest.
1696 1634 1784 1684 sanct
1800 1646 1824 1684 c.
1844 1637 1882 1685 15.

117 1723 122 1731 “
186 1730 239 1771 aaa
256 1712 395 1779 smerde,
422 1716 470 1770 sed
488 1715 570 1771 tertio
588 1732 671 1770 sensu
690 1715 839 1770 humanam
858 1720 1021 1769 naturama
1048 1725 1075 1770 et
1101 1717 1173 1771 alibi
1196 1734 1252 1770 non
1278 1734 1348 1769 raro
1374 1717 1457 1784 dicet,
1484 1718 1566 1770 DEI
1587 1716 1697 1769 Filiam
1724 1716 1884 1769 οσοοσοτίστσ

186 1799 259 1856 lilio
275 1798 330 1856 Dei
347 1818 408 1856 asse
429 1807 594 1871 menmium,
622 1800 671 1855 nbi
688 1808 782 1875 tamen
800 1800 970 1868 notandum,
988 1797 1019 1853 τὸ
1048 1803 1193 1870 nominem,
1211 1803 1259 1855 abi
1274 1803 1385 1855 nomine
1399 1801 1519 1856 bominis
1533 1801 1883 1869 intellipitbamom'tatem

187 1883 295 1960 ἄτομον
311 1886 448 1942 hnmanae
466 1892 583 1943 neuras
601 1886 729 1942 niniam
747 1887 913 1942 considerari
930 1901 1020 1956 ροτιο,
1048 1897 1072 1945 5.
1091 1889 1197 1944 Εο11ο111
1216 1888 1298 1943 modo
1316 1905 1379 1942 cum
1397 1886 1510 1958 phrasin
1526 1887 1602 1941 illam
1622 1888 1784 1958 exposuerit
1800 1887 1882 1941 Bren-

186 1971 275 2042 primo
315 1978 452 2044 quatenus
495 1972 579 2028 habet
614 1973 755 2044 propriam
790 1979 819 2028 st
854 1972 1020 2043 peculiarem
1047 1976 1115 2039 tius,
1141 1992 1196 2029 non
1222 1981 1281 2029 erat
1306 1978 1420 2043 propter
1448 1989 1510 2041 eam
1535 1973 1750 2028 Nestorianismi
1775 1972 1881 2027 dieaei

188 2057 320 2127 ὕπαρξιν,
348 2075 383 2114 eo
411 2060 493 2114 modo
521 2059 643 2115 bumana
668 2064 769 2114 natura
791 2067 833 2114 est
854 2060 882 2112 in
905 2058 1020 2128 reliquis
1047 2062 1202 2116 scribenda.
1235 2060 1348 2116 Interim
1362 2060 1481 2114 libenter
1492 2059 1612 2114 fammur
1623 2075 1687 2113 cum
1698 2059 1812 2115 Thema
1821 2078 1848 2130 p.
1859 2066 1880 2115 3.

187 2144 359 2212 bominibus3
390 2146 513 2201 emunda
538 2155 675 2217 quatenus
705 2145 913 2201 subsistentiam
942 2162 1020 2199 suam
1048 2154 1153 2220 quaest.
1173 2156 1196 2204 1.
1217 2154 1267 2202 ert
1288 2154 1310 2203 3.
1329 2154 1357 2202 et
1375 2147 1571 2203 Beneventura
1588 2146 1634 2200 lib.
1654 2153 1678 2202 3.
1693 2154 1765 2201 sent
1782 2146 1843 2202 dist
1860 2153 1881 2201 5.

186 2231 275 2287 habet
289 2230 319 2286 in
336 2231 407 2297 alio,
434 2249 489 2303 quc
508 2233 590 2289 modo
610 2233 764 2304 posteriore
782 2238 882 2286 nanus
897 2231 1018 2285 humane
1047 2242 1152 2307 quaest.
1171 2239 1194 2289 t.
1220 2233 1388 2289 locutionem
1414 2233 1490 2287 illam
1514 2250 1572 2287 esse
1596 2235 1808 2303 quodammodo
1835 2235 1879 2286 im·

188 2316 331 2390 ἔνι’τόμῳ
350 2335 368 2373 a
386 2318 529 2374 1111111111
547 2318 575 2372 in
593 2337 672 2374 suam
692 2318 778 2390 ipsine
797 2317 961 2388 hypostasin
979 2323 1020 2371 est
1044 2321 1193 2390 propriam
1221 2337 1255 2372 ae
1276 2320 1327 2388 pie
1352 2320 1558 2388 exponendam,
1586 2337 1641 2372 non
1668 2327 1764 2372 antem
1789 2329 1882 2373 teras

187 2410 317 2460 assumta
358 2404 487 2476 Suscepit
515 2404 569 2459 Dei
600 2405 688 2460 Filius
717 2411 845 2459 natmam
871 2404 1020 2458 humanam
1047 2408 1213 2461 inritandam
1241 2405 1284 2458 cel
1315 2405 1400 2458 latins
1431 2406 1631 2458 extendendam
1664 2421 1732 2458 esse.
1784 2406 1880 2462 Sensus

186 2509 242 2547 non
264 2490 294 2546 in
316 2492 441 2561 propria
464 2493 683 2561 personalitate,
707 2491 760 2546 sed
776 2490 804 2545 in
822 2491 1021 2557 sinpnlars'tate
1047 2494 1119 2548 enim
1138 2499 1187 2559 est,
1204 2490 1329 2547 Verbum
1347 2490 1510 2545 assumsisse
1526 2490 1675 2544 humanam
1694 2497 1835 2554 naturam,
1854 2496 1880 2544 ut

186 2577 397 2641 consideratam,
415 2595 488 2649 quae
504 2577 560 2632 fuit
578 2578 730 2633 seeundum
748 2577 895 2632 emendam
913 2583 941 2630 et
959 2593 1020 2645 par·
1047 2598 1097 2651 per
1120 2579 1196 2632 illam
1223 2584 1296 2633 esset
1319 2577 1414 2644 homo,
1436 2576 1513 2631 aliud
1538 2577 1611 2632 enim
1636 2583 1680 2631 est
1698 2577 1778 2648 loqui
1796 2577 1830 2632 de
1844 2594 1881 2631 as·

186 2671 229 2720 tes
250 2681 314 2719 suas
332 2665 492 2720 essentiales
514 2664 666 2735 completa,
694 2680 786 2718 musa
807 2663 945 2735 quaedam
966 2662 1020 2716 sin·
1048 2666 1185 2720 sumtione
1211 2670 1344 2736 quantum
1364 2665 1405 2717 ad
1416 2665 1498 2733 fieri,
1521 2663 1598 2718 alind
1617 2669 1757 2734 quantum
1775 2666 1816 2717 ad
1834 2673 1881 2717 tes·

186 2749 294 2822 guni·
321 2756 350 2806 et
374 2768 394 2805 a
420 2759 520 2806 namra
537 2751 653 2805 aliorum
671 2749 812 2805 hominum
829 2750 857 2803 in
878 2749 1020 2803 individuo
1048 2753 1153 2806 minnm
1173 2751 1217 2805 rel
1235 2757 1395 2805 assumtum.

188 2855 244 2893 nan
268 2837 362 2908 specie
383 2837 619 2893 consideratarum
642 2836 785 2905 distincta,
809 2837 845 2890 ad
872 2834 1021 2890 subsisten·
1084 2844 1124 2894 91.
1161 2838 1193 2904 Q.
1211 2843 1235 2892 4.
1276 2838 1320 2890 An
1342 2837 1465 2890 hamana
1487 2835 1594 2889 Christi
1615 2844 1725 2888 natare
1749 2845 1823 2890 reete
1845 2836 1882 2890 di

191 2923 260 2979 tiam
275 2922 464 2993 recipiendam
482 2928 556 2992 apta,
574 2939 701 2993 quaeque
719 2923 858 2993 propriam
875 2938 1022 2992 personam
1049 2935 1130 2980 eatur
1141 2923 1239 2994 Λόγου
1253 2924 1484 2977 instrumentum!
1501 2921 1772 2994 Frequentissimum
1785 2923 1837 2978 hoc
1847 2928 1884 2978 est

189 3009 386 3077 constituisset,
405 3007 459 3064 nisi
478 3009 507 3063 in
520 3009 604 3064 aliam
617 3008 770 3063 ὑπόστασιν
781 3008 879 3063 fuisset
891 3014 1021 3062 assumta
1049 3012 1077 3066 in
1100 3009 1241 3082 patribus,
1268 3010 1317 3081 qui
1339 3009 1491 3080 respiciunt
1514 3010 1551 3064 ad
1576 3024 1661 3079 opera
1679 3009 1842 3065 mediatoris
1859 3014 1884 3063 et

189 3096 286 3152 Tbcrn
305 3115 333 3166 p.
350 3100 374 3154 ³.
397 3112 424 3167 q.
442 3101 466 3150 1.
488 3100 540 3149 art.
559 3100 588 3150 3:
617 3095 680 3148 Hoc
709 3113 807 3148 nomen
832 3095 912 3148 tomo
937 3094 1023 3160 sipri-
1050 3097 1259 3169 ἀποτελέσματα
1277 3095 1377 3164 officii,
1402 3112 1473 3165 quae
1491 3094 1615 3150 Christus
1641 3093 1670 3148 in
1697 3111 1802 3162 carne,
1826 3113 1882 3150 cun

185 3185 257 3254 fleat
278 3184 429 3236 bertanem
450 3190 595 3246 astaram,
620 3190 708 3250 prom
729 3190 798 3235 nata
816 3189 856 3234 est
873 3182 903 3234 in
922 3197 1024 3249 sappo·
1050 3201 1133 3240 carne
1150 3190 1178 3238 et
1195 3199 1245 3252 per
1263 3199 1374 3237 carnem
1392 3188 1529 3251 operatur,
1547 3180 1597 3236 sed
1614 3180 1775 3235 necessaria
1787 3180 1883 3236 addan·

187 3271 244 3338 ¹sito
264 3286 331 3324 esee.
1051 3272 1130 3333 dum,
1148 3268 1223 3340 quod
1243 3284 1307 3322 caro
1326 3268 1362 3322 sit
1382 3265 1503 3340 ὄργανον
1520 3264 1620 3336 Λόγου
1638 3284 1696 3319 non
1716 3276 1882 3337 separaum

225 3362 267 3413 at.
301 3357 354 3423 Qu.
373 3361 397 3414 ³.
428 3357 476 3410 An
499 3362 571 3408 reete
596 3356 725 3423 dicatur,
748 3356 825 3423 qnod
849 3354 943 3407 Filius
966 3353 1026 3406 Dei
1050 3357 1099 3410 sed
1120 3355 1312 3424 personaliter
1336 3355 1364 3407 ei
1385 3355 1492 3406 unitum
1515 3370 1549 3407 ac
1571 3348 1801 3423 inseparabiliter
1824 3370 1882 3408 con·

190 3444 352 3499 asmmserit
371 3444 528 3496 bominem!
548 3441 734 3496 Bellarminus
753 3441 801 3495 lib.
821 3447 846 3497 3.
867 3439 1024 3494 deChristo
1046 3444 1188 3513 junctum,
1216 3457 1268 3496 nec
1296 3437 1398 3512 ἔεργον
1417 3449 1443 3492 st
1462 3440 1593 3506 otiosam,
1618 3438 1668 3493 sed
1694 3436 1837 3511 σύνεργοτ
1859 3447 1884 3493 st

190 3548 216 3586 c.
241 3537 263 3587 1.
293 3529 345 3584 hoc
371 3528 481 3583 nomine
507 3527 717 3583 Nestorianismi
741 3533 854 3582 accusat
870 3526 1024 3581 Brentium.
1051 3535 1202 3595 actuosum,
1223 3534 1254 3581 nt
1274 3542 1324 3581 suo
1341 3526 1403 3581 loco
1421 3525 1529 3596 patebit
1547 3524 1664 3595 plenius.
1703 3523 1785 3580 Serio
1805 3526 1883 3598 igitur

190 3617 324 3683 Notabis,
341 3615 444 3686 inquit,
464 3615 495 3667 in
512 3615 603 3667 oss-dis
620 3613 735 3666 Brentii
751 3613 938 3666 Nertorianas
957 3614 1024 3667 ittae
1051 3613 1250 3683 improbamus,
1274 3612 1349 3683 quod
1366 3610 1550 3668 Bellarminns
1566 3611 1793 3666 nestoriauiaaus‘
1804 3612 1851 3668 lib.
1861 3617 1882 3667 3.

186 3703 315 3771 phrases,
333 3701 426 3754 attere
440 3702 522 3753 DEI
531 3708 572 3753 est
591 3700 621 3751 in
632 3699 698 3765 filio
711 3699 836 3766 Mariae,
855 3700 918 3752 mem
931 3699 1025 3752 Filius
1052 3701 1086 3754 de
1104 3699 1212 3754 Christo
1230 3716 1254 3753 c.
1277 3706 1313 3754 10.
1333 3695 1360 3773 ξ.
1381 3704 1419 3753 ts.
1439 3696 1639 3753 humanitatem
1656 3696 1763 3753 Christi
1784 3698 1884 3754 mutat

190 3789 272 3843 DEI
292 3789 422 3840 asseruit
445 3787 534 3851 filiam
554 3787 682 3839 bominis.
718 3784 806 3855 Atqui
832 3791 854 3840 1.
878 3785 955 3854 apud
979 3801 1025 3838 ve·
1051 3802 1114 3840 cum
1135 3785 1317 3840 instrumento
1337 3790 1465 3854 separato
1484 3790 1512 3838 et
1531 3782 1651 3854 passivo.
1678 3781 1830 3854 Etiamsi,
1848 3785 1883 3839 111-

189 3880 263 3930 ures
280 3873 349 3929 haee
367 3872 476 3943 phrasis
495 3873 605 3942 saepius
621 3872 749 3940 manmit,
767 3872 809 3926 sic
822 3871 894 3925 enim
908 3872 1025 3942 loquun·
1052 3871 1125 3943 quit,
1145 3870 1240 3923 omnia
1258 3871 1369 3923 omnino
1388 3870 1481 3922 demas
1496 3887 1552 3937 per
1569 3869 1775 3924 hunranitatem
1796 3878 1884 3939 aperit

191 3969 238 4018 tur
266 3959 424 4032 Cyprianus
453 3976 533 4014 sam.
562 3957 596 4012 de
615 3957 711 4013 idclcr.
732 3957 868 4021 vanitate»
894 3958 1025 4012 irenaeus
1052 3967 1077 4010 et
1103 3958 1239 4011 attributa
1266 3956 1360 4009 omnia
1387 3955 1418 4007 s'n
1444 3955 1553 4008 actione
1572 3954 1772 4022 continerent,
1799 3957 1884 4010 adhuc

191 4048 266 4119 apud
289 4046 509 4113 Theodoram,
537 4043 672 4115 Origenes
693 4043 785 4098 homil.
807 4049 848 4100 te.
871 4043 900 4096 in
924 4042 1023 4097 Matth.
1051 4060 1107 4095 non
1120 4051 1216 4111 posset
1236 4042 1296 4095 diei
1312 4040 1470 4094 tranantem
1490 4041 1670 4109 omnipotens,
1689 4044 1884 4113 omnisapiens,

189 4134 314 4189 Hilarius
332 4132 395 4189 libr.
413 4138 436 4189 3.
461 4132 496 4186 de
516 4130 644 4185 'lhinitat
664 4129 835 4184 Athanasius
852 4129 928 4199 apud
946 4128 1025 4200 vigi·
1051 4145 1138 4197 neque
1160 4128 1232 4180 enim
1258 4127 1378 4196 epitheta
1400 4143 1501 4178 cassas
1524 4126 1700 4196 principales
1727 4129 1884 4183 coaoeaiw

101 4198 109 4217 ⁵
189 4221 257 4276 lium
276 4220 426 4290 Martyrem
444 4218 473 4271 in
492 4216 607 4287 exposit.
627 4215 707 4280 fidei,
737 4216 899 4272 Ambrosius
919 4214 980 4269 libr.
1000 4221 1024 4270 t.
1051 4215 1247 4282 instromenta,
1275 4212 1398 4281 alioqui,
1423 4230 1485 4265 cum
1509 4213 1571 4280 qais
1593 4212 1674 4266 docte
1699 4221 1728 4267 et
1749 4215 1884 4284 rapiens

191 4307 300 4364 deiide
320 4324 344 4362 c.
363 4313 387 4362 b.
422 4304 597 4376 Augustinus
622 4303 685 4360 libr.
706 4310 728 4360 1.
754 4304 790 4358 de
806 4302 936 4357 minitat.
958 4318 980 4355 c.
1002 4308 1024 4357 1.
1051 4301 1190 4368 scriberet,
1208 4299 1336 4352 calamus
1354 4299 1453 4351 doetus
1472 4306 1498 4351 et
1515 4298 1628 4368 sapiens
1646 4300 1800 4354 amamur.

193 4394 300 4449 Auctor
314 4393 379 4448 libri
398 4393 434 4447 de
456 4407 546 4463 agane
563 4389 666 4445 Christi
683 4407 708 4444 c.
730 4395 769 4446 11.
788 4395 817 4443 et
835 4388 883 4443 alii
901 4389 1024 4458 complu·
1086 4394 1127 4444 98.
1156 4384 1194 4453 Q.
1215 4393 1239 4441 5.
1275 4385 1323 4438 An
1351 4382 1477 4437 Christus
1504 4386 1654 4438 secundam
1672 4386 1827 4442 burrianum
1841 4404 1883 4440 no·

190 4497 249 4547 rss;
274 4485 297 4534 2.
317 4480 404 4534 11111111
419 4479 518 4534 eadem
535 4477 655 4533 'I'hcmas
676 4477 803 4547 Aquinas
822 4481 916 4546 (quem
934 4475 1025 4545 ponti-
1051 4482 1142 4527 taram
1159 4473 1196 4525 sit
1214 4478 1352 4524 mentera.
1389 4468 1486 4524 Ariani
1505 4470 1715 4526 contendebant
1729 4472 1832 4544 Λόγον
1848 4487 1882 4526 το

189 4566 236 4623 fex
254 4565 396 4620 Romarm
416 4565 446 4619 in
464 4582 609 4620 numerum
631 4569 789 4618 sanemrnm
807 4562 914 4634 retulit)
932 4561 962 4616 in
978 4578 1025 4616 aa·
1051 4560 1227 4621 eundumne,
1246 4557 1330 4613 etiam
1346 4573 1402 4610 non
1421 4563 1544 4611 assumta
1561 4556 1682 4613 humans
1700 4566 1815 4630 namn,
1832 4574 1884 4616 esse

190 4659 247 4708 ten.
271 4667 357 4707 aurea
382 4667 466 4721 super
489 4666 588 4722 evang.
613 4657 642 4704 et
665 4666 693 4719 p.
711 4655 733 4704 3.
757 4654 863 4720 quaest.
884 4655 909 4705 t.
929 4653 980 4702 art.
1000 4655 1024 4703 3.
1037 4634 1206 4733 leresturem
1238 4643 1342 4698 factam
1381 4660 1414 4698 ex
1451 4642 1556 4711 nihilo,
1596 4642 1675 4698 Patri
1711 4661 1884 4718 nequaquam

191 4739 304 4810 qundo
320 4745 421 4807 patres
449 4736 546 4790 mecm
570 4736 678 4790 biliam
696 4735 779 4788 DEI
797 4734 960 4788 assamnsse
978 4734 1025 4786 bo
1051 4731 1217 4806 ὁμοοὺσιον,
1242 4729 1304 4785 ideo
1325 4734 1432 4785 veteres
1452 4734 1568 4801 propter
1585 4730 1757 4786 Arianorum
1776 4732 1884 4788 insidias

191 4827 301 4893 runem
319 4831 384 4879 ensa
401 4839 500 4876 acmen
517 4823 597 4876 bomo
617 4820 757 4889 merificat
775 4820 926 4874 bnmanam
944 4828 1025 4873 nata·
1050 4821 1207 4890 rejecerunt
1216 4816 1288 4872 hanc
1300 4815 1527 4886 propositionem:
1548 4816 1675 4874 Christus
1694 4826 1737 4871 est
1749 4828 1883 4874 ereatura

192 4930 269 4973 ram.
290 4918 379 4982 proed
403 4917 473 4963 nata
498 4909 587 4962 estin
603 4907 750 4977 mpposito
768 4924 841 4969 essm
877 4914 899 4962 3.
917 4906 1026 4964 Ludcv.
1050 4906 1105 4962 Sed
1135 4910 1246 4976 propter
1275 4900 1499 4972 Suenkfeldium,
1529 4901 1578 4973 qui
1604 4902 1720 4975 negarit
1748 4901 1884 4961 Christum

193 4998 278 5056 Vives
295 4997 324 5053 in
338 5011 436 5052 samm
455 4993 518 5049 libr.
537 4999 560 5048 3.
580 4994 615 5048 da
632 4992 705 5048 civit
722 4991 776 5048 Dei
799 5010 823 5046 c.
843 4998 883 5047 11.
904 4992 1025 5063 graviter
1050 4991 1143 5063 quoad
1172 4989 1321 5045 humanam
1345 4995 1472 5044 natmam
1496 5004 1556 5044 esse
1580 4995 1753 5060 creaturam,
1780 4991 1812 5046 in
1830 5007 1885 5047 eon-

190 5083 328 5140 inrehimr
344 5082 375 5137 ia
388 5097 446 5146 ecs,
462 5079 510 5152 qui
526 5078 563 5135 cb
580 5095 661 5135 nsum
678 5079 762 5150 hujus
780 5077 910 5148 phraseos
927 5079 1024 5135 Nesto-
1050 5084 1135 5132 ventu
1154 5075 1372 5133 Schmelcaldieo
1391 5092 1434 5130 en.
1462 5081 1533 5131 1531.
1550 5074 1620 5131 haee
1638 5073 1750 5146 phrasis
1770 5075 1884 5135 decbri-

191 5169 313 5224 riaaiani
328 5169 399 5224 alios
416 5173 559 5226 acamant.
594 5166 770 5234 Aneuniates
789 5165 897 5233 (inquit)
911 5174 938 5219 et
955 5167 1024 5220 His·
1050 5170 1093 5218 sto
1131 5162 1283 5216 secundnm
1321 5158 1471 5216 humanam
1501 5167 1628 5216 naturam
1661 5161 1718 5217 tuit
1748 5170 1884 5236 usurpata

191 5271 323 5322 romanu
339 5263 365 5310 st
384 5254 489 5308 meteri
504 5253 604 5306 latini
621 5253 774 5322 scriptores
785 5260 898 5306 nore-ae
910 5253 1024 5325 religia·
1051 5249 1247 5318 [reprobamus
1274 5246 1425 5317 (inquiunt)
1451 5245 1631 5314 Snenlrfeidii
1649 5248 1789 5304 delirium
1806 5260 1832 5305 et
1847 5250 1884 5304 di·

192 5340 237 5397 sut
270 5340 382 5407 darm,
419 5341 496 5410 quod
531 5339 661 5394 Duos
689 5340 851 5393 msnnmerit
880 5337 1138 5437 hommemycimns
1160 5335 1310 5387 bumarsam
1335 5341 1467 5387 naturam
1490 5335 1520 5387 in
1541 5333 1652 5388 Christo
1680 5342 1708 5388 et
1731 5344 1885 5392 mammet

194 5425 302 5483 araxi
324 5423 476 5500 ἄνθρωπον
499 5427 529 5480 in
556 5425 667 5479 (cbristo
684 5427 795 5492 dieunt,
821 5426 855 5479 iol
873 5433 913 5479 est
938 5425 1024 5480 bomi-
1049 5439 1109 5478 esre
1131 5429 1305 5488 maumam,
1329 5419 1520 5483 cthdannss
1538 5421 1645 5490 manet:
1681 5422 1803 5479 Vadam
1822 5440 1885 5481 uro

193 5529 264 5583 amr,
278 5513 407 5579 acastre
425 5520 528 5569 annui
543 5511 626 5568 ausa
643 5512 779 5583 10Μῶ
795 5529 888 5582 oenus,
906 5530 967 5567 cura
988 5513 1023 5567 de
1043 5513 1159 5579 sactum
1173 5514 1222 5561 eet.
1270 5586 1272 5590 .
