<?xml version="1.0" encoding="UTF-8"?>
<!DOCTYPE html PUBLIC "-//W3C//DTD XHTML 1.0 Transitional//EN"
    "http://www.w3.org/TR/xhtml1/DTD/xhtml1-transitional.dtd">
<html xmlns="http://www.w3.org/1999/xhtml" xml:lang="en" lang="en">
 <head>
  <title>
</title>
<meta http-equiv="Content-Type" content="text/html;charset=utf-8" />
  <meta name='ocr-system' content='tesseract 3.04.00' />
  <meta name='ocr-capabilities' content='ocr_page ocr_carea ocr_par ocr_line ocrx_word'/>
</head>
<body>
  <div class='ocr_page' id='page_1' title='image "./locitheologicic00gerhgoog/locitheologicic00gerhgoog_0304.png"; bbox 0 0 3984 6022; ppageno 0'>
   <div class='ocr_carea' id='block_1_1' title="bbox 745 302 1755 374">
    <p class='ocr_par' dir='ltr' id='par_1_1' title="bbox 745 302 1755 374">
     <span class='ocr_line' id='line_1_1' title="bbox 745 302 1755 374; baseline 0.009 -9"><span class='ocrx_word' id='word_1_1' title='bbox 745 308 798 365; x_wconf 86' lang='lat' dir='ltr'><strong>DE</strong></span> <span class='ocrx_word' id='word_1_2' title='bbox 815 303 977 367; x_wconf 79' lang='lat' dir='ltr'>NATURA</span> <span class='ocrx_word' id='word_1_3' title='bbox 992 302 1069 363; x_wconf 84' lang='lat' dir='ltr'><strong>DEI.</strong></span> <span class='ocrx_word' id='word_1_4' title='bbox 1695 309 1755 374; x_wconf 76' lang='grc'><strong>115</strong></span> 
     </span>
    </p>
   </div>
   <div class='ocr_carea' id='block_1_2' title="bbox 50 456 1881 5705">
    <p class='ocr_par' dir='ltr' id='par_1_2' title="bbox 50 456 1881 5631">
     <span class='ocr_line' id='line_1_2' title="bbox 58 456 1757 534; baseline 0 -19"><span class='ocrx_word' id='word_1_5' title='bbox 58 466 150 530; x_wconf 89' lang='lat' dir='ltr'><strong>potest</strong></span> <span class='ocrx_word' id='word_1_6' title='bbox 167 460 205 516; x_wconf 93' lang='lat' dir='ltr'><strong>ab</strong></span> <span class='ocrx_word' id='word_1_7' title='bbox 230 459 337 518; x_wconf 83' lang='lat' dir='ltr'><strong>interno</strong></span> <span class='ocrx_word' id='word_1_8' title='bbox 360 462 542 518; x_wconf 89' lang='lat' dir='ltr'><strong>conscientiae</strong></span> <span class='ocrx_word' id='word_1_9' title='bbox 567 463 737 532; x_wconf 91' lang='lat' dir='ltr'><strong>testimonio,</strong></span> <span class='ocrx_word' id='word_1_10' title='bbox 764 463 839 534; x_wconf 92' lang='lat' dir='ltr'><strong>quod</strong></span> <span class='ocrx_word' id='word_1_11' title='bbox 862 481 896 519; x_wconf 90' lang='lat' dir='ltr'><strong>ex</strong></span> <span class='ocrx_word' id='word_1_12' title='bbox 922 477 978 515; x_wconf 91' lang='lat' dir='ltr'><strong>uon</strong></span> <span class='ocrx_word' id='word_1_13' title='bbox 997 461 1086 516; x_wconf 90' lang='lat' dir='ltr'><strong>solum</strong></span> <span class='ocrx_word' id='word_1_14' title='bbox 1103 461 1188 516; x_wconf 83' lang='lat' dir='ltr'><strong>vitam</strong></span> <span class='ocrx_word' id='word_1_15' title='bbox 1206 464 1356 516; x_wconf 88' lang='lat' dir='ltr'><strong>ctmotum</strong></span> <span class='ocrx_word' id='word_1_16' title='bbox 1376 476 1393 514; x_wconf 88' lang='grc'><strong>1</strong></span> <span class='ocrx_word' id='word_1_17' title='bbox 1412 456 1474 515; x_wconf 88' lang='lat' dir='ltr'><strong>Deo</strong></span> <span class='ocrx_word' id='word_1_18' title='bbox 1495 460 1679 529; x_wconf 77' lang='lat' dir='ltr'><strong>nectabere,</strong></span> <span class='ocrx_word' id='word_1_19' title='bbox 1707 461 1757 516; x_wconf 88' lang='lat' dir='ltr'><strong>scd</strong></span> 
     </span>
     <span class='ocr_line' id='line_1_3' title="bbox 59 544 1757 621; baseline 0.002 -22"><span class='ocrx_word' id='word_1_20' title='bbox 59 544 106 600; x_wconf 88' lang='lat' dir='ltr'><strong>illo</strong></span> <span class='ocrx_word' id='word_1_21' title='bbox 132 545 195 618; x_wconf 89' lang='lat' dir='ltr'><strong>ipso</strong></span> <span class='ocrx_word' id='word_1_22' title='bbox 223 547 381 604; x_wconf 70' lang='lat' dir='ltr'><strong>discrimine</strong></span> <span class='ocrx_word' id='word_1_23' title='bbox 407 547 569 604; x_wconf 76' lang='lat' dir='ltr'><strong>naturaliter</strong></span> <span class='ocrx_word' id='word_1_24' title='bbox 586 547 669 604; x_wconf 91' lang='lat' dir='ltr'><strong>insito</strong></span> <span class='ocrx_word' id='word_1_25' title='bbox 694 547 810 621; x_wconf 83' lang='lat' dir='ltr'><strong>colligit,</strong></span> <span class='ocrx_word' id='word_1_26' title='bbox 836 566 895 605; x_wconf 89' lang='lat' dir='ltr'><strong>csse</strong></span> <span class='ocrx_word' id='word_1_27' title='bbox 922 547 1006 601; x_wconf 90' lang='lat' dir='ltr'><strong>ctiam</strong></span> <span class='ocrx_word' id='word_1_28' title='bbox 1025 546 1124 603; x_wconf 91' lang='lat' dir='ltr'><strong>inDeo</strong></span> <span class='ocrx_word' id='word_1_29' title='bbox 1139 565 1190 603; x_wconf 91' lang='lat' dir='ltr'><strong>nos</strong></span> <span class='ocrx_word' id='word_1_30' title='bbox 1207 549 1300 603; x_wconf 84' lang='lat' dir='ltr'><strong>vivere</strong></span> <span class='ocrx_word' id='word_1_31' title='bbox 1318 554 1347 603; x_wconf 90' lang='lat' dir='ltr'><strong>et</strong></span> <span class='ocrx_word' id='word_1_32' title='bbox 1364 545 1468 602; x_wconf 83' lang='lat' dir='ltr'><strong>moveri</strong></span> <span class='ocrx_word' id='word_1_33' title='bbox 1484 547 1592 612; x_wconf 85' lang='lat' dir='ltr'><strong>asserit,</strong></span> <span class='ocrx_word' id='word_1_34' title='bbox 1608 544 1757 604; x_wconf 78' lang='lat' dir='ltr'><strong>fortissime</strong></span> 
     </span>
     <span class='ocr_line' id='line_1_4' title="bbox 60 630 1089 707; baseline 0.002 -22"><span class='ocrx_word' id='word_1_35' title='bbox 60 630 152 686; x_wconf 89' lang='lat' dir='ltr'><strong>Deum</strong></span> <span class='ocrx_word' id='word_1_36' title='bbox 181 650 298 707; x_wconf 87' lang='lat' dir='ltr'><strong>eumque</strong></span> <span class='ocrx_word' id='word_1_37' title='bbox 325 649 385 690; x_wconf 82' lang='lat' dir='ltr'><strong>esse</strong></span> <span class='ocrx_word' id='word_1_38' title='bbox 412 635 520 707; x_wconf 87' lang='lat' dir='ltr'><strong>justum</strong></span> <span class='ocrx_word' id='word_1_39' title='bbox 544 640 572 689; x_wconf 91' lang='lat' dir='ltr'><strong>at</strong></span> <span class='ocrx_word' id='word_1_40' title='bbox 594 634 728 690; x_wconf 82' lang='lat' dir='ltr'><strong>scelerum</strong></span> <span class='ocrx_word' id='word_1_41' title='bbox 749 634 894 691; x_wconf 77' lang='lat' dir='ltr'><strong>vindicem.</strong></span> <span class='ocrx_word' id='word_1_42' title='bbox 920 632 1089 688; x_wconf 77' lang='lat' dir='ltr'><strong>adversatur.</strong></span> 
     </span>
     <span class='ocr_line' id='line_1_5' title="bbox 58 710 1857 790; baseline 0.001 -19"><span class='ocrx_word' id='word_1_43' title='bbox 58 716 142 783; x_wconf 91' lang='lat' dir='ltr'><strong>Quod</strong></span> <span class='ocrx_word' id='word_1_44' title='bbox 160 717 249 774; x_wconf 84' lang='lat' dir='ltr'><strong>Socim</strong></span> <span class='ocrx_word' id='word_1_45' title='bbox 274 720 353 774; x_wconf 88' lang='lat' dir='ltr'><strong>addit</strong></span> <span class='ocrx_word' id='word_1_46' title='bbox 376 720 470 789; x_wconf 81' lang='lat' dir='ltr'><strong>illum,</strong></span> <span class='ocrx_word' id='word_1_47' title='bbox 498 722 547 790; x_wconf 75' lang='lat' dir='ltr'><strong>qui</strong></span> <span class='ocrx_word' id='word_1_48' title='bbox 571 721 731 775; x_wconf 81' lang='lat' dir='ltr'><strong>discrimini</strong></span> <span class='ocrx_word' id='word_1_49' title='bbox 750 721 798 775; x_wconf 84' lang='lat' dir='ltr'><strong>illi</strong></span> <span class='ocrx_word' id='word_1_50' title='bbox 813 710 894 774; x_wconf 79' lang='lat' dir='ltr'><strong>lonc·</strong></span> <span class='ocrx_word' id='word_1_51' title='bbox 956 724 997 777; x_wconf 81' lang='lat'><strong>72.</strong></span> <span class='ocrx_word' id='word_1_52' title='bbox 1034 725 1058 774; x_wconf 89' lang='grc'><strong>3.</strong></span> <span class='ocrx_word' id='word_1_53' title='bbox 1081 719 1248 775; x_wconf 80' lang='lat' dir='ltr'><strong>Accedimus</strong></span> <span class='ocrx_word' id='word_1_54' title='bbox 1273 721 1308 775; x_wconf 91' lang='lat' dir='ltr'><strong>ad</strong></span> <span class='ocrx_word' id='word_1_55' title='bbox 1332 720 1425 776; x_wconf 86' lang='lat' dir='ltr'><strong>locum</strong></span> <span class='ocrx_word' id='word_1_56' title='bbox 1448 719 1595 775; x_wconf 87' lang='lat' dir='ltr'><strong>classicum</strong></span> <span class='ocrx_word' id='word_1_57' title='bbox 1628 719 1708 775; x_wconf 85' lang='lat' dir='ltr'><strong>Rom.</strong></span> <span class='ocrx_word' id='word_1_58' title='bbox 1733 725 1756 785; x_wconf 85' lang='lat'><strong>1,</strong></span> <span class='ocrx_word' id='word_1_59' title='bbox 1769 732 1809 772; x_wconf 84' lang='lat'>111.</span> <span class='ocrx_word' id='word_1_60' title='bbox 1823 730 1857 773; x_wconf 79' lang='lat' dir='ltr'><strong>ss.</strong></span> 
     </span>
     <span class='ocr_line' id='line_1_6' title="bbox 56 806 1872 900; baseline 0.001 -43"><span class='ocrx_word' id='word_1_61' title='bbox 56 812 166 858; x_wconf 83' lang='lat' dir='ltr'><strong>storum</strong></span> <span class='ocrx_word' id='word_1_62' title='bbox 182 824 217 860; x_wconf 86' lang='lat' dir='ltr'><strong>cc</strong></span> <span class='ocrx_word' id='word_1_63' title='bbox 234 808 356 877; x_wconf 81' lang='lat' dir='ltr'><strong>turpium</strong></span> <span class='ocrx_word' id='word_1_64' title='bbox 374 808 544 863; x_wconf 82' lang='lat' dir='ltr'><strong>naturaliter</strong></span> <span class='ocrx_word' id='word_1_65' title='bbox 565 809 649 863; x_wconf 76' lang='lat' dir='ltr'><strong>insito</strong></span> <span class='ocrx_word' id='word_1_66' title='bbox 661 809 807 879; x_wconf 70' lang='lat' dir='ltr'><strong>partierit,</strong></span> <span class='ocrx_word' id='word_1_67' title='bbox 830 809 895 862; x_wconf 86' lang='lat' dir='ltr'><strong>Deo</strong></span> <span class='ocrx_word' id='word_1_68' title='bbox 920 820 946 857; x_wconf 78' lang='lat' dir='ltr'><strong>v.</strong></span> <span class='ocrx_word' id='word_1_69' title='bbox 969 811 1013 861; x_wconf 78' lang='lat'><strong>19:</strong></span> <span class='ocrx_word' id='word_1_70' title='bbox 1043 806 1193 861; x_wconf 80' lang='lat' dir='ltr'><strong>Rsoelctur</strong></span> <span class='ocrx_word' id='word_1_71' title='bbox 1219 807 1266 861; x_wconf 85' lang='lat' dir='ltr'><strong>irc</strong></span> <span class='ocrx_word' id='word_1_72' title='bbox 1290 809 1350 861; x_wconf 86' lang='lat' dir='ltr'><strong>Dei</strong></span> <span class='ocrx_word' id='word_1_73' title='bbox 1376 825 1461 876; x_wconf 81' lang='lat' dir='ltr'><strong>super</strong></span> <span class='ocrx_word' id='word_1_74' title='bbox 1482 807 1653 877; x_wconf 79' lang='lat' dir='ltr'><strong>impietatem</strong></span> <span class='ocrx_word' id='word_1_75' title='bbox 1671 806 1788 900; x_wconf 52' lang='lat' dir='ltr'><strong>lomi-{-</strong></span> <span class='ocrx_word' id='word_1_76' title='bbox 1805 809 1872 900; x_wconf 55' lang='grc' dir='ltr'><strong>ξοῗό</strong></span> 
     </span>
     <span class='ocr_line' id='line_1_7' title="bbox 56 888 1881 968; baseline 0.004 -25"><span class='ocrx_word' id='word_1_77' title='bbox 56 899 167 959; x_wconf 77' lang='lat' dir='ltr'><strong>pratum</strong></span> <span class='ocrx_word' id='word_1_78' title='bbox 192 909 264 961; x_wconf 87' lang='lat' dir='ltr'><strong>esse,</strong></span> <span class='ocrx_word' id='word_1_79' title='bbox 289 893 320 948; x_wconf 91' lang='lat' dir='ltr'><strong>id</strong></span> <span class='ocrx_word' id='word_1_80' title='bbox 340 893 365 949; x_wconf 93' lang='lat' dir='ltr'><strong>si</strong></span> <span class='ocrx_word' id='word_1_81' title='bbox 387 894 423 950; x_wconf 92' lang='lat' dir='ltr'><strong>de</strong></span> <span class='ocrx_word' id='word_1_82' title='bbox 449 893 563 965; x_wconf 87' lang='lat' dir='ltr'><strong>speciali</strong></span> <span class='ocrx_word' id='word_1_83' title='bbox 586 894 706 968; x_wconf 88' lang='lat' dir='ltr'><strong>quodam</strong></span> <span class='ocrx_word' id='word_1_84' title='bbox 724 894 778 950; x_wconf 89' lang='lat' dir='ltr'><strong>Dei</strong></span> <span class='ocrx_word' id='word_1_85' title='bbox 800 893 895 950; x_wconf 85' lang='lat' dir='ltr'><strong>favore</strong></span> <span class='ocrx_word' id='word_1_86' title='bbox 920 908 985 943; x_wconf 82' lang='lat' dir='ltr'><strong>aum</strong></span> <span class='ocrx_word' id='word_1_87' title='bbox 1011 895 1067 944; x_wconf 81' lang='grc' dir='ltr'><strong>τῶν</strong></span> <span class='ocrx_word' id='word_1_88' title='bbox 1085 891 1134 961; x_wconf 81' lang='grc' dir='ltr'><strong>τὴν</strong></span> <span class='ocrx_word' id='word_1_89' title='bbox 1153 891 1285 961; x_wconf 70' lang='grc' dir='ltr'><em>ἀλήθειαν</em></span> <span class='ocrx_word' id='word_1_90' title='bbox 1308 893 1340 948; x_wconf 73' lang='grc' dir='ltr'><strong>ἐν</strong></span> <span class='ocrx_word' id='word_1_91' title='bbox 1367 891 1460 961; x_wconf 76' lang='grc' dir='ltr'><strong><em>ἀδικίᾳ</em></strong></span> <span class='ocrx_word' id='word_1_92' title='bbox 1482 892 1665 964; x_wconf 78' lang='grc' dir='ltr'><em>κατεχόντων,</em></span> <span class='ocrx_word' id='word_1_93' title='bbox 1690 892 1757 964; x_wconf 89' lang='lat' dir='ltr'><strong>quia</strong></span> <span class='ocrx_word' id='word_1_94' title='bbox 1770 889 1830 958; x_wconf 75' lang='lat' dir='ltr'><strong>qloc&#39;</strong></span> <span class='ocrx_word' id='word_1_95' title='bbox 1840 888 1881 949; x_wconf 73' lang='grc' dir='ltr'><strong>1ιοῖ</strong></span> 
     </span>
     <span class='ocr_line' id='line_1_8' title="bbox 58 968 1881 1056; baseline 0.002 -25"><span class='ocrx_word' id='word_1_96' title='bbox 58 983 87 1031; x_wconf 87' lang='lat' dir='ltr'><strong>et</strong></span> <span class='ocrx_word' id='word_1_97' title='bbox 103 977 318 1049; x_wconf 88' lang='lat' dir='ltr'><strong>complacentia,</strong></span> <span class='ocrx_word' id='word_1_98' title='bbox 347 997 403 1051; x_wconf 90' lang='lat' dir='ltr'><strong>qua</strong></span> <span class='ocrx_word' id='word_1_99' title='bbox 419 979 496 1036; x_wconf 89' lang='lat' dir='ltr'><strong>Deus</strong></span> <span class='ocrx_word' id='word_1_100' title='bbox 513 979 637 1037; x_wconf 88' lang='lat' dir='ltr'><strong>homines</strong></span> <span class='ocrx_word' id='word_1_101' title='bbox 659 981 720 1052; x_wconf 89' lang='lat' dir='ltr'><strong>pios</strong></span> <span class='ocrx_word' id='word_1_102' title='bbox 737 978 895 1051; x_wconf 90' lang='lat' dir='ltr'><strong>complecti·</strong></span> <span class='ocrx_word' id='word_1_103' title='bbox 920 976 950 1029; x_wconf 86' lang='grc' dir='ltr'>τό</span> <span class='ocrx_word' id='word_1_104' title='bbox 973 976 1099 1047; x_wconf 76' lang='grc' dir='ltr'><em>γνωστὸν</em></span> <span class='ocrx_word' id='word_1_105' title='bbox 1125 984 1173 1034; x_wconf 68' lang='grc' dir='ltr'><strong>τοῦ</strong></span> <span class='ocrx_word' id='word_1_106' title='bbox 1196 983 1267 1035; x_wconf 79' lang='grc' dir='ltr'>Θεοῦ</span> <span class='ocrx_word' id='word_1_107' title='bbox 1292 982 1465 1056; x_wconf 66' lang='lat' dir='ltr'><strong>perspicis</strong></span> <span class='ocrx_word' id='word_1_108' title='bbox 1482 979 1587 1050; x_wconf 79' lang='grc' dir='ltr'>αὐτοῖς,</span> <span class='ocrx_word' id='word_1_109' title='bbox 1612 982 1689 1049; x_wconf 76' lang='lat' dir='ltr'><strong>quod</strong></span> <span class='ocrx_word' id='word_1_110' title='bbox 1708 1000 1756 1035; x_wconf 81' lang='lat' dir='ltr'><strong>no·</strong></span> <span class='ocrx_word' id='word_1_111' title='bbox 1769 968 1816 1053; x_wconf 60' lang='lat'><strong>32¹?</strong></span> <span class='ocrx_word' id='word_1_112' title='bbox 1831 969 1881 1052; x_wconf 59' lang='grc' dir='ltr'><strong>ζξ</strong></span> 
     </span>
     <span class='ocr_line' id='line_1_9' title="bbox 56 1041 1877 1156; baseline 0.002 -41"><span class='ocrx_word' id='word_1_113' title='bbox 56 1069 117 1131; x_wconf 89' lang='lat' dir='ltr'><strong>tur,</strong></span> <span class='ocrx_word' id='word_1_114' title='bbox 143 1062 288 1137; x_wconf 84' lang='lat' dir='ltr'><strong>intelligit,</strong></span> <span class='ocrx_word' id='word_1_115' title='bbox 318 1072 361 1123; x_wconf 90' lang='lat' dir='ltr'><strong>est</strong></span> <span class='ocrx_word' id='word_1_116' title='bbox 385 1064 577 1132; x_wconf 74' lang='lat' dir='ltr'><strong>falsissimum,</strong></span> <span class='ocrx_word' id='word_1_117' title='bbox 607 1067 674 1139; x_wconf 86' lang='lat' dir='ltr'><strong>quia</strong></span> <span class='ocrx_word' id='word_1_118' title='bbox 699 1065 753 1122; x_wconf 90' lang='lat' dir='ltr'><strong>nisi</strong></span> <span class='ocrx_word' id='word_1_119' title='bbox 777 1081 895 1137; x_wconf 88' lang='lat' dir='ltr'><strong>persona</strong></span> <span class='ocrx_word' id='word_1_120' title='bbox 920 1069 977 1115; x_wconf 84' lang='lat' dir='ltr'><strong>tum</strong></span> <span class='ocrx_word' id='word_1_121' title='bbox 1005 1072 1043 1118; x_wconf 88' lang='lat' dir='ltr'><strong>est</strong></span> <span class='ocrx_word' id='word_1_122' title='bbox 1072 1066 1144 1134; x_wconf 85' lang='lat' dir='ltr'><strong>Dei,</strong></span> <span class='ocrx_word' id='word_1_123' title='bbox 1177 1069 1356 1134; x_wconf 73' lang='lat' dir='ltr'><strong>manifestum</strong></span> <span class='ocrx_word' id='word_1_124' title='bbox 1387 1076 1427 1122; x_wconf 87' lang='lat' dir='ltr'><strong>cst</strong></span> <span class='ocrx_word' id='word_1_125' title='bbox 1454 1069 1484 1122; x_wconf 84' lang='lat' dir='ltr'><strong>ia</strong></span> <span class='ocrx_word' id='word_1_126' title='bbox 1513 1068 1574 1122; x_wconf 74' lang='lat' dir='ltr'><strong>tlte</strong></span> <span class='ocrx_word' id='word_1_127' title='bbox 1602 1065 1756 1136; x_wconf 83' lang='lat' dir='ltr'><strong>(ethnicis);</strong></span> <span class='ocrx_word' id='word_1_128' title='bbox 1769 1041 1877 1156; x_wconf 47' lang='lat' dir='ltr'><strong>{giam</strong></span> 
     </span>
     <span class='ocr_line' id='line_1_10' title="bbox 57 1148 1824 1227; baseline 0.002 -24"><span class='ocrx_word' id='word_1_129' title='bbox 57 1148 135 1221; x_wconf 89' lang='lat' dir='ltr'><strong>prius</strong></span> <span class='ocrx_word' id='word_1_130' title='bbox 151 1149 264 1220; x_wconf 87' lang='lat' dir='ltr'><strong>placest</strong></span> <span class='ocrx_word' id='word_1_131' title='bbox 279 1150 353 1223; x_wconf 89' lang='lat' dir='ltr'><strong>Deo,</strong></span> <span class='ocrx_word' id='word_1_132' title='bbox 376 1171 518 1224; x_wconf 87' lang='lat' dir='ltr'><strong>nunquam</strong></span> <span class='ocrx_word' id='word_1_133' title='bbox 536 1152 688 1227; x_wconf 90' lang='lat' dir='ltr'><strong>placebunt</strong></span> <span class='ocrx_word' id='word_1_134' title='bbox 705 1152 759 1224; x_wconf 93' lang='lat' dir='ltr'><strong>ipsi</strong></span> <span class='ocrx_word' id='word_1_135' title='bbox 776 1150 894 1206; x_wconf 90' lang='lat' dir='ltr'><strong>hominis</strong></span> <span class='ocrx_word' id='word_1_136' title='bbox 920 1148 1000 1201; x_wconf 83' lang='lat' dir='ltr'><strong>Deus</strong></span> <span class='ocrx_word' id='word_1_137' title='bbox 1025 1151 1097 1204; x_wconf 84' lang='lat' dir='ltr'><strong>enim</strong></span> <span class='ocrx_word' id='word_1_138' title='bbox 1119 1152 1190 1220; x_wconf 67' lang='lat' dir='ltr'><strong>abab</strong></span> <span class='ocrx_word' id='word_1_139' title='bbox 1213 1154 1362 1224; x_wconf 75' lang='lat' dir='ltr'><strong>revelavit5</strong></span> <span class='ocrx_word' id='word_1_140' title='bbox 1384 1172 1410 1208; x_wconf 82' lang='lat' dir='ltr'><strong>v.</strong></span> <span class='ocrx_word' id='word_1_141' title='bbox 1428 1159 1476 1210; x_wconf 84' lang='lat'><strong>20:</strong></span> <span class='ocrx_word' id='word_1_142' title='bbox 1512 1154 1584 1218; x_wconf 80' lang='lat' dir='ltr'><strong>Quia</strong></span> <span class='ocrx_word' id='word_1_143' title='bbox 1601 1151 1755 1206; x_wconf 79' lang='lat' dir='ltr'><strong>invisibilia</strong></span> <span class='ocrx_word' id='word_1_144' title='bbox 1769 1168 1824 1209; x_wconf 76' lang='grc'>((11.</span> 
     </span>
     <span class='ocr_line' id='line_1_11' title="bbox 58 1227 1755 1314; baseline 0.003 -29"><span class='ocrx_word' id='word_1_145' title='bbox 58 1251 155 1306; x_wconf 84' lang='lat' dir='ltr'><strong>opera,</strong></span> <span class='ocrx_word' id='word_1_146' title='bbox 181 1242 213 1291; x_wconf 86' lang='lat' dir='ltr'><strong>ut</strong></span> <span class='ocrx_word' id='word_1_147' title='bbox 233 1227 269 1293; x_wconf 79' lang='lat' dir='ltr'><strong>ex</strong></span> <span class='ocrx_word' id='word_1_148' title='bbox 288 1236 359 1296; x_wconf 72' lang='lat' dir='ltr'><strong>Gen,</strong></span> <span class='ocrx_word' id='word_1_149' title='bbox 380 1246 409 1306; x_wconf 77' lang='lat'><strong>4,</strong></span> <span class='ocrx_word' id='word_1_150' title='bbox 432 1245 502 1296; x_wconf 53' lang='grc'><strong>14,</strong></span> <span class='ocrx_word' id='word_1_151' title='bbox 532 1238 682 1311; x_wconf 69' lang='lat' dir='ltr'><strong>Augustin,</strong></span> <span class='ocrx_word' id='word_1_152' title='bbox 706 1246 736 1295; x_wconf 80' lang='lat' dir='ltr'><strong>et</strong></span> <span class='ocrx_word' id='word_1_153' title='bbox 756 1237 894 1293; x_wconf 79' lang='lat' dir='ltr'><strong>Lutherus</strong></span> <span class='ocrx_word' id='word_1_154' title='bbox 919 1232 1009 1303; x_wconf 83' lang='lat' dir='ltr'><strong>ipsius</strong></span> <span class='ocrx_word' id='word_1_155' title='bbox 1021 1232 1077 1289; x_wconf 80' lang='grc' dir='ltr'><strong>ἀπὸ</strong></span> <span class='ocrx_word' id='word_1_156' title='bbox 1090 1243 1202 1298; x_wconf 75' lang='grc' dir='ltr'><strong>κτίσεως</strong></span> <span class='ocrx_word' id='word_1_157' title='bbox 1213 1238 1320 1314; x_wconf 78' lang='grc' dir='ltr'>κόσμου</span> <span class='ocrx_word' id='word_1_158' title='bbox 1332 1245 1390 1300; x_wconf 83' lang='grc' dir='ltr'><em>τοῖς</em></span> <span class='ocrx_word' id='word_1_159' title='bbox 1404 1236 1541 1309; x_wconf 78' lang='grc' dir='ltr'>ποιήμασι</span> <span class='ocrx_word' id='word_1_160' title='bbox 1554 1237 1693 1305; x_wconf 79' lang='grc' dir='ltr'>νοούμενα</span> <span class='ocrx_word' id='word_1_161' title='bbox 1708 1258 1755 1291; x_wconf 80' lang='lat' dir='ltr'><strong>aa·</strong></span> 
     </span>
     <span class='ocr_line' id='line_1_12' title="bbox 58 1320 1755 1396; baseline 0 -19"><span class='ocrx_word' id='word_1_162' title='bbox 58 1328 134 1379; x_wconf 85' lang='lat' dir='ltr'><strong>recte</strong></span> <span class='ocrx_word' id='word_1_163' title='bbox 148 1320 292 1395; x_wconf 87' lang='lat' dir='ltr'><strong>colligunt.</strong></span> <span class='ocrx_word' id='word_1_164' title='bbox 310 1324 434 1381; x_wconf 88' lang='lat' dir='ltr'><strong>Persona</strong></span> <span class='ocrx_word' id='word_1_165' title='bbox 451 1331 544 1381; x_wconf 86' lang='lat' dir='ltr'><strong>autem</strong></span> <span class='ocrx_word' id='word_1_166' title='bbox 563 1344 618 1382; x_wconf 92' lang='lat' dir='ltr'><strong>nou</strong></span> <span class='ocrx_word' id='word_1_167' title='bbox 636 1325 729 1396; x_wconf 88' lang='lat' dir='ltr'><strong>placet</strong></span> <span class='ocrx_word' id='word_1_168' title='bbox 747 1324 822 1393; x_wconf 86' lang='lat' dir='ltr'><strong>Deo,</strong></span> <span class='ocrx_word' id='word_1_169' title='bbox 840 1322 894 1377; x_wconf 90' lang='lat' dir='ltr'><strong>nisi</strong></span> <span class='ocrx_word' id='word_1_170' title='bbox 919 1321 1049 1394; x_wconf 68' lang='grc' dir='ltr'>θορᾶιαι,</span> <span class='ocrx_word' id='word_1_171' title='bbox 1070 1325 1238 1393; x_wconf 67' lang='lat' dir='ltr'><strong>serpiterna</strong></span> <span class='ocrx_word' id='word_1_172' title='bbox 1259 1344 1365 1396; x_wconf 76' lang='lat' dir='ltr'><strong>qaoque</strong></span> <span class='ocrx_word' id='word_1_173' title='bbox 1384 1329 1445 1396; x_wconf 80' lang='lat' dir='ltr'><strong>ejas</strong></span> <span class='ocrx_word' id='word_1_174' title='bbox 1462 1326 1594 1380; x_wconf 71' lang='lat' dir='ltr'><strong>virimar</strong></span> <span class='ocrx_word' id='word_1_175' title='bbox 1614 1324 1755 1393; x_wconf 75' lang='lat' dir='ltr'><strong>cliotedro,</strong></span> 
     </span>
     <span class='ocr_line' id='line_1_13' title="bbox 58 1405 1756 1484; baseline 0.002 -23"><span class='ocrx_word' id='word_1_176' title='bbox 58 1405 114 1462; x_wconf 88' lang='lat' dir='ltr'><strong>fide</strong></span> <span class='ocrx_word' id='word_1_177' title='bbox 131 1406 317 1479; x_wconf 81' lang='lat' dir='ltr'><strong>inchristum,</strong></span> <span class='ocrx_word' id='word_1_178' title='bbox 335 1411 364 1464; x_wconf 92' lang='lat' dir='ltr'><strong>in</strong></span> <span class='ocrx_word' id='word_1_179' title='bbox 382 1410 490 1467; x_wconf 82' lang='lat' dir='ltr'><strong>Christo</strong></span> <span class='ocrx_word' id='word_1_180' title='bbox 508 1411 657 1483; x_wconf 89' lang='lat' dir='ltr'><strong>requiescit</strong></span> <span class='ocrx_word' id='word_1_181' title='bbox 673 1410 764 1466; x_wconf 87' lang='lat' dir='ltr'><strong>Patris</strong></span> <span class='ocrx_word' id='word_1_182' title='bbox 781 1410 893 1465; x_wconf 75' lang='grc' dir='ltr'><strong><em>εὐδοκία</em></strong></span> <span class='ocrx_word' id='word_1_183' title='bbox 920 1414 949 1459; x_wconf 82' lang='lat' dir='ltr'><strong>ut</strong></span> <span class='ocrx_word' id='word_1_184' title='bbox 976 1407 1031 1460; x_wconf 80' lang='lat' dir='ltr'><strong>siut</strong></span> <span class='ocrx_word' id='word_1_185' title='bbox 1056 1409 1264 1467; x_wconf 60' lang='lat' dir='ltr'><strong>inumerabiles.</strong></span> <span class='ocrx_word' id='word_1_186' title='bbox 1310 1412 1444 1482; x_wconf 87' lang='lat' dir='ltr'><strong>Quidam,</strong></span> <span class='ocrx_word' id='word_1_187' title='bbox 1477 1419 1509 1467; x_wconf 91' lang='lat' dir='ltr'><strong>ut</strong></span> <span class='ocrx_word' id='word_1_188' title='bbox 1532 1413 1652 1484; x_wconf 82' lang='lat' dir='ltr'><strong>August.</strong></span> <span class='ocrx_word' id='word_1_189' title='bbox 1680 1410 1756 1466; x_wconf 88' lang='lat' dir='ltr'><strong>Hier.</strong></span> 
     </span>
     <span class='ocr_line' id='line_1_14' title="bbox 57 1491 1757 1570; baseline 0.002 -23"><span class='ocrx_word' id='word_1_190' title='bbox 57 1491 158 1551; x_wconf 88' lang='lat' dir='ltr'><strong>Matth.</strong></span> <span class='ocrx_word' id='word_1_191' title='bbox 178 1500 209 1562; x_wconf 89' lang='grc'><strong>3,</strong></span> <span class='ocrx_word' id='word_1_192' title='bbox 226 1511 252 1552; x_wconf 84' lang='lat' dir='ltr'><strong>v.</strong></span> <span class='ocrx_word' id='word_1_193' title='bbox 274 1501 320 1565; x_wconf 76' lang='lat'><strong>¹⁷3</strong></span> <span class='ocrx_word' id='word_1_194' title='bbox 345 1495 394 1567; x_wconf 89' lang='lat' dir='ltr'><strong>qui</strong></span> <span class='ocrx_word' id='word_1_195' title='bbox 411 1513 476 1568; x_wconf 84' lang='lat' dir='ltr'><strong>ergo</strong></span> <span class='ocrx_word' id='word_1_196' title='bbox 494 1504 537 1553; x_wconf 91' lang='lat' dir='ltr'><strong>est</strong></span> <span class='ocrx_word' id='word_1_197' title='bbox 560 1502 639 1552; x_wconf 89' lang='lat' dir='ltr'><strong>extra</strong></span> <span class='ocrx_word' id='word_1_198' title='bbox 658 1494 812 1564; x_wconf 83' lang='lat' dir='ltr'><strong>Christum,</strong></span> <span class='ocrx_word' id='word_1_199' title='bbox 838 1513 894 1550; x_wconf 89' lang='lat' dir='ltr'><strong>nou</strong></span> <span class='ocrx_word' id='word_1_200' title='bbox 920 1492 1047 1549; x_wconf 81' lang='lat' dir='ltr'><strong>Ambros.</strong></span> <span class='ocrx_word' id='word_1_201' title='bbox 1083 1494 1270 1568; x_wconf 74' lang='lat' dir='ltr'><strong>chrysostom.</strong></span> <span class='ocrx_word' id='word_1_202' title='bbox 1305 1498 1431 1570; x_wconf 85' lang='lat' dir='ltr'><strong>Theoph.</strong></span> <span class='ocrx_word' id='word_1_203' title='bbox 1462 1499 1496 1554; x_wconf 92' lang='lat' dir='ltr'><strong>de</strong></span> <span class='ocrx_word' id='word_1_204' title='bbox 1526 1499 1586 1554; x_wconf 89' lang='lat' dir='ltr'><strong>sola</strong></span> <span class='ocrx_word' id='word_1_205' title='bbox 1619 1499 1757 1569; x_wconf 80' lang='lat' dir='ltr'><strong>acquisita</strong></span> 
     </span>
     <span class='ocr_line' id='line_1_15' title="bbox 57 1578 1756 1657; baseline 0.004 -25"><span class='ocrx_word' id='word_1_206' title='bbox 57 1585 151 1648; x_wconf 89' lang='lat' dir='ltr'><strong>potcst</strong></span> <span class='ocrx_word' id='word_1_207' title='bbox 166 1578 227 1634; x_wconf 90' lang='lat' dir='ltr'><strong>Deo</strong></span> <span class='ocrx_word' id='word_1_208' title='bbox 249 1580 366 1650; x_wconf 85' lang='lat' dir='ltr'><strong>placere.</strong></span> <span class='ocrx_word' id='word_1_209' title='bbox 399 1584 525 1652; x_wconf 70' lang='lat' dir='ltr'><strong>Detexit,</strong></span> <span class='ocrx_word' id='word_1_210' title='bbox 550 1584 716 1657; x_wconf 65' lang='grc' dir='ltr'><strong>ἐχαρίτωσεν</strong></span> <span class='ocrx_word' id='word_1_211' title='bbox 732 1600 783 1635; x_wconf 73' lang='lat' dir='ltr'><strong>rios</strong></span> <span class='ocrx_word' id='word_1_212' title='bbox 802 1583 832 1635; x_wconf 80' lang='lat' dir='ltr'><strong>iu</strong></span> <span class='ocrx_word' id='word_1_213' title='bbox 850 1581 892 1635; x_wconf 78' lang='lat' dir='ltr'><strong>di·</strong></span> <span class='ocrx_word' id='word_1_214' title='bbox 920 1578 1022 1632; x_wconf 83' lang='lat' dir='ltr'><strong>aotitia</strong></span> <span class='ocrx_word' id='word_1_215' title='bbox 1045 1578 1137 1637; x_wconf 91' lang='lat' dir='ltr'><strong>locum</strong></span> <span class='ocrx_word' id='word_1_216' title='bbox 1161 1582 1303 1654; x_wconf 87' lang='lat' dir='ltr'><strong>accipiunt</strong></span> <span class='ocrx_word' id='word_1_217' title='bbox 1320 1590 1434 1657; x_wconf 89' lang='lat' dir='ltr'><strong>propter</strong></span> <span class='ocrx_word' id='word_1_218' title='bbox 1455 1584 1620 1655; x_wconf 85' lang='lat' dir='ltr'><strong>particulam</strong></span> <span class='ocrx_word' id='word_1_219' title='bbox 1640 1588 1756 1639; x_wconf 71' lang='lat' dir='ltr'><strong>atracio-</strong></span> 
     </span>
     <span class='ocr_line' id='line_1_16' title="bbox 58 1660 1756 1742; baseline 0.005 -26"><span class='ocrx_word' id='word_1_220' title='bbox 58 1664 129 1717; x_wconf 87' lang='lat' dir='ltr'><strong>lectc</strong></span> <span class='ocrx_word' id='word_1_221' title='bbox 146 1663 218 1736; x_wconf 82' lang='lat' dir='ltr'><strong>Eph.</strong></span> <span class='ocrx_word' id='word_1_222' title='bbox 240 1672 267 1736; x_wconf 93' lang='grc'><strong>1,</strong></span> <span class='ocrx_word' id='word_1_223' title='bbox 285 1685 310 1720; x_wconf 82' lang='lat' dir='ltr'><strong>v.</strong></span> <span class='ocrx_word' id='word_1_224' title='bbox 328 1674 358 1737; x_wconf 70' lang='grc' dir='ltr'><strong>ὃς</strong></span> <span class='ocrx_word' id='word_1_225' title='bbox 384 1669 432 1740; x_wconf 92' lang='lat' dir='ltr'><strong>qui</strong></span> <span class='ocrx_word' id='word_1_226' title='bbox 451 1685 589 1742; x_wconf 88' lang='lat' dir='ltr'><strong>ergouon</strong></span> <span class='ocrx_word' id='word_1_227' title='bbox 606 1669 695 1725; x_wconf 91' lang='lat' dir='ltr'><strong>estin</strong></span> <span class='ocrx_word' id='word_1_228' title='bbox 712 1668 766 1724; x_wconf 90' lang='lat' dir='ltr'><strong>hoc</strong></span> <span class='ocrx_word' id='word_1_229' title='bbox 784 1668 893 1737; x_wconf 89' lang='lat' dir='ltr'><strong>dilecto,</strong></span> <span class='ocrx_word' id='word_1_230' title='bbox 919 1660 1001 1732; x_wconf 75' lang='grc' dir='ltr'><em>γικὴν</em></span> <span class='ocrx_word' id='word_1_231' title='bbox 1023 1663 1077 1741; x_wconf 78' lang='grc' dir='ltr'><strong>γάρ</strong></span> <span class='ocrx_word' id='word_1_232' title='bbox 1108 1685 1133 1724; x_wconf 87' lang='lat' dir='ltr'><strong>v.</strong></span> <span class='ocrx_word' id='word_1_233' title='bbox 1158 1673 1206 1734; x_wconf 81' lang='lat' dir='ltr'><strong>to,</strong></span> <span class='ocrx_word' id='word_1_234' title='bbox 1232 1686 1304 1741; x_wconf 86' lang='lat' dir='ltr'><strong>quaa</strong></span> <span class='ocrx_word' id='word_1_235' title='bbox 1330 1668 1451 1725; x_wconf 87' lang='lat' dir='ltr'><strong>ostendit</strong></span> <span class='ocrx_word' id='word_1_236' title='bbox 1478 1670 1512 1724; x_wconf 89' lang='lat' dir='ltr'><strong>da</strong></span> <span class='ocrx_word' id='word_1_237' title='bbox 1540 1670 1636 1725; x_wconf 88' lang='lat' dir='ltr'><strong>cadem</strong></span> <span class='ocrx_word' id='word_1_238' title='bbox 1656 1668 1756 1724; x_wconf 88' lang='lat' dir='ltr'><strong>notitia</strong></span> 
     </span>
     <span class='ocr_line' id='line_1_17' title="bbox 57 1749 1756 1828; baseline 0.002 -22"><span class='ocrx_word' id='word_1_239' title='bbox 57 1767 113 1806; x_wconf 90' lang='lat' dir='ltr'><strong>non</strong></span> <span class='ocrx_word' id='word_1_240' title='bbox 130 1750 256 1823; x_wconf 76' lang='lat' dir='ltr'><strong>diligitur</strong></span> <span class='ocrx_word' id='word_1_241' title='bbox 271 1769 289 1808; x_wconf 87' lang='lat' dir='ltr'><strong>a</strong></span> <span class='ocrx_word' id='word_1_242' title='bbox 306 1754 375 1811; x_wconf 86' lang='lat' dir='ltr'><strong>Deo.</strong></span> <span class='ocrx_word' id='word_1_243' title='bbox 394 1755 472 1810; x_wconf 87' lang='lat' dir='ltr'><strong>Rom.</strong></span> <span class='ocrx_word' id='word_1_244' title='bbox 483 1764 506 1825; x_wconf 81' lang='lat'><strong>5,</strong></span> <span class='ocrx_word' id='word_1_245' title='bbox 525 1774 551 1813; x_wconf 80' lang='grc' dir='ltr'><strong>ν.</strong></span> <span class='ocrx_word' id='word_1_246' title='bbox 565 1762 609 1811; x_wconf 81' lang='lat'><strong>15:</strong></span> <span class='ocrx_word' id='word_1_247' title='bbox 629 1755 757 1811; x_wconf 71' lang='lat' dir='ltr'><strong>Otreres</strong></span> <span class='ocrx_word' id='word_1_248' title='bbox 775 1763 814 1808; x_wconf 85' lang='lat' dir='ltr'><strong>est</strong></span> <span class='ocrx_word' id='word_1_249' title='bbox 832 1754 893 1808; x_wconf 80' lang='lat' dir='ltr'><strong>uni·</strong></span> <span class='ocrx_word' id='word_1_250' title='bbox 919 1749 966 1820; x_wconf 83' lang='lat' dir='ltr'><strong>agi</strong></span> <span class='ocrx_word' id='word_1_251' title='bbox 987 1768 1012 1803; x_wconf 84' lang='lat' dir='ltr'><strong>v.</strong></span> <span class='ocrx_word' id='word_1_252' title='bbox 1034 1757 1073 1819; x_wconf 86' lang='grc'><strong>19,</strong></span> <span class='ocrx_word' id='word_1_253' title='bbox 1105 1751 1139 1806; x_wconf 90' lang='grc'><strong>(11</strong></span> <span class='ocrx_word' id='word_1_254' title='bbox 1157 1771 1214 1825; x_wconf 92' lang='lat' dir='ltr'><strong>qua</strong></span> <span class='ocrx_word' id='word_1_255' title='bbox 1232 1755 1326 1826; x_wconf 87' lang='lat' dir='ltr'><strong>agitur</strong></span> <span class='ocrx_word' id='word_1_256' title='bbox 1341 1775 1367 1811; x_wconf 84' lang='lat' dir='ltr'><strong>v.</strong></span> <span class='ocrx_word' id='word_1_257' title='bbox 1388 1773 1445 1828; x_wconf 88' lang='lat' dir='ltr'><strong>seq.</strong></span> <span class='ocrx_word' id='word_1_258' title='bbox 1480 1756 1545 1812; x_wconf 84' lang='lat' dir='ltr'><strong>Jarn</strong></span> <span class='ocrx_word' id='word_1_259' title='bbox 1563 1772 1628 1810; x_wconf 87' lang='lat' dir='ltr'><strong>vero</strong></span> <span class='ocrx_word' id='word_1_260' title='bbox 1647 1760 1756 1812; x_wconf 84' lang='lat' dir='ltr'><strong>constat</strong></span> 
     </span>
     <span class='ocr_line' id='line_1_18' title="bbox 57 1835 1754 1915; baseline 0.003 -25"><span class='ocrx_word' id='word_1_261' title='bbox 57 1855 107 1890; x_wconf 80' lang='lat' dir='ltr'><strong>csse</strong></span> <span class='ocrx_word' id='word_1_262' title='bbox 131 1836 212 1892; x_wconf 80' lang='lat' dir='ltr'><strong>bomo</strong></span> <span class='ocrx_word' id='word_1_263' title='bbox 238 1840 269 1893; x_wconf 80' lang='lat' dir='ltr'><strong>in</strong></span> <span class='ocrx_word' id='word_1_264' title='bbox 290 1841 399 1909; x_wconf 78' lang='lat' dir='ltr'><strong>pratia,</strong></span> <span class='ocrx_word' id='word_1_265' title='bbox 428 1841 476 1913; x_wconf 91' lang='lat' dir='ltr'><strong>qui</strong></span> <span class='ocrx_word' id='word_1_266' title='bbox 497 1839 541 1897; x_wconf 86' lang='lat' dir='ltr'><strong>est&#39;</strong></span> <span class='ocrx_word' id='word_1_267' title='bbox 563 1846 641 1896; x_wconf 88' lang='lat' dir='ltr'><strong>extra</strong></span> <span class='ocrx_word' id='word_1_268' title='bbox 659 1839 812 1909; x_wconf 83' lang='lat' dir='ltr'><strong>Christum,</strong></span> <span class='ocrx_word' id='word_1_269' title='bbox 838 1856 892 1893; x_wconf 90' lang='lat' dir='ltr'><strong>non</strong></span> <span class='ocrx_word' id='word_1_270' title='bbox 920 1851 952 1888; x_wconf 86' lang='lat' dir='ltr'><strong>ax</strong></span> <span class='ocrx_word' id='word_1_271' title='bbox 979 1835 1046 1905; x_wconf 87' lang='lat' dir='ltr'><strong>ipsis</strong></span> <span class='ocrx_word' id='word_1_272' title='bbox 1069 1839 1188 1909; x_wconf 90' lang='lat' dir='ltr'><strong>apostoli</strong></span> <span class='ocrx_word' id='word_1_273' title='bbox 1205 1840 1296 1895; x_wconf 81' lang='lat' dir='ltr'><strong>verbis</strong></span> <span class='ocrx_word' id='word_1_274' title='bbox 1316 1859 1341 1895; x_wconf 84' lang='lat' dir='ltr'><strong>v.</strong></span> <span class='ocrx_word' id='word_1_275' title='bbox 1362 1847 1394 1897; x_wconf 83' lang='lat'><strong>20</strong></span> <span class='ocrx_word' id='word_1_276' title='bbox 1423 1840 1471 1913; x_wconf 83' lang='lat' dir='ltr'><strong>agi</strong></span> <span class='ocrx_word' id='word_1_277' title='bbox 1491 1842 1526 1896; x_wconf 92' lang='lat' dir='ltr'><strong>de</strong></span> <span class='ocrx_word' id='word_1_278' title='bbox 1543 1841 1643 1896; x_wconf 87' lang='lat' dir='ltr'><strong>notitia</strong></span> <span class='ocrx_word' id='word_1_279' title='bbox 1661 1840 1754 1915; x_wconf 90' lang='lat' dir='ltr'><strong>aequi·</strong></span> 
     </span>
     <span class='ocr_line' id='line_1_19' title="bbox 56 1918 1756 1998; baseline 0.001 -17"><span class='ocrx_word' id='word_1_280' title='bbox 56 1928 100 1978; x_wconf 83' lang='lat' dir='ltr'><strong>est</strong></span> <span class='ocrx_word' id='word_1_281' title='bbox 118 1923 192 1994; x_wconf 69' lang='lat' dir='ltr'><strong>apud</strong></span> <span class='ocrx_word' id='word_1_282' title='bbox 210 1924 302 1979; x_wconf 87' lang='lat' dir='ltr'><strong>Deum</strong></span> <span class='ocrx_word' id='word_1_283' title='bbox 320 1923 350 1980; x_wconf 92' lang='lat' dir='ltr'><strong>in</strong></span> <span class='ocrx_word' id='word_1_284' title='bbox 366 1927 464 1998; x_wconf 85' lang='lat' dir='ltr'><strong>gratia.</strong></span> <span class='ocrx_word' id='word_1_285' title='bbox 495 1926 638 1992; x_wconf 75' lang='lat' dir='ltr'><strong>Quomodo</strong></span> <span class='ocrx_word' id='word_1_286' title='bbox 655 1925 742 1998; x_wconf 89' lang='lat' dir='ltr'><strong>igitur</strong></span> <span class='ocrx_word' id='word_1_287' title='bbox 756 1925 828 1980; x_wconf 90' lang='lat' dir='ltr'><strong>tueri</strong></span> <span class='ocrx_word' id='word_1_288' title='bbox 845 1941 893 1996; x_wconf 89' lang='lat' dir='ltr'><strong>po·</strong></span> <span class='ocrx_word' id='word_1_289' title='bbox 919 1918 973 1973; x_wconf 82' lang='lat' dir='ltr'><strong>situ</strong></span> <span class='ocrx_word' id='word_1_290' title='bbox 995 1919 1054 1976; x_wconf 84' lang='lat' dir='ltr'><strong>siva</strong></span> <span class='ocrx_word' id='word_1_291' title='bbox 1077 1923 1292 1993; x_wconf 83' lang='lat' dir='ltr'><strong>experimentali</strong></span> <span class='ocrx_word' id='word_1_292' title='bbox 1327 1925 1448 1992; x_wconf 81' lang='lat' dir='ltr'><strong>Quidam</strong></span> <span class='ocrx_word' id='word_1_293' title='bbox 1474 1944 1539 1982; x_wconf 83' lang='lat' dir='ltr'><strong>vero</strong></span> <span class='ocrx_word' id='word_1_294' title='bbox 1557 1927 1652 1998; x_wconf 88' lang='lat' dir='ltr'><strong>priora</strong></span> <span class='ocrx_word' id='word_1_295' title='bbox 1668 1927 1756 1982; x_wconf 84' lang='lat' dir='ltr'><strong>verba</strong></span> 
     </span>
     <span class='ocr_line' id='line_1_20' title="bbox 55 2004 1755 2085; baseline 0.005 -27"><span class='ocrx_word' id='word_1_296' title='bbox 55 2009 121 2065; x_wconf 71' lang='lat' dir='ltr'><strong>terit</strong></span> <span class='ocrx_word' id='word_1_297' title='bbox 143 2008 258 2067; x_wconf 72' lang='lat' dir='ltr'><strong>Socinue</strong></span> <span class='ocrx_word' id='word_1_298' title='bbox 276 2029 356 2066; x_wconf 76' lang='lat' dir='ltr'><strong>auum</strong></span> <span class='ocrx_word' id='word_1_299' title='bbox 373 2014 594 2084; x_wconf 68' lang='lat' dir='ltr'><strong>pronuntiatmn²</strong></span> <span class='ocrx_word' id='word_1_300' title='bbox 620 2012 694 2085; x_wconf 85' lang='lat' dir='ltr'><strong>quod</strong></span> <span class='ocrx_word' id='word_1_301' title='bbox 716 2012 835 2074; x_wconf 78' lang='lat' dir='ltr'><strong>adhoc,</strong></span> <span class='ocrx_word' id='word_1_302' title='bbox 862 2016 894 2064; x_wconf 81' lang='lat' dir='ltr'><strong>ut</strong></span> <span class='ocrx_word' id='word_1_303' title='bbox 919 2004 1079 2076; x_wconf 67' lang='lat' dir='ltr'><strong>decipimini</strong></span> <span class='ocrx_word' id='word_1_304' title='bbox 1103 2009 1139 2063; x_wconf 78' lang='grc'><strong>(18</strong></span> <span class='ocrx_word' id='word_1_305' title='bbox 1161 2009 1262 2065; x_wconf 71' lang='lat' dir='ltr'><strong>notitia</strong></span> <span class='ocrx_word' id='word_1_306' title='bbox 1280 2009 1372 2068; x_wconf 66' lang='lat' dir='ltr'><strong>lnblia.</strong></span> <span class='ocrx_word' id='word_1_307' title='bbox 1412 2018 1433 2068; x_wconf 88' lang='grc'><strong>1.</strong></span> <span class='ocrx_word' id='word_1_308' title='bbox 1453 2011 1572 2085; x_wconf 67' lang='lat' dir='ltr'><strong>Propter</strong></span> <span class='ocrx_word' id='word_1_309' title='bbox 1588 2012 1755 2067; x_wconf 80' lang='lat' dir='ltr'><strong>uniuersali·</strong></span> 
     </span>
     <span class='ocr_line' id='line_1_21' title="bbox 56 2093 1757 2173; baseline 0.006 -29"><span class='ocrx_word' id='word_1_310' title='bbox 56 2094 158 2167; x_wconf 68' lang='lat' dir='ltr'><strong>aliquis</strong></span> <span class='ocrx_word' id='word_1_311' title='bbox 184 2096 343 2169; x_wconf 73' lang='lat' dir='ltr'><strong>specialiter</strong></span> <span class='ocrx_word' id='word_1_312' title='bbox 367 2099 427 2155; x_wconf 77' lang='lat' dir='ltr'><strong>Dee</strong></span> <span class='ocrx_word' id='word_1_313' title='bbox 453 2105 549 2173; x_wconf 64' lang='lat' dir='ltr'>gratus</span> <span class='ocrx_word' id='word_1_314' title='bbox 575 2098 624 2164; x_wconf 75' lang='lat' dir='ltr'><strong>eit,</strong></span> <span class='ocrx_word' id='word_1_315' title='bbox 653 2097 736 2155; x_wconf 75' lang='lat' dir='ltr'><strong>etiem</strong></span> <span class='ocrx_word' id='word_1_316' title='bbox 754 2096 838 2153; x_wconf 72' lang='lat' dir='ltr'><strong>eliam</strong></span> <span class='ocrx_word' id='word_1_317' title='bbox 856 2096 892 2152; x_wconf 84' lang='lat' dir='ltr'><strong>eb</strong></span> <span class='ocrx_word' id='word_1_318' title='bbox 919 2098 1002 2145; x_wconf 79' lang='lat' dir='ltr'><strong>tatem</strong></span> <span class='ocrx_word' id='word_1_319' title='bbox 1024 2093 1144 2163; x_wconf 74' lang='lat' dir='ltr'><strong>sssbjecti</strong></span> <span class='ocrx_word' id='word_1_320' title='bbox 1164 2094 1287 2167; x_wconf 91' lang='lat' dir='ltr'><strong>loquitur</strong></span> <span class='ocrx_word' id='word_1_321' title='bbox 1307 2096 1449 2168; x_wconf 88' lang='lat' dir='ltr'><strong>apostolus</strong></span> <span class='ocrx_word' id='word_1_322' title='bbox 1469 2115 1526 2153; x_wconf 90' lang='lat' dir='ltr'><strong>nou</strong></span> <span class='ocrx_word' id='word_1_323' title='bbox 1552 2098 1587 2154; x_wconf 91' lang='lat' dir='ltr'><strong>de</strong></span> <span class='ocrx_word' id='word_1_324' title='bbox 1609 2097 1757 2171; x_wconf 87' lang='lat' dir='ltr'><strong>sapientio-</strong></span> 
     </span>
     <span class='ocr_line' id='line_1_22' title="bbox 56 2175 1755 2257; baseline 0.002 -21"><span class='ocrx_word' id='word_1_325' title='bbox 56 2198 181 2247; x_wconf 85' lang='lat' dir='ltr'><strong>csusam,</strong></span> <span class='ocrx_word' id='word_1_326' title='bbox 202 2200 286 2256; x_wconf 87' lang='lat' dir='ltr'><strong>quam</strong></span> <span class='ocrx_word' id='word_1_327' title='bbox 308 2184 374 2257; x_wconf 89' lang='lat' dir='ltr'><strong>quia</strong></span> <span class='ocrx_word' id='word_1_328' title='bbox 392 2187 451 2256; x_wconf 88' lang='lat' dir='ltr'><strong>ejus</strong></span> <span class='ocrx_word' id='word_1_329' title='bbox 469 2191 512 2241; x_wconf 91' lang='lat' dir='ltr'><strong>est</strong></span> <span class='ocrx_word' id='word_1_330' title='bbox 530 2192 673 2255; x_wconf 88' lang='lat' dir='ltr'><strong>creatura,</strong></span> <span class='ocrx_word' id='word_1_331' title='bbox 696 2201 752 2239; x_wconf 93' lang='lat' dir='ltr'><strong>non</strong></span> <span class='ocrx_word' id='word_1_332' title='bbox 769 2183 893 2256; x_wconf 83' lang='lat' dir='ltr'><strong>require·</strong></span> <span class='ocrx_word' id='word_1_333' title='bbox 917 2175 1002 2242; x_wconf 91' lang='lat' dir='ltr'><strong>ribus,</strong></span> <span class='ocrx_word' id='word_1_334' title='bbox 1020 2178 1123 2237; x_wconf 87' lang='lat' dir='ltr'><strong>sedda</strong></span> <span class='ocrx_word' id='word_1_335' title='bbox 1142 2181 1270 2236; x_wconf 92' lang='lat' dir='ltr'><strong>omnibus</strong></span> <span class='ocrx_word' id='word_1_336' title='bbox 1289 2182 1449 2254; x_wconf 87' lang='lat' dir='ltr'><strong>gentilibus,</strong></span> <span class='ocrx_word' id='word_1_337' title='bbox 1466 2192 1499 2238; x_wconf 88' lang='lat' dir='ltr'><strong>ut</strong></span> <span class='ocrx_word' id='word_1_338' title='bbox 1516 2185 1638 2239; x_wconf 86' lang='lat' dir='ltr'><strong>ostendit</strong></span> <span class='ocrx_word' id='word_1_339' title='bbox 1655 2184 1755 2240; x_wconf 84' lang='grc'>111111-</span> 
     </span>
     <span class='ocr_line' id='line_1_23' title="bbox 56 2261 1756 2342; baseline 0.006 -27"><span class='ocrx_word' id='word_1_340' title='bbox 56 2265 112 2338; x_wconf 74' lang='lat' dir='ltr'><strong>tur,</strong></span> <span class='ocrx_word' id='word_1_341' title='bbox 130 2271 163 2323; x_wconf 85' lang='lat' dir='ltr'><strong>ut</strong></span> <span class='ocrx_word' id='word_1_342' title='bbox 179 2269 275 2324; x_wconf 68' lang='lat' dir='ltr'><strong>eredat</strong></span> <span class='ocrx_word' id='word_1_343' title='bbox 292 2287 352 2327; x_wconf 65' lang='lat' dir='ltr'><strong>egee</strong></span> <span class='ocrx_word' id='word_1_344' title='bbox 369 2271 468 2342; x_wconf 65' lang='lat' dir='ltr'><strong>Deum,</strong></span> <span class='ocrx_word' id='word_1_345' title='bbox 489 2290 554 2326; x_wconf 76' lang='lat' dir='ltr'><strong>eum</strong></span> <span class='ocrx_word' id='word_1_346' title='bbox 571 2271 672 2327; x_wconf 64' lang='lat' dir='ltr'><strong>diserte</strong></span> <span class='ocrx_word' id='word_1_347' title='bbox 692 2271 767 2326; x_wconf 76' lang='lat' dir='ltr'><strong>(lieet</strong></span> <span class='ocrx_word' id='word_1_348' title='bbox 783 2276 893 2342; x_wconf 65' lang='lat' dir='ltr'><strong>aposto·</strong></span> <span class='ocrx_word' id='word_1_349' title='bbox 917 2261 962 2317; x_wconf 86' lang='lat' dir='ltr'><strong>lus</strong></span> <span class='ocrx_word' id='word_1_350' title='bbox 986 2267 1056 2333; x_wconf 77' lang='grc' dir='ltr'>τῶν,</span> <span class='ocrx_word' id='word_1_351' title='bbox 1083 2265 1131 2337; x_wconf 87' lang='lat' dir='ltr'><strong>qui</strong></span> <span class='ocrx_word' id='word_1_352' title='bbox 1154 2284 1210 2322; x_wconf 89' lang='lat' dir='ltr'><strong>non</strong></span> <span class='ocrx_word' id='word_1_353' title='bbox 1234 2272 1276 2322; x_wconf 81' lang='lat' dir='ltr'><strong>est</strong></span> <span class='ocrx_word' id='word_1_354' title='bbox 1293 2268 1474 2338; x_wconf 75' lang='grc' dir='ltr'><strong>διακριτικός,</strong></span> <span class='ocrx_word' id='word_1_355' title='bbox 1501 2269 1550 2324; x_wconf 88' lang='lat' dir='ltr'><strong>scd</strong></span> <span class='ocrx_word' id='word_1_356' title='bbox 1569 2268 1756 2342; x_wconf 72' lang='lat' dir='ltr'><strong>cinoloysrdc,</strong></span> 
     </span>
     <span class='ocr_line' id='line_1_24' title="bbox 56 2349 1755 2428; baseline 0.005 -24"><span class='ocrx_word' id='word_1_357' title='bbox 56 2355 100 2411; x_wconf 79' lang='lat' dir='ltr'><strong>lus</strong></span> <span class='ocrx_word' id='word_1_358' title='bbox 129 2353 215 2412; x_wconf 66' lang='lat' dir='ltr'><strong>Hebe,</strong></span> <span class='ocrx_word' id='word_1_359' title='bbox 238 2362 283 2424; x_wconf 79' lang='grc' dir='ltr'><strong>ιι,</strong></span> <span class='ocrx_word' id='word_1_360' title='bbox 305 2376 331 2412; x_wconf 80' lang='lat' dir='ltr'><strong>v,</strong></span> <span class='ocrx_word' id='word_1_361' title='bbox 350 2364 378 2415; x_wconf 64' lang='grc' dir='ltr'><strong>ὃς</strong></span> <span class='ocrx_word' id='word_1_362' title='bbox 409 2360 595 2414; x_wconf 66' lang='lat' dir='ltr'><strong>Aeeedeesem</strong></span> <span class='ocrx_word' id='word_1_363' title='bbox 615 2360 657 2413; x_wconf 71' lang='lat' dir='ltr'><strong>ad</strong></span> <span class='ocrx_word' id='word_1_364' title='bbox 672 2360 766 2412; x_wconf 75' lang='lat' dir='ltr'><strong>Deum</strong></span> <span class='ocrx_word' id='word_1_365' title='bbox 786 2365 893 2427; x_wconf 56' lang='lat' dir='ltr'><strong>oporiet</strong></span> <span class='ocrx_word' id='word_1_366' title='bbox 918 2349 1066 2406; x_wconf 87' lang='lat' dir='ltr'><strong>ostendens</strong></span> <span class='ocrx_word' id='word_1_367' title='bbox 1088 2369 1215 2425; x_wconf 90' lang='lat' dir='ltr'><strong>causam,</strong></span> <span class='ocrx_word' id='word_1_368' title='bbox 1238 2372 1288 2409; x_wconf 90' lang='lat' dir='ltr'><strong>cur</strong></span> <span class='ocrx_word' id='word_1_369' title='bbox 1312 2371 1396 2428; x_wconf 87' lang='lat' dir='ltr'><strong>super</strong></span> <span class='ocrx_word' id='word_1_370' title='bbox 1414 2374 1507 2412; x_wconf 88' lang='lat' dir='ltr'><strong>omnes</strong></span> <span class='ocrx_word' id='word_1_371' title='bbox 1525 2357 1567 2413; x_wconf 90' lang='lat' dir='ltr'><strong>ira</strong></span> <span class='ocrx_word' id='word_1_372' title='bbox 1581 2357 1635 2412; x_wconf 90' lang='lat' dir='ltr'><strong>Dei</strong></span> <span class='ocrx_word' id='word_1_373' title='bbox 1653 2358 1755 2428; x_wconf 83' lang='lat' dir='ltr'><strong>veniat,</strong></span> 
     </span>
     <span class='ocr_line' id='line_1_25' title="bbox 56 2435 1756 2516; baseline 0.002 -21"><span class='ocrx_word' id='word_1_374' title='bbox 56 2443 184 2513; x_wconf 70' lang='lat' dir='ltr'><strong>medere,</strong></span> <span class='ocrx_word' id='word_1_375' title='bbox 207 2445 284 2513; x_wconf 79' lang='lat' dir='ltr'><strong>qaod</strong></span> <span class='ocrx_word' id='word_1_376' title='bbox 305 2445 343 2497; x_wconf 83' lang='lat' dir='ltr'><strong>sit</strong></span> <span class='ocrx_word' id='word_1_377' title='bbox 366 2453 392 2499; x_wconf 88' lang='lat' dir='ltr'><strong>et</strong></span> <span class='ocrx_word' id='word_1_378' title='bbox 415 2447 491 2514; x_wconf 72' lang='lat' dir='ltr'><strong>quod</strong></span> <span class='ocrx_word' id='word_1_379' title='bbox 513 2445 714 2516; x_wconf 75' lang='lat' dir='ltr'><strong>requirentibus</strong></span> <span class='ocrx_word' id='word_1_380' title='bbox 738 2445 829 2512; x_wconf 71' lang='lat' dir='ltr'><strong>ipsassm</strong></span> <span class='ocrx_word' id='word_1_381' title='bbox 852 2460 893 2497; x_wconf 88' lang='lat' dir='ltr'><strong>re·</strong></span> <span class='ocrx_word' id='word_1_382' title='bbox 918 2435 1048 2492; x_wconf 80' lang='lat' dir='ltr'><strong>nimirum</strong></span> <span class='ocrx_word' id='word_1_383' title='bbox 1066 2439 1134 2510; x_wconf 74' lang='lat' dir='ltr'><strong>quit</strong></span> <span class='ocrx_word' id='word_1_384' title='bbox 1151 2457 1245 2496; x_wconf 89' lang='lat' dir='ltr'><strong>omncs</strong></span> <span class='ocrx_word' id='word_1_385' title='bbox 1265 2442 1411 2498; x_wconf 78' lang='lat' dir='ltr'><strong>veritatem</strong></span> <span class='ocrx_word' id='word_1_386' title='bbox 1430 2442 1578 2499; x_wconf 84' lang='lat' dir='ltr'><strong>detineant</strong></span> <span class='ocrx_word' id='word_1_387' title='bbox 1608 2443 1673 2499; x_wconf 85' lang='lat' dir='ltr'><strong>Jam</strong></span> <span class='ocrx_word' id='word_1_388' title='bbox 1691 2460 1756 2499; x_wconf 83' lang='lat' dir='ltr'><strong>vero</strong></span> 
     </span>
     <span class='ocr_line' id='line_1_26' title="bbox 55 2522 1755 2607; baseline 0.001 -26"><span class='ocrx_word' id='word_1_389' title='bbox 55 2536 218 2581; x_wconf 79' lang='lat' dir='ltr'><strong>munerator</strong></span> <span class='ocrx_word' id='word_1_390' title='bbox 244 2528 302 2581; x_wconf 78' lang='lat' dir='ltr'><strong>ait.t</strong></span> <span class='ocrx_word' id='word_1_391' title='bbox 328 2526 457 2607; x_wconf 75' lang='lat' dir='ltr'><strong>¹liegerit</strong></span> <span class='ocrx_word' id='word_1_392' title='bbox 486 2530 598 2604; x_wconf 89' lang='lat' dir='ltr'><strong>quidem</strong></span> <span class='ocrx_word' id='word_1_393' title='bbox 633 2531 790 2601; x_wconf 85' lang='lat' dir='ltr'><strong>apostolum</strong></span> <span class='ocrx_word' id='word_1_394' title='bbox 816 2529 896 2599; x_wconf 71' lang='lat' dir='ltr'><strong>loqui</strong></span> <span class='ocrx_word' id='word_1_395' title='bbox 919 2522 1019 2579; x_wconf 90' lang='lat' dir='ltr'><strong>notitia</strong></span> <span class='ocrx_word' id='word_1_396' title='bbox 1040 2522 1089 2579; x_wconf 92' lang='lat' dir='ltr'><strong>illa</strong></span> <span class='ocrx_word' id='word_1_397' title='bbox 1113 2526 1250 2598; x_wconf 90' lang='lat' dir='ltr'><strong>acquisita</strong></span> <span class='ocrx_word' id='word_1_398' title='bbox 1269 2546 1325 2585; x_wconf 89' lang='lat' dir='ltr'><strong>nou</strong></span> <span class='ocrx_word' id='word_1_399' title='bbox 1349 2528 1491 2594; x_wconf 90' lang='lat' dir='ltr'><strong>omuibus,</strong></span> <span class='ocrx_word' id='word_1_400' title='bbox 1516 2530 1565 2584; x_wconf 91' lang='lat' dir='ltr'><strong>sed</strong></span> <span class='ocrx_word' id='word_1_401' title='bbox 1583 2529 1755 2600; x_wconf 87' lang='lat' dir='ltr'><strong>potissimum</strong></span> 
     </span>
     <span class='ocr_line' id='line_1_27' title="bbox 56 2608 1756 2686; baseline 0.001 -19"><span class='ocrx_word' id='word_1_402' title='bbox 56 2614 93 2667; x_wconf 80' lang='lat' dir='ltr'><strong>de</strong></span> <span class='ocrx_word' id='word_1_403' title='bbox 114 2613 166 2683; x_wconf 83' lang='lat' dir='ltr'><strong>s&#39;is,</strong></span> <span class='ocrx_word' id='word_1_404' title='bbox 195 2612 246 2683; x_wconf 77' lang='lat' dir='ltr'><strong>qui</strong></span> <span class='ocrx_word' id='word_1_405' title='bbox 266 2614 409 2683; x_wconf 65' lang='grc' dir='ltr'>1119111νί</span> <span class='ocrx_word' id='word_1_406' title='bbox 429 2619 555 2685; x_wconf 70' lang='lat' dir='ltr'><strong>madum</strong></span> <span class='ocrx_word' id='word_1_407' title='bbox 580 2636 615 2672; x_wconf 88' lang='lat' dir='ltr'><strong>cc</strong></span> <span class='ocrx_word' id='word_1_408' title='bbox 638 2636 694 2672; x_wconf 80' lang='lat' dir='ltr'><strong>aon</strong></span> <span class='ocrx_word' id='word_1_409' title='bbox 718 2615 832 2685; x_wconf 73' lang='lat' dir='ltr'><strong>culpari</strong></span> <span class='ocrx_word' id='word_1_410' title='bbox 846 2633 894 2669; x_wconf 85' lang='lat' dir='ltr'><strong>ra·</strong></span> <span class='ocrx_word' id='word_1_411' title='bbox 919 2608 1133 2680; x_wconf 86' lang='lat' dir='ltr'><strong>sapientioribus</strong></span> <span class='ocrx_word' id='word_1_412' title='bbox 1152 2612 1292 2683; x_wconf 85' lang='lat' dir='ltr'><strong>competit</strong></span> <span class='ocrx_word' id='word_1_413' title='bbox 1330 2620 1354 2670; x_wconf 84' lang='lat'><strong>2.</strong></span> <span class='ocrx_word' id='word_1_414' title='bbox 1371 2622 1485 2686; x_wconf 87' lang='lat' dir='ltr'><strong>propter</strong></span> <span class='ocrx_word' id='word_1_415' title='bbox 1498 2616 1614 2671; x_wconf 81' lang='lat' dir='ltr'><strong>verbum</strong></span> <span class='ocrx_word' id='word_1_416' title='bbox 1625 2619 1756 2684; x_wconf 78' lang='grc' dir='ltr'>καιέχειν,</span> 
     </span>
     <span class='ocr_line' id='line_1_28' title="bbox 56 2693 1756 2774; baseline 0.001 -20"><span class='ocrx_word' id='word_1_417' title='bbox 56 2701 133 2754; x_wconf 74' lang='grc'>11111</span> <span class='ocrx_word' id='word_1_418' title='bbox 149 2700 214 2754; x_wconf 88' lang='lat' dir='ltr'><strong>Deo</strong></span> <span class='ocrx_word' id='word_1_419' title='bbox 231 2701 308 2769; x_wconf 74' lang='lat' dir='ltr'><strong>prati</strong></span> <span class='ocrx_word' id='word_1_420' title='bbox 325 2709 409 2770; x_wconf 81' lang='lat' dir='ltr'><strong>atquc</strong></span> <span class='ocrx_word' id='word_1_421' title='bbox 429 2704 538 2773; x_wconf 75' lang='lat' dir='ltr'><strong>accepts·</strong></span> <span class='ocrx_word' id='word_1_422' title='bbox 554 2710 630 2772; x_wconf 70' lang='lat' dir='ltr'><strong>aava,</strong></span> <span class='ocrx_word' id='word_1_423' title='bbox 650 2702 744 2773; x_wconf 67' lang='lat' dir='ltr'><strong>esselis</strong></span> <span class='ocrx_word' id='word_1_424' title='bbox 763 2701 894 2756; x_wconf 76' lang='lat' dir='ltr'><strong>Erectus</strong></span> <span class='ocrx_word' id='word_1_425' title='bbox 920 2693 995 2766; x_wconf 90' lang='lat' dir='ltr'><strong>quod</strong></span> <span class='ocrx_word' id='word_1_426' title='bbox 1019 2695 1140 2752; x_wconf 87' lang='lat' dir='ltr'><strong>ostendit</strong></span> <span class='ocrx_word' id='word_1_427' title='bbox 1157 2697 1269 2754; x_wconf 87' lang='lat' dir='ltr'><strong>notitias</strong></span> <span class='ocrx_word' id='word_1_428' title='bbox 1287 2699 1397 2755; x_wconf 90' lang='lat' dir='ltr'><strong>innatas</strong></span> <span class='ocrx_word' id='word_1_429' title='bbox 1413 2700 1550 2772; x_wconf 81' lang='lat' dir='ltr'><strong>practicus</strong></span> <span class='ocrx_word' id='word_1_430' title='bbox 1569 2718 1586 2756; x_wconf 95' lang='lat' dir='ltr'><strong>a</strong></span> <span class='ocrx_word' id='word_1_431' title='bbox 1605 2700 1756 2774; x_wconf 88' lang='lat' dir='ltr'><strong>gentilibus</strong></span> 
     </span>
     <span class='ocr_line' id='line_1_29' title="bbox 57 2780 1756 2860; baseline 0.002 -21"><span class='ocrx_word' id='word_1_432' title='bbox 57 2786 132 2854; x_wconf 71' lang='lat' dir='ltr'><strong>fait,</strong></span> <span class='ocrx_word' id='word_1_433' title='bbox 158 2785 208 2840; x_wconf 91' lang='lat' dir='ltr'><strong>sed</strong></span> <span class='ocrx_word' id='word_1_434' title='bbox 232 2784 322 2841; x_wconf 76' lang='lat' dir='ltr'><strong>facilis</strong></span> <span class='ocrx_word' id='word_1_435' title='bbox 349 2793 391 2840; x_wconf 88' lang='lat' dir='ltr'><strong>est</strong></span> <span class='ocrx_word' id='word_1_436' title='bbox 412 2788 554 2859; x_wconf 89' lang='lat' dir='ltr'><strong>responsio</strong></span> <span class='ocrx_word' id='word_1_437' title='bbox 572 2789 728 2860; x_wconf 90' lang='lat' dir='ltr'><strong>apostolum</strong></span> <span class='ocrx_word' id='word_1_438' title='bbox 746 2786 895 2843; x_wconf 88' lang='lat' dir='ltr'><strong>transferre</strong></span> <span class='ocrx_word' id='word_1_439' title='bbox 919 2780 948 2834; x_wconf 81' lang='lat' dir='ltr'><strong>in</strong></span> <span class='ocrx_word' id='word_1_440' title='bbox 966 2797 1076 2838; x_wconf 75' lang='lat' dir='ltr'><strong>carcere</strong></span> <span class='ocrx_word' id='word_1_441' title='bbox 1089 2783 1210 2855; x_wconf 90' lang='lat' dir='ltr'><strong>quodam</strong></span> <span class='ocrx_word' id='word_1_442' title='bbox 1223 2785 1378 2857; x_wconf 88' lang='lat' dir='ltr'><strong>injustitiae</strong></span> <span class='ocrx_word' id='word_1_443' title='bbox 1397 2786 1476 2858; x_wconf 88' lang='lat' dir='ltr'><strong>qu&#39;asi</strong></span> <span class='ocrx_word' id='word_1_444' title='bbox 1493 2786 1617 2860; x_wconf 85' lang='lat' dir='ltr'><strong>captivas</strong></span> <span class='ocrx_word' id='word_1_445' title='bbox 1631 2786 1756 2857; x_wconf 88' lang='lat' dir='ltr'><strong>detineri,</strong></span> 
     </span>
     <span class='ocr_line' id='line_1_30' title="bbox 56 2864 1755 2947; baseline 0.006 -28"><span class='ocrx_word' id='word_1_446' title='bbox 56 2870 226 2945; x_wconf 72' lang='lat' dir='ltr'><strong>hypothesin</strong></span> <span class='ocrx_word' id='word_1_447' title='bbox 248 2872 284 2926; x_wconf 71' lang='lat' dir='ltr'><strong>ad</strong></span> <span class='ocrx_word' id='word_1_448' title='bbox 306 2870 398 2928; x_wconf 73' lang='lat' dir='ltr'><strong>thesin</strong></span> <span class='ocrx_word' id='word_1_449' title='bbox 422 2880 451 2928; x_wconf 78' lang='lat' dir='ltr'><strong>et</strong></span> <span class='ocrx_word' id='word_1_450' title='bbox 475 2890 508 2929; x_wconf 80' lang='lat' dir='ltr'><strong>ex</strong></span> <span class='ocrx_word' id='word_1_451' title='bbox 534 2874 647 2946; x_wconf 72' lang='lat' dir='ltr'><strong>speciali</strong></span> <span class='ocrx_word' id='word_1_452' title='bbox 673 2875 797 2947; x_wconf 78' lang='lat' dir='ltr'><strong>exemplo</strong></span> <span class='ocrx_word' id='word_1_453' title='bbox 819 2872 895 2930; x_wconf 83' lang='lat' dir='ltr'><strong>eelli·</strong></span> <span class='ocrx_word' id='word_1_454' title='bbox 920 2864 987 2920; x_wconf 84' lang='grc'>(111111</span> <span class='ocrx_word' id='word_1_455' title='bbox 1011 2866 1045 2923; x_wconf 77' lang='lat' dir='ltr'><strong>iis</strong></span> <span class='ocrx_word' id='word_1_456' title='bbox 1068 2886 1125 2924; x_wconf 90' lang='grc'>11011</span> <span class='ocrx_word' id='word_1_457' title='bbox 1142 2870 1357 2944; x_wconf 68' lang='lat' dir='ltr'><strong>obtemperatur.</strong></span> <span class='ocrx_word' id='word_1_458' title='bbox 1392 2872 1538 2928; x_wconf 71' lang='grc'>(1111111110</span> <span class='ocrx_word' id='word_1_459' title='bbox 1558 2872 1672 2930; x_wconf 70' lang='lat' dir='ltr'><strong>notitiae</strong></span> <span class='ocrx_word' id='word_1_460' title='bbox 1689 2874 1755 2929; x_wconf 70' lang='lat' dir='ltr'><strong>illae</strong></span> 
     </span>
     <span class='ocr_line' id='line_1_31' title="bbox 57 2952 1754 3033; baseline 0.004 -26"><span class='ocrx_word' id='word_1_461' title='bbox 57 2975 125 3033; x_wconf 69' lang='lat' dir='ltr'><strong>gere</strong></span> <span class='ocrx_word' id='word_1_462' title='bbox 152 2959 280 3031; x_wconf 77' lang='lat' dir='ltr'><strong>regulam</strong></span> <span class='ocrx_word' id='word_1_463' title='bbox 302 2959 474 3031; x_wconf 71' lang='lat' dir='ltr'><strong>generalem,</strong></span> <span class='ocrx_word' id='word_1_464' title='bbox 504 2961 579 3033; x_wconf 80' lang='lat' dir='ltr'><strong>qued</strong></span> <span class='ocrx_word' id='word_1_465' title='bbox 603 2960 727 3033; x_wconf 69' lang='lat' dir='ltr'><strong>quisquis</strong></span> <span class='ocrx_word' id='word_1_466' title='bbox 751 2977 817 3016; x_wconf 71' lang='lat' dir='ltr'><strong>vere</strong></span> <span class='ocrx_word' id='word_1_467' title='bbox 840 2959 895 3016; x_wconf 82' lang='lat' dir='ltr'><strong>fide</strong></span> <span class='ocrx_word' id='word_1_468' title='bbox 919 2952 1059 3024; x_wconf 82' lang='lat' dir='ltr'><strong>practicae</strong></span> <span class='ocrx_word' id='word_1_469' title='bbox 1082 2955 1119 3010; x_wconf 92' lang='lat' dir='ltr'><strong>ad</strong></span> <span class='ocrx_word' id='word_1_470' title='bbox 1142 2955 1266 3011; x_wconf 90' lang='lat' dir='ltr'><strong>innatam</strong></span> <span class='ocrx_word' id='word_1_471' title='bbox 1291 2958 1383 3030; x_wconf 92' lang='lat' dir='ltr'><strong>potius</strong></span> <span class='ocrx_word' id='word_1_472' title='bbox 1402 2975 1484 3030; x_wconf 88' lang='lat' dir='ltr'><strong>quam</strong></span> <span class='ocrx_word' id='word_1_473' title='bbox 1502 2957 1668 3031; x_wconf 87' lang='lat' dir='ltr'><strong>acquisitam</strong></span> <span class='ocrx_word' id='word_1_474' title='bbox 1685 2959 1754 3013; x_wconf 89' lang='lat' dir='ltr'><strong>noti·</strong></span> 
     </span>
     <span class='ocr_line' id='line_1_32' title="bbox 58 3037 1755 3119; baseline -0.002 -18"><span class='ocrx_word' id='word_1_475' title='bbox 58 3046 95 3101; x_wconf 90' lang='lat' dir='ltr'><strong>ad</strong></span> <span class='ocrx_word' id='word_1_476' title='bbox 119 3043 211 3102; x_wconf 90' lang='lat' dir='ltr'><strong>Deum</strong></span> <span class='ocrx_word' id='word_1_477' title='bbox 238 3044 371 3101; x_wconf 85' lang='lat' dir='ltr'><strong>accedero</strong></span> <span class='ocrx_word' id='word_1_478' title='bbox 394 3044 503 3117; x_wconf 85' lang='lat' dir='ltr'><strong>ipsique</strong></span> <span class='ocrx_word' id='word_1_479' title='bbox 521 3053 616 3119; x_wconf 81' lang='lat' dir='ltr'><strong>gratus</strong></span> <span class='ocrx_word' id='word_1_480' title='bbox 634 3064 694 3102; x_wconf 88' lang='lat' dir='ltr'><strong>esse</strong></span> <span class='ocrx_word' id='word_1_481' title='bbox 713 3046 796 3116; x_wconf 79' lang='lat' dir='ltr'><strong>velit,</strong></span> <span class='ocrx_word' id='word_1_482' title='bbox 814 3046 894 3101; x_wconf 89' lang='lat' dir='ltr'><strong>illum</strong></span> <span class='ocrx_word' id='word_1_483' title='bbox 919 3037 987 3093; x_wconf 66' lang='lat' dir='ltr'><strong>tiam</strong></span> <span class='ocrx_word' id='word_1_484' title='bbox 1000 3040 1146 3111; x_wconf 81' lang='lat' dir='ltr'><strong>pertinent</strong></span> <span class='ocrx_word' id='word_1_485' title='bbox 1176 3048 1331 3114; x_wconf 69' lang='lat' dir='ltr'><strong>epraeter</strong></span> <span class='ocrx_word' id='word_1_486' title='bbox 1347 3042 1755 3115; x_wconf 75' lang='grc' dir='ltr'>11111111111111111ωῦγνω-</span> 
     </span>
     <span class='ocr_line' id='line_1_33' title="bbox 57 3120 1756 3204; baseline -0.002 -17"><span class='ocrx_word' id='word_1_487' title='bbox 57 3138 187 3204; x_wconf 86' lang='lat' dir='ltr'><strong>oportaet</strong></span> <span class='ocrx_word' id='word_1_488' title='bbox 204 3130 314 3188; x_wconf 87' lang='lat' dir='ltr'><strong>credere</strong></span> <span class='ocrx_word' id='word_1_489' title='bbox 334 3148 393 3188; x_wconf 87' lang='lat' dir='ltr'><strong>esse</strong></span> <span class='ocrx_word' id='word_1_490' title='bbox 412 3127 503 3187; x_wconf 89' lang='lat' dir='ltr'><strong>Deum</strong></span> <span class='ocrx_word' id='word_1_491' title='bbox 521 3144 548 3188; x_wconf 89' lang='lat' dir='ltr'><strong>et</strong></span> <span class='ocrx_word' id='word_1_492' title='bbox 565 3132 683 3188; x_wconf 87' lang='lat' dir='ltr'><strong>eundem</strong></span> <span class='ocrx_word' id='word_1_493' title='bbox 700 3149 760 3189; x_wconf 89' lang='lat' dir='ltr'><strong>esse</strong></span> <span class='ocrx_word' id='word_1_494' title='bbox 777 3131 895 3187; x_wconf 88' lang='lat' dir='ltr'><strong>retribu-</strong></span> <span class='ocrx_word' id='word_1_495' title='bbox 921 3128 987 3179; x_wconf 80' lang='grc' dir='ltr'><em>στοῡ</em></span> <span class='ocrx_word' id='word_1_496' title='bbox 1005 3126 1034 3181; x_wconf 92' lang='lat' dir='ltr'><strong>in</strong></span> <span class='ocrx_word' id='word_1_497' title='bbox 1046 3126 1206 3200; x_wconf 86' lang='lat' dir='ltr'><strong>gentilibus.</strong></span> <span class='ocrx_word' id='word_1_498' title='bbox 1228 3120 1339 3185; x_wconf 87' lang='lat' dir='ltr'><strong>Dicitur</strong></span> <span class='ocrx_word' id='word_1_499' title='bbox 1355 3129 1428 3185; x_wconf 89' lang='lat' dir='ltr'><strong>enim</strong></span> <span class='ocrx_word' id='word_1_500' title='bbox 1442 3130 1512 3185; x_wconf 90' lang='lat' dir='ltr'><strong>illud</strong></span> <span class='ocrx_word' id='word_1_501' title='bbox 1530 3129 1657 3201; x_wconf 74' lang='lat' dir='ltr'><strong>ysoardo</strong></span> <span class='ocrx_word' id='word_1_502' title='bbox 1674 3131 1756 3194; x_wconf 77' lang='grc' dir='ltr'>Θεοῦ,</span> 
     </span>
     <span class='ocr_line' id='line_1_34' title="bbox 57 3213 1755 3291; baseline 0.002 -22"><span class='ocrx_word' id='word_1_503' title='bbox 57 3224 160 3283; x_wconf 82' lang='lat' dir='ltr'><strong>torem,</strong></span> <span class='ocrx_word' id='word_1_504' title='bbox 195 3234 280 3273; x_wconf 79' lang='lat' dir='ltr'><strong>coece</strong></span> <span class='ocrx_word' id='word_1_505' title='bbox 302 3219 427 3288; x_wconf 82' lang='lat' dir='ltr'><strong>profecto</strong></span> <span class='ocrx_word' id='word_1_506' title='bbox 444 3217 528 3273; x_wconf 84' lang='lat' dir='ltr'><strong>fuerit</strong></span> <span class='ocrx_word' id='word_1_507' title='bbox 545 3217 716 3287; x_wconf 79' lang='lat' dir='ltr'><strong>obedientia,</strong></span> <span class='ocrx_word' id='word_1_508' title='bbox 744 3234 816 3291; x_wconf 80' lang='lat' dir='ltr'><strong>quse</strong></span> <span class='ocrx_word' id='word_1_509' title='bbox 834 3218 895 3275; x_wconf 81' lang='lat' dir='ltr'><strong>Deo</strong></span> <span class='ocrx_word' id='word_1_510' title='bbox 921 3214 995 3285; x_wconf 90' lang='lat' dir='ltr'><strong>quod</strong></span> <span class='ocrx_word' id='word_1_511' title='bbox 1014 3213 1121 3270; x_wconf 91' lang='lat' dir='ltr'><strong>deDeo</strong></span> <span class='ocrx_word' id='word_1_512' title='bbox 1139 3215 1269 3289; x_wconf 82' lang='lat' dir='ltr'><strong>cognosci</strong></span> <span class='ocrx_word' id='word_1_513' title='bbox 1282 3216 1373 3287; x_wconf 86' lang='lat' dir='ltr'><strong>debet,</strong></span> <span class='ocrx_word' id='word_1_514' title='bbox 1391 3233 1452 3272; x_wconf 90' lang='lat' dir='ltr'><strong>esse</strong></span> <span class='ocrx_word' id='word_1_515' title='bbox 1464 3216 1639 3273; x_wconf 86' lang='lat' dir='ltr'><strong>manifestum</strong></span> <span class='ocrx_word' id='word_1_516' title='bbox 1657 3224 1685 3273; x_wconf 92' lang='lat' dir='ltr'><strong>et</strong></span> <span class='ocrx_word' id='word_1_517' title='bbox 1697 3216 1755 3272; x_wconf 90' lang='lat' dir='ltr'><strong>sine</strong></span> 
     </span>
     <span class='ocr_line' id='line_1_35' title="bbox 57 3299 1756 3378; baseline 0 -19"><span class='ocrx_word' id='word_1_518' title='bbox 57 3302 187 3374; x_wconf 88' lang='lat' dir='ltr'><strong>obediat,</strong></span> <span class='ocrx_word' id='word_1_519' title='bbox 221 3302 330 3360; x_wconf 92' lang='lat' dir='ltr'><strong>interim</strong></span> <span class='ocrx_word' id='word_1_520' title='bbox 358 3304 450 3359; x_wconf 90' lang='lat' dir='ltr'><strong>Deum</strong></span> <span class='ocrx_word' id='word_1_521' title='bbox 471 3319 531 3358; x_wconf 87' lang='lat' dir='ltr'><strong>essa</strong></span> <span class='ocrx_word' id='word_1_522' title='bbox 553 3303 667 3359; x_wconf 87' lang='lat' dir='ltr'><strong>nesciat</strong></span> <span class='ocrx_word' id='word_1_523' title='bbox 704 3311 727 3360; x_wconf 84' lang='grc'><strong>1.</strong></span> <span class='ocrx_word' id='word_1_524' title='bbox 752 3304 895 3378; x_wconf 63' lang='lat' dir='ltr'><strong>wilfrede</strong></span> <span class='ocrx_word' id='word_1_525' title='bbox 922 3315 1036 3371; x_wconf 90' lang='lat' dir='ltr'><strong>operoso</strong></span> <span class='ocrx_word' id='word_1_526' title='bbox 1055 3299 1182 3356; x_wconf 89' lang='lat' dir='ltr'><strong>discursu</strong></span> <span class='ocrx_word' id='word_1_527' title='bbox 1201 3301 1373 3358; x_wconf 87' lang='lat' dir='ltr'><strong>innotescere</strong></span> <span class='ocrx_word' id='word_1_528' title='bbox 1391 3320 1446 3358; x_wconf 88' lang='lat' dir='ltr'><strong>nou</strong></span> <span class='ocrx_word' id='word_1_529' title='bbox 1472 3301 1543 3358; x_wconf 89' lang='lat' dir='ltr'><strong>inter</strong></span> <span class='ocrx_word' id='word_1_530' title='bbox 1566 3301 1655 3375; x_wconf 88' lang='lat' dir='ltr'><strong>ipsos,</strong></span> <span class='ocrx_word' id='word_1_531' title='bbox 1682 3303 1756 3376; x_wconf 92' lang='lat' dir='ltr'><strong>quod</strong></span> 
     </span>
     <span class='ocr_line' id='line_1_36' title="bbox 55 3378 1758 3461; baseline 0 -16"><span class='ocrx_word' id='word_1_532' title='bbox 55 3394 177 3445; x_wconf 86' lang='lat' dir='ltr'><strong>utuntur</strong></span> <span class='ocrx_word' id='word_1_533' title='bbox 198 3388 282 3445; x_wconf 78' lang='lat' dir='ltr'><strong>Lxx</strong></span> <span class='ocrx_word' id='word_1_534' title='bbox 308 3389 412 3445; x_wconf 87' lang='lat' dir='ltr'><strong>Psalm.</strong></span> <span class='ocrx_word' id='word_1_535' title='bbox 437 3395 482 3459; x_wconf 83' lang='lat'><strong>59,</strong></span> <span class='ocrx_word' id='word_1_536' title='bbox 507 3408 532 3446; x_wconf 82' lang='lat' dir='ltr'><strong>v.</strong></span> <span class='ocrx_word' id='word_1_537' title='bbox 555 3393 594 3446; x_wconf 88' lang='grc'><strong>11.</strong></span> <span class='ocrx_word' id='word_1_538' title='bbox 620 3407 670 3461; x_wconf 90' lang='lat' dir='ltr'><strong>pro</strong></span> <span class='ocrx_word' id='word_1_539' title='bbox 687 3378 757 3459; x_wconf 54' lang='lat' dir='ltr'><strong>tite&#39;t,</strong></span> <span class='ocrx_word' id='word_1_540' title='bbox 777 3390 807 3446; x_wconf 91' lang='lat' dir='ltr'><strong>in</strong></span> <span class='ocrx_word' id='word_1_541' title='bbox 823 3390 892 3461; x_wconf 86' lang='lat' dir='ltr'><strong>Pici,</strong></span> <span class='ocrx_word' id='word_1_542' title='bbox 922 3383 957 3440; x_wconf 90' lang='lat' dir='ltr'><strong>da</strong></span> <span class='ocrx_word' id='word_1_543' title='bbox 976 3383 1210 3456; x_wconf 87' lang='lat' dir='ltr'><strong>disputationibus</strong></span> <span class='ocrx_word' id='word_1_544' title='bbox 1229 3396 1257 3442; x_wconf 89' lang='lat' dir='ltr'><strong>et</strong></span> <span class='ocrx_word' id='word_1_545' title='bbox 1270 3387 1427 3460; x_wconf 86' lang='lat' dir='ltr'><strong>cognitione</strong></span> <span class='ocrx_word' id='word_1_546' title='bbox 1439 3384 1645 3460; x_wconf 86' lang='lat' dir='ltr'><strong>experimentali</strong></span> <span class='ocrx_word' id='word_1_547' title='bbox 1663 3398 1758 3460; x_wconf 89' lang='lat' dir='ltr'><strong>posset</strong></span> 
     </span>
     <span class='ocr_line' id='line_1_37' title="bbox 57 3470 1757 3549; baseline 0 -19"><span class='ocrx_word' id='word_1_548' title='bbox 57 3476 136 3549; x_wconf 87' lang='lat' dir='ltr'><strong>quod</strong></span> <span class='ocrx_word' id='word_1_549' title='bbox 152 3475 264 3547; x_wconf 87' lang='lat' dir='ltr'><strong>proprie</strong></span> <span class='ocrx_word' id='word_1_550' title='bbox 282 3472 421 3549; x_wconf 86' lang='lat' dir='ltr'><strong>significat</strong></span> <span class='ocrx_word' id='word_1_551' title='bbox 438 3477 565 3530; x_wconf 66' lang='lat' dir='ltr'><strong>visceribus</strong></span> <span class='ocrx_word' id='word_1_552' title='bbox 579 3477 714 3547; x_wconf 79' lang='lat' dir='ltr'><strong>palpare,</strong></span> <span class='ocrx_word' id='word_1_553' title='bbox 734 3476 807 3533; x_wconf 81' lang='lat' dir='ltr'><strong>sieut</strong></span> <span class='ocrx_word' id='word_1_554' title='bbox 820 3476 896 3533; x_wconf 83' lang='lat' dir='ltr'><strong>eoeei</strong></span> <span class='ocrx_word' id='word_1_555' title='bbox 921 3470 1049 3544; x_wconf 86' lang='lat' dir='ltr'><strong>intelligi,</strong></span> <span class='ocrx_word' id='word_1_556' title='bbox 1068 3473 1118 3528; x_wconf 91' lang='lat' dir='ltr'><strong>sed</strong></span> <span class='ocrx_word' id='word_1_557' title='bbox 1138 3472 1166 3527; x_wconf 89' lang='lat' dir='ltr'><strong>in</strong></span> <span class='ocrx_word' id='word_1_558' title='bbox 1185 3472 1261 3545; x_wconf 87' lang='lat' dir='ltr'><strong>ipsis,</strong></span> <span class='ocrx_word' id='word_1_559' title='bbox 1281 3473 1310 3529; x_wconf 92' lang='lat' dir='ltr'><strong>id</strong></span> <span class='ocrx_word' id='word_1_560' title='bbox 1329 3480 1372 3530; x_wconf 91' lang='lat' dir='ltr'><strong>est</strong></span> <span class='ocrx_word' id='word_1_561' title='bbox 1391 3474 1420 3529; x_wconf 92' lang='lat' dir='ltr'><strong>iu</strong></span> <span class='ocrx_word' id='word_1_562' title='bbox 1438 3474 1559 3547; x_wconf 87' lang='lat' dir='ltr'><strong>ipsorum</strong></span> <span class='ocrx_word' id='word_1_563' title='bbox 1577 3474 1715 3531; x_wconf 88' lang='lat' dir='ltr'><strong>cordibus.</strong></span> <span class='ocrx_word' id='word_1_564' title='bbox 1732 3483 1757 3533; x_wconf 81' lang='lat'><strong>4.</strong></span> 
     </span>
     <span class='ocr_line' id='line_1_38' title="bbox 56 3557 1756 3636; baseline 0.001 -19"><span class='ocrx_word' id='word_1_565' title='bbox 56 3562 162 3629; x_wconf 89' lang='lat' dir='ltr'><strong>solent,</strong></span> <span class='ocrx_word' id='word_1_566' title='bbox 188 3578 260 3636; x_wconf 90' lang='lat' dir='ltr'><strong>quae</strong></span> <span class='ocrx_word' id='word_1_567' title='bbox 283 3560 449 3635; x_wconf 85' lang='lat' dir='ltr'><strong>significatio</strong></span> <span class='ocrx_word' id='word_1_568' title='bbox 471 3562 536 3617; x_wconf 89' lang='lat' dir='ltr'><strong>huic</strong></span> <span class='ocrx_word' id='word_1_569' title='bbox 554 3562 614 3618; x_wconf 87' lang='lat' dir='ltr'><strong>loco</strong></span> <span class='ocrx_word' id='word_1_570' title='bbox 632 3562 744 3635; x_wconf 91' lang='lat' dir='ltr'><strong>proprie</strong></span> <span class='ocrx_word' id='word_1_571' title='bbox 762 3563 896 3636; x_wconf 77' lang='lat' dir='ltr'><strong>congruit.</strong></span> <span class='ocrx_word' id='word_1_572' title='bbox 920 3563 1035 3628; x_wconf 90' lang='lat' dir='ltr'><strong>propter</strong></span> <span class='ocrx_word' id='word_1_573' title='bbox 1052 3557 1262 3629; x_wconf 76' lang='lat' dir='ltr'><strong>explicationem</strong></span> <span class='ocrx_word' id='word_1_574' title='bbox 1280 3560 1355 3615; x_wconf 90' lang='lat' dir='ltr'><strong>illius</strong></span> <span class='ocrx_word' id='word_1_575' title='bbox 1373 3562 1422 3615; x_wconf 80' lang='grc' dir='ltr'><strong>τοῦ</strong></span> <span class='ocrx_word' id='word_1_576' title='bbox 1431 3563 1557 3633; x_wconf 72' lang='grc' dir='ltr'>γνωστοῦ</span> <span class='ocrx_word' id='word_1_577' title='bbox 1575 3580 1598 3614; x_wconf 85' lang='lat' dir='ltr'><strong>v.</strong></span> <span class='ocrx_word' id='word_1_578' title='bbox 1612 3566 1653 3617; x_wconf 82' lang='grc'><strong>31.</strong></span> <span class='ocrx_word' id='word_1_579' title='bbox 1671 3561 1756 3617; x_wconf 89' lang='lat' dir='ltr'><strong>tradi-</strong></span> 
     </span>
     <span class='ocr_line' id='line_1_39' title="bbox 57 3644 1758 3722; baseline 0.002 -19"><span class='ocrx_word' id='word_1_580' title='bbox 57 3648 299 3717; x_wconf 86' lang='lat' dir='ltr'><strong>Qnemadmodam</strong></span> <span class='ocrx_word' id='word_1_581' title='bbox 321 3648 393 3705; x_wconf 89' lang='lat' dir='ltr'><strong>enim</strong></span> <span class='ocrx_word' id='word_1_582' title='bbox 419 3649 494 3705; x_wconf 88' lang='lat' dir='ltr'><strong>coeci</strong></span> <span class='ocrx_word' id='word_1_583' title='bbox 518 3666 564 3717; x_wconf 90' lang='lat' dir='ltr'><strong>ca,</strong></span> <span class='ocrx_word' id='word_1_584' title='bbox 589 3666 661 3721; x_wconf 91' lang='lat' dir='ltr'><strong>quae</strong></span> <span class='ocrx_word' id='word_1_585' title='bbox 680 3648 807 3720; x_wconf 86' lang='lat' dir='ltr'><strong>proxima</strong></span> <span class='ocrx_word' id='word_1_586' title='bbox 828 3648 895 3721; x_wconf 89' lang='lat' dir='ltr'><strong>ipsis</strong></span> <span class='ocrx_word' id='word_1_587' title='bbox 922 3649 986 3714; x_wconf 78' lang='lat' dir='ltr'><strong>tem,</strong></span> <span class='ocrx_word' id='word_1_588' title='bbox 1014 3644 1063 3700; x_wconf 91' lang='lat' dir='ltr'><strong>ubi</strong></span> <span class='ocrx_word' id='word_1_589' title='bbox 1081 3650 1198 3701; x_wconf 76' lang='lat' dir='ltr'><strong>vocatur</strong></span> <span class='ocrx_word' id='word_1_590' title='bbox 1216 3648 1357 3720; x_wconf 75' lang='lat' dir='ltr'><strong>dirumpe</strong></span> <span class='ocrx_word' id='word_1_591' title='bbox 1377 3646 1475 3722; x_wconf 83' lang='lat' dir='ltr'><strong>regula</strong></span> <span class='ocrx_word' id='word_1_592' title='bbox 1495 3646 1620 3719; x_wconf 85' lang='lat' dir='ltr'><strong>justitiae</strong></span> <span class='ocrx_word' id='word_1_593' title='bbox 1647 3648 1758 3706; x_wconf 76' lang='lat' dir='ltr'><strong>divinae</strong></span> 
     </span>
     <span class='ocr_line' id='line_1_40' title="bbox 57 3729 1758 3808; baseline 0.001 -17"><span class='ocrx_word' id='word_1_594' title='bbox 57 3741 139 3803; x_wconf 86' lang='lat' dir='ltr'><strong>sunt,</strong></span> <span class='ocrx_word' id='word_1_595' title='bbox 161 3751 218 3790; x_wconf 88' lang='lat' dir='ltr'><strong>non</strong></span> <span class='ocrx_word' id='word_1_596' title='bbox 234 3743 418 3808; x_wconf 87' lang='lat' dir='ltr'><strong>cognoscunt,</strong></span> <span class='ocrx_word' id='word_1_597' title='bbox 441 3734 505 3791; x_wconf 92' lang='lat' dir='ltr'><strong>ideo</strong></span> <span class='ocrx_word' id='word_1_598' title='bbox 522 3735 650 3790; x_wconf 86' lang='lat' dir='ltr'><strong>manibus</strong></span> <span class='ocrx_word' id='word_1_599' title='bbox 668 3752 702 3791; x_wconf 88' lang='lat' dir='ltr'><strong>ea</strong></span> <span class='ocrx_word' id='word_1_600' title='bbox 719 3734 833 3807; x_wconf 80' lang='lat' dir='ltr'><strong>palpare</strong></span> <span class='ocrx_word' id='word_1_601' title='bbox 852 3752 896 3790; x_wconf 83' lang='lat' dir='ltr'><strong>co</strong></span> <span class='ocrx_word' id='word_1_602' title='bbox 921 3729 950 3784; x_wconf 92' lang='lat' dir='ltr'><strong>iu</strong></span> <span class='ocrx_word' id='word_1_603' title='bbox 970 3730 1034 3802; x_wconf 89' lang='lat' dir='ltr'><strong>lege</strong></span> <span class='ocrx_word' id='word_1_604' title='bbox 1054 3731 1203 3803; x_wconf 86' lang='lat' dir='ltr'><strong>patefacta,</strong></span> <span class='ocrx_word' id='word_1_605' title='bbox 1221 3751 1248 3787; x_wconf 81' lang='grc'><strong>1.</strong></span> <span class='ocrx_word' id='word_1_606' title='bbox 1269 3740 1310 3791; x_wconf 84' lang='lat' dir='ltr'><strong>ts.</strong></span> <span class='ocrx_word' id='word_1_607' title='bbox 1330 3741 1408 3791; x_wconf 85' lang='grc'>1115</span> <span class='ocrx_word' id='word_1_608' title='bbox 1427 3732 1543 3804; x_wconf 73' lang='grc' dir='ltr'><strong><em>ἀλήθεια</em></strong></span> <span class='ocrx_word' id='word_1_609' title='bbox 1566 3736 1758 3792; x_wconf 63' lang='lat' dir='ltr'><strong>&amp;subveritus</strong></span> 
     </span>
     <span class='ocr_line' id='line_1_41' title="bbox 56 3816 1757 3894; baseline 0.001 -17"><span class='ocrx_word' id='word_1_610' title='bbox 56 3829 173 3893; x_wconf 86' lang='lat' dir='ltr'><strong>uantur,</strong></span> <span class='ocrx_word' id='word_1_611' title='bbox 199 3820 240 3876; x_wconf 92' lang='lat' dir='ltr'><strong>sic</strong></span> <span class='ocrx_word' id='word_1_612' title='bbox 264 3821 382 3893; x_wconf 81' lang='lat' dir='ltr'><strong>gentiles</strong></span> <span class='ocrx_word' id='word_1_613' title='bbox 407 3821 521 3877; x_wconf 86' lang='lat' dir='ltr'><strong>fuerunt</strong></span> <span class='ocrx_word' id='word_1_614' title='bbox 546 3820 658 3894; x_wconf 90' lang='lat' dir='ltr'><strong>quidem</strong></span> <span class='ocrx_word' id='word_1_615' title='bbox 676 3821 753 3874; x_wconf 85' lang='lat' dir='ltr'><strong>coeci</strong></span> <span class='ocrx_word' id='word_1_616' title='bbox 775 3820 853 3876; x_wconf 85' lang='lat' dir='ltr'><strong>Rom</strong></span> <span class='ocrx_word' id='word_1_617' title='bbox 872 3826 895 3890; x_wconf 83' lang='lat'><strong>2,</strong></span> <span class='ocrx_word' id='word_1_618' title='bbox 921 3816 985 3884; x_wconf 87' lang='lat' dir='ltr'><strong>Dei,</strong></span> <span class='ocrx_word' id='word_1_619' title='bbox 1002 3816 1031 3871; x_wconf 93' lang='lat' dir='ltr'><strong>id</strong></span> <span class='ocrx_word' id='word_1_620' title='bbox 1053 3825 1194 3874; x_wconf 77' lang='lat' dir='ltr'><strong>estserae</strong></span> <span class='ocrx_word' id='word_1_621' title='bbox 1214 3820 1250 3876; x_wconf 92' lang='lat' dir='ltr'><strong>de</strong></span> <span class='ocrx_word' id='word_1_622' title='bbox 1266 3820 1328 3876; x_wconf 93' lang='lat' dir='ltr'><strong>Deo</strong></span> <span class='ocrx_word' id='word_1_623' title='bbox 1347 3821 1461 3877; x_wconf 89' lang='lat' dir='ltr'><strong>notitiae</strong></span> <span class='ocrx_word' id='word_1_624' title='bbox 1480 3820 1618 3878; x_wconf 84' lang='lat' dir='ltr'><strong>mentibus</strong></span> <span class='ocrx_word' id='word_1_625' title='bbox 1635 3821 1665 3877; x_wconf 91' lang='lat' dir='ltr'><strong>iu</strong></span> <span class='ocrx_word' id='word_1_626' title='bbox 1683 3838 1757 3878; x_wconf 87' lang='lat' dir='ltr'><strong>crea-</strong></span> 
     </span>
     <span class='ocr_line' id='line_1_42' title="bbox 55 3902 1796 3983; baseline 0.001 -20"><span class='ocrx_word' id='word_1_627' title='bbox 55 3912 84 3963; x_wconf 74' lang='grc'><strong>1.</strong></span> <span class='ocrx_word' id='word_1_628' title='bbox 107 3914 152 3965; x_wconf 82' lang='lat' dir='ltr'><strong>te:</strong></span> <span class='ocrx_word' id='word_1_629' title='bbox 183 3906 313 3962; x_wconf 70' lang='lat' dir='ltr'><strong>&amp;dentes</strong></span> <span class='ocrx_word' id='word_1_630' title='bbox 341 3909 371 3961; x_wconf 84' lang='lat' dir='ltr'><strong>ia</strong></span> <span class='ocrx_word' id='word_1_631' title='bbox 397 3908 515 3962; x_wconf 72' lang='grc'>11111111</span> <span class='ocrx_word' id='word_1_632' title='bbox 541 3915 567 3962; x_wconf 90' lang='lat' dir='ltr'><strong>et</strong></span> <span class='ocrx_word' id='word_1_633' title='bbox 591 3908 621 3960; x_wconf 82' lang='lat' dir='ltr'><strong>ia</strong></span> <span class='ocrx_word' id='word_1_634' title='bbox 643 3907 758 3975; x_wconf 79' lang='lat' dir='ltr'><strong>repiom</strong></span> <span class='ocrx_word' id='word_1_635' title='bbox 782 3908 896 3961; x_wconf 81' lang='lat' dir='ltr'><strong>umbrae</strong></span> <span class='ocrx_word' id='word_1_636' title='bbox 921 3903 995 3959; x_wconf 87' lang='lat' dir='ltr'><strong>tione</strong></span> <span class='ocrx_word' id='word_1_637' title='bbox 1015 3904 1120 3961; x_wconf 86' lang='lat' dir='ltr'><strong>inditae</strong></span> <span class='ocrx_word' id='word_1_638' title='bbox 1139 3913 1168 3961; x_wconf 92' lang='lat' dir='ltr'><strong>et</strong></span> <span class='ocrx_word' id='word_1_639' title='bbox 1187 3913 1251 3978; x_wconf 91' lang='lat' dir='ltr'><strong>post</strong></span> <span class='ocrx_word' id='word_1_640' title='bbox 1274 3902 1385 3980; x_wconf 80' lang='lat' dir='ltr'><strong>lapsum</strong></span> <span class='ocrx_word' id='word_1_641' title='bbox 1404 3909 1496 3964; x_wconf 85' lang='lat' dir='ltr'><strong>adhuc</strong></span> <span class='ocrx_word' id='word_1_642' title='bbox 1520 3908 1659 3983; x_wconf 85' lang='lat' dir='ltr'><strong>reliquae,</strong></span> <span class='ocrx_word' id='word_1_643' title='bbox 1683 3910 1757 3982; x_wconf 90' lang='lat' dir='ltr'><strong>quod</strong></span> <span class='ocrx_word' id='word_1_644' title='bbox 1794 3973 1796 3977; x_wconf 23' lang='lat'><strong>¹</strong></span> 
     </span>
     <span class='ocr_line' id='line_1_43' title="bbox 55 3990 1757 4071; baseline 0.002 -23"><span class='ocrx_word' id='word_1_645' title='bbox 55 3995 166 4048; x_wconf 83' lang='lat' dir='ltr'><strong>mortis.</strong></span> <span class='ocrx_word' id='word_1_646' title='bbox 200 3992 266 4051; x_wconf 86' lang='lat' dir='ltr'><strong>Esa.</strong></span> <span class='ocrx_word' id='word_1_647' title='bbox 283 4000 313 4062; x_wconf 84' lang='grc'>9,</span> <span class='ocrx_word' id='word_1_648' title='bbox 336 3999 404 4071; x_wconf 31' lang='grc'>1.,1.</span> <span class='ocrx_word' id='word_1_649' title='bbox 433 3992 549 4049; x_wconf 90' lang='lat' dir='ltr'><strong>Interim</strong></span> <span class='ocrx_word' id='word_1_650' title='bbox 569 3998 663 4048; x_wconf 86' lang='lat' dir='ltr'><strong>tamen</strong></span> <span class='ocrx_word' id='word_1_651' title='bbox 687 3992 843 4063; x_wconf 91' lang='lat' dir='ltr'><strong>potuissent</strong></span> <span class='ocrx_word' id='word_1_652' title='bbox 863 4008 895 4047; x_wconf 91' lang='lat' dir='ltr'><strong>ac</strong></span> <span class='ocrx_word' id='word_1_653' title='bbox 922 3991 957 4046; x_wconf 91' lang='lat' dir='ltr'><strong>de</strong></span> <span class='ocrx_word' id='word_1_654' title='bbox 975 3990 1039 4064; x_wconf 89' lang='lat' dir='ltr'><strong>lege</strong></span> <span class='ocrx_word' id='word_1_655' title='bbox 1055 4000 1172 4050; x_wconf 89' lang='lat' dir='ltr'><strong>naturas</strong></span> <span class='ocrx_word' id='word_1_656' title='bbox 1189 3993 1285 4050; x_wconf 85' lang='lat' dir='ltr'><strong>innata</strong></span> <span class='ocrx_word' id='word_1_657' title='bbox 1296 3995 1620 4067; x_wconf 85' lang='lat' dir='ltr'><strong>proprieaccipiendum.</strong></span> <span class='ocrx_word' id='word_1_658' title='bbox 1654 4002 1676 4051; x_wconf 82' lang='lat'><strong>5.</strong></span> <span class='ocrx_word' id='word_1_659' title='bbox 1695 4014 1757 4068; x_wconf 90' lang='lat' dir='ltr'><strong>pro·</strong></span> 
     </span>
     <span class='ocr_line' id='line_1_44' title="bbox 57 4077 1757 4153; baseline -0.001 -17"><span class='ocrx_word' id='word_1_660' title='bbox 57 4078 222 4136; x_wconf 83' lang='lat' dir='ltr'><strong>debuissent</strong></span> <span class='ocrx_word' id='word_1_661' title='bbox 236 4079 340 4149; x_wconf 89' lang='lat' dir='ltr'><strong>Deum,</strong></span> <span class='ocrx_word' id='word_1_662' title='bbox 366 4081 414 4151; x_wconf 91' lang='lat' dir='ltr'><strong>qui</strong></span> <span class='ocrx_word' id='word_1_663' title='bbox 437 4098 493 4135; x_wconf 90' lang='lat' dir='ltr'><strong>non</strong></span> <span class='ocrx_word' id='word_1_664' title='bbox 515 4080 599 4153; x_wconf 84' lang='lat' dir='ltr'><strong>longa</strong></span> <span class='ocrx_word' id='word_1_665' title='bbox 620 4080 699 4135; x_wconf 86' lang='lat' dir='ltr'><strong>abest</strong></span> <span class='ocrx_word' id='word_1_666' title='bbox 716 4080 753 4135; x_wconf 84' lang='lat' dir='ltr'><strong>ab</strong></span> <span class='ocrx_word' id='word_1_667' title='bbox 773 4096 895 4151; x_wconf 84' lang='lat' dir='ltr'><strong>unoquo</strong></span> <span class='ocrx_word' id='word_1_668' title='bbox 921 4084 983 4148; x_wconf 86' lang='lat' dir='ltr'><strong>pter</strong></span> <span class='ocrx_word' id='word_1_669' title='bbox 1002 4077 1215 4151; x_wconf 80' lang='lat' dir='ltr'><strong>denegationem</strong></span> <span class='ocrx_word' id='word_1_670' title='bbox 1234 4080 1427 4136; x_wconf 87' lang='lat' dir='ltr'><strong>excusationis.</strong></span> <span class='ocrx_word' id='word_1_671' title='bbox 1462 4079 1757 4152; x_wconf 78' lang='grc' dir='ltr'>Β1111111ὀγνωστὸν</span> 
     </span>
     <span class='ocr_line' id='line_1_45' title="bbox 56 4163 1757 4239; baseline -0.001 -18"><span class='ocrx_word' id='word_1_672' title='bbox 56 4184 113 4239; x_wconf 87' lang='lat' dir='ltr'><strong>que</strong></span> <span class='ocrx_word' id='word_1_673' title='bbox 138 4171 275 4231; x_wconf 90' lang='lat' dir='ltr'><strong>nostrum,</strong></span> <span class='ocrx_word' id='word_1_674' title='bbox 299 4166 378 4237; x_wconf 86' lang='lat' dir='ltr'><strong>quasi</strong></span> <span class='ocrx_word' id='word_1_675' title='bbox 404 4166 532 4221; x_wconf 87' lang='lat' dir='ltr'><strong>manibus</strong></span> <span class='ocrx_word' id='word_1_676' title='bbox 552 4165 681 4238; x_wconf 90' lang='lat' dir='ltr'><strong>palpare,</strong></span> <span class='ocrx_word' id='word_1_677' title='bbox 706 4182 761 4238; x_wconf 92' lang='lat' dir='ltr'><strong>quo</strong></span> <span class='ocrx_word' id='word_1_678' title='bbox 778 4167 898 4238; x_wconf 88' lang='lat' dir='ltr'><strong>pertinet</strong></span> <span class='ocrx_word' id='word_1_679' title='bbox 925 4165 998 4217; x_wconf 84' lang='grc' dir='ltr'>Θεοῦ</span> <span class='ocrx_word' id='word_1_680' title='bbox 1017 4163 1057 4219; x_wconf 87' lang='lat' dir='ltr'><strong>ita</strong></span> <span class='ocrx_word' id='word_1_681' title='bbox 1075 4164 1252 4220; x_wconf 84' lang='lat' dir='ltr'><strong>manifestum</strong></span> <span class='ocrx_word' id='word_1_682' title='bbox 1269 4164 1298 4220; x_wconf 90' lang='lat' dir='ltr'><strong>in</strong></span> <span class='ocrx_word' id='word_1_683' title='bbox 1316 4165 1476 4238; x_wconf 88' lang='lat' dir='ltr'><strong>gentilibus,</strong></span> <span class='ocrx_word' id='word_1_684' title='bbox 1495 4168 1598 4220; x_wconf 76' lang='lat' dir='ltr'><strong>etaim</strong></span> <span class='ocrx_word' id='word_1_685' title='bbox 1616 4168 1757 4220; x_wconf 72' lang='lat' dir='ltr'><strong>insecura</strong></span> 
     </span>
     <span class='ocr_line' id='line_1_46' title="bbox 55 4249 1758 4323; baseline 0 -16"><span class='ocrx_word' id='word_1_686' title='bbox 55 4250 130 4307; x_wconf 89' lang='lat' dir='ltr'><strong>iliud</strong></span> <span class='ocrx_word' id='word_1_687' title='bbox 141 4250 518 4308; x_wconf 85' lang='lat' dir='ltr'><strong>HermetisinPoemandro:</strong></span> <span class='ocrx_word' id='word_1_688' title='bbox 536 4255 617 4307; x_wconf 85' lang='lat' dir='ltr'><strong>Deus</strong></span> <span class='ocrx_word' id='word_1_689' title='bbox 631 4253 753 4307; x_wconf 81' lang='lat' dir='ltr'><strong>bumana</strong></span> <span class='ocrx_word' id='word_1_690' title='bbox 771 4253 833 4306; x_wconf 83' lang='lat' dir='ltr'><strong>ocia</strong></span> <span class='ocrx_word' id='word_1_691' title='bbox 846 4270 896 4323; x_wconf 88' lang='lat' dir='ltr'><strong>pe·</strong></span> <span class='ocrx_word' id='word_1_692' title='bbox 924 4250 1002 4305; x_wconf 86' lang='lat' dir='ltr'><strong>biles.</strong></span> <span class='ocrx_word' id='word_1_693' title='bbox 1037 4249 1101 4305; x_wconf 85' lang='lat' dir='ltr'><strong>Jam</strong></span> <span class='ocrx_word' id='word_1_694' title='bbox 1118 4268 1183 4305; x_wconf 84' lang='lat' dir='ltr'><strong>vero</strong></span> <span class='ocrx_word' id='word_1_695' title='bbox 1201 4250 1405 4307; x_wconf 87' lang='lat' dir='ltr'><strong>excusationem</strong></span> <span class='ocrx_word' id='word_1_696' title='bbox 1424 4252 1546 4323; x_wconf 88' lang='lat' dir='ltr'><strong>aliquam</strong></span> <span class='ocrx_word' id='word_1_697' title='bbox 1564 4251 1714 4317; x_wconf 90' lang='lat' dir='ltr'><strong>haberent,</strong></span> <span class='ocrx_word' id='word_1_698' title='bbox 1735 4253 1758 4307; x_wconf 91' lang='lat' dir='ltr'><strong>si</strong></span> 
     </span>
     <span class='ocr_line' id='line_1_47' title="bbox 54 4335 1758 4409; baseline 0 -17"><span class='ocrx_word' id='word_1_699' title='bbox 54 4338 170 4392; x_wconf 74' lang='lat' dir='ltr'><strong>astraei</strong></span> <span class='ocrx_word' id='word_1_700' title='bbox 192 4338 304 4408; x_wconf 74' lang='lat' dir='ltr'><strong>quidem</strong></span> <span class='ocrx_word' id='word_1_701' title='bbox 325 4357 382 4393; x_wconf 79' lang='lat' dir='ltr'><strong>aon</strong></span> <span class='ocrx_word' id='word_1_702' title='bbox 404 4348 509 4409; x_wconf 85' lang='lat' dir='ltr'><strong>potest,</strong></span> <span class='ocrx_word' id='word_1_703' title='bbox 538 4348 662 4393; x_wconf 80' lang='lat' dir='ltr'><strong>attamen</strong></span> <span class='ocrx_word' id='word_1_704' title='bbox 683 4340 812 4393; x_wconf 80' lang='lat' dir='ltr'><strong>rnaailms</strong></span> <span class='ocrx_word' id='word_1_705' title='bbox 833 4357 895 4393; x_wconf 78' lang='lat' dir='ltr'><strong>coss·</strong></span> <span class='ocrx_word' id='word_1_706' title='bbox 922 4337 985 4407; x_wconf 89' lang='lat' dir='ltr'><strong>legc</strong></span> <span class='ocrx_word' id='word_1_707' title='bbox 1003 4342 1119 4391; x_wconf 81' lang='lat' dir='ltr'><strong>naturae</strong></span> <span class='ocrx_word' id='word_1_708' title='bbox 1138 4335 1223 4389; x_wconf 89' lang='lat' dir='ltr'><strong>insita</strong></span> <span class='ocrx_word' id='word_1_709' title='bbox 1241 4343 1374 4400; x_wconf 83' lang='lat' dir='ltr'><strong>carerent,</strong></span> <span class='ocrx_word' id='word_1_710' title='bbox 1392 4353 1455 4391; x_wconf 89' lang='lat' dir='ltr'><strong>cum</strong></span> <span class='ocrx_word' id='word_1_711' title='bbox 1468 4355 1501 4392; x_wconf 92' lang='lat' dir='ltr'><strong>ex</strong></span> <span class='ocrx_word' id='word_1_712' title='bbox 1518 4343 1706 4392; x_wconf 88' lang='lat' dir='ltr'><strong>creaturarum</strong></span> <span class='ocrx_word' id='word_1_713' title='bbox 1717 4338 1758 4393; x_wconf 88' lang='lat' dir='ltr'><strong>in·</strong></span> 
     </span>
     <span class='ocr_line' id='line_1_48' title="bbox 56 4420 1758 4497; baseline 0.001 -19"><span class='ocrx_word' id='word_1_714' title='bbox 56 4424 184 4479; x_wconf 76' lang='lat' dir='ltr'><strong>tractari.</strong></span> <span class='ocrx_word' id='word_1_715' title='bbox 225 4423 352 4494; x_wconf 86' lang='lat' dir='ltr'><strong>Itemque</strong></span> <span class='ocrx_word' id='word_1_716' title='bbox 377 4424 446 4479; x_wconf 91' lang='lat' dir='ltr'><strong>illud</strong></span> <span class='ocrx_word' id='word_1_717' title='bbox 472 4424 623 4481; x_wconf 75' lang='lat' dir='ltr'><strong>damblichi</strong></span> <span class='ocrx_word' id='word_1_718' title='bbox 650 4425 685 4479; x_wconf 89' lang='lat' dir='ltr'><strong>da</strong></span> <span class='ocrx_word' id='word_1_719' title='bbox 710 4432 792 4497; x_wconf 86' lang='lat' dir='ltr'><strong>myst.</strong></span> <span class='ocrx_word' id='word_1_720' title='bbox 818 4443 840 4480; x_wconf 85' lang='lat' dir='ltr'><strong>c</strong></span> <span class='ocrx_word' id='word_1_721' title='bbox 867 4430 895 4481; x_wconf 87' lang='lat'><strong>1:</strong></span> <span class='ocrx_word' id='word_1_722' title='bbox 924 4422 996 4476; x_wconf 91' lang='lat' dir='ltr'><strong>tuitu</strong></span> <span class='ocrx_word' id='word_1_723' title='bbox 1016 4421 1086 4476; x_wconf 92' lang='lat' dir='ltr'><strong>illud</strong></span> <span class='ocrx_word' id='word_1_724' title='bbox 1106 4420 1254 4476; x_wconf 85' lang='lat' dir='ltr'><strong>discrimen</strong></span> <span class='ocrx_word' id='word_1_725' title='bbox 1265 4421 1443 4477; x_wconf 90' lang='lat' dir='ltr'><strong>honestorum</strong></span> <span class='ocrx_word' id='word_1_726' title='bbox 1456 4430 1485 4477; x_wconf 91' lang='lat' dir='ltr'><strong>et</strong></span> <span class='ocrx_word' id='word_1_727' title='bbox 1495 4423 1616 4496; x_wconf 88' lang='lat' dir='ltr'><strong>turpium</strong></span> <span class='ocrx_word' id='word_1_728' title='bbox 1630 4442 1758 4495; x_wconf 90' lang='lat' dir='ltr'><strong>nonpos-</strong></span> 
     </span>
     <span class='ocr_line' id='line_1_49' title="bbox 57 4507 1759 4583; baseline 0 -18"><span class='ocrx_word' id='word_1_729' title='bbox 57 4511 135 4565; x_wconf 76' lang='lat' dir='ltr'><strong>Aate</strong></span> <span class='ocrx_word' id='word_1_730' title='bbox 153 4526 259 4564; x_wconf 80' lang='lat' dir='ltr'><strong>omnem</strong></span> <span class='ocrx_word' id='word_1_731' title='bbox 277 4510 397 4564; x_wconf 75' lang='lat' dir='ltr'><strong>rationis</strong></span> <span class='ocrx_word' id='word_1_732' title='bbox 414 4529 493 4563; x_wconf 81' lang='lat' dir='ltr'><strong>mara</strong></span> <span class='ocrx_word' id='word_1_733' title='bbox 508 4513 600 4565; x_wconf 83' lang='lat' dir='ltr'><strong>Deum</strong></span> <span class='ocrx_word' id='word_1_734' title='bbox 616 4512 821 4580; x_wconf 73' lang='lat' dir='ltr'><strong>quodammodo</strong></span> <span class='ocrx_word' id='word_1_735' title='bbox 834 4530 897 4565; x_wconf 82' lang='lat' dir='ltr'><strong>cors·</strong></span> <span class='ocrx_word' id='word_1_736' title='bbox 924 4509 961 4564; x_wconf 91' lang='lat' dir='ltr'><strong>sit</strong></span> <span class='ocrx_word' id='word_1_737' title='bbox 979 4508 1082 4563; x_wconf 87' lang='lat' dir='ltr'><strong>directe</strong></span> <span class='ocrx_word' id='word_1_738' title='bbox 1099 4524 1150 4579; x_wconf 89' lang='lat' dir='ltr'><strong>per</strong></span> <span class='ocrx_word' id='word_1_739' title='bbox 1168 4525 1197 4562; x_wconf 91' lang='lat' dir='ltr'><strong>se</strong></span> <span class='ocrx_word' id='word_1_740' title='bbox 1216 4513 1244 4563; x_wconf 93' lang='lat' dir='ltr'><strong>et</strong></span> <span class='ocrx_word' id='word_1_741' title='bbox 1263 4507 1410 4564; x_wconf 86' lang='lat' dir='ltr'><strong>manifesto</strong></span> <span class='ocrx_word' id='word_1_742' title='bbox 1429 4509 1530 4579; x_wconf 84' lang='lat' dir='ltr'><strong>colligi.</strong></span> <span class='ocrx_word' id='word_1_743' title='bbox 1566 4510 1647 4576; x_wconf 91' lang='lat' dir='ltr'><strong>Quod</strong></span> <span class='ocrx_word' id='word_1_744' title='bbox 1665 4508 1759 4583; x_wconf 90' lang='lat' dir='ltr'><strong>acqui·</strong></span> 
     </span>
     <span class='ocr_line' id='line_1_50' title="bbox 58 4592 1759 4669; baseline 0 -17"><span class='ocrx_word' id='word_1_745' title='bbox 58 4598 181 4669; x_wconf 80' lang='lat' dir='ltr'><strong>cipimus</strong></span> <span class='ocrx_word' id='word_1_746' title='bbox 198 4614 254 4650; x_wconf 81' lang='lat' dir='ltr'><strong>aaa</strong></span> <span class='ocrx_word' id='word_1_747' title='bbox 272 4596 383 4667; x_wconf 75' lang='lat' dir='ltr'><strong>quidem</strong></span> <span class='ocrx_word' id='word_1_748' title='bbox 402 4596 557 4667; x_wconf 66' lang='lat' dir='ltr'><strong>coercitione</strong></span> <span class='ocrx_word' id='word_1_749' title='bbox 571 4598 692 4668; x_wconf 80' lang='lat' dir='ltr'><strong>proprie</strong></span> <span class='ocrx_word' id='word_1_750' title='bbox 712 4598 825 4668; x_wconf 69' lang='lat' dir='ltr'><strong>clipeo,</strong></span> <span class='ocrx_word' id='word_1_751' title='bbox 847 4599 900 4651; x_wconf 83' lang='lat' dir='ltr'><strong>sect</strong></span> <span class='ocrx_word' id='word_1_752' title='bbox 924 4595 993 4650; x_wconf 87' lang='lat' dir='ltr'><strong>sitae</strong></span> <span class='ocrx_word' id='word_1_753' title='bbox 1010 4594 1144 4648; x_wconf 82' lang='lat' dir='ltr'><strong>duntaxat</strong></span> <span class='ocrx_word' id='word_1_754' title='bbox 1161 4593 1276 4649; x_wconf 88' lang='lat' dir='ltr'><strong>notitiae</strong></span> <span class='ocrx_word' id='word_1_755' title='bbox 1295 4594 1365 4650; x_wconf 87' lang='lat' dir='ltr'><strong>ratio</strong></span> <span class='ocrx_word' id='word_1_756' title='bbox 1382 4592 1521 4665; x_wconf 88' lang='lat' dir='ltr'><strong>redditur,</strong></span> <span class='ocrx_word' id='word_1_757' title='bbox 1540 4595 1603 4651; x_wconf 92' lang='lat' dir='ltr'><strong>ideo</strong></span> <span class='ocrx_word' id='word_1_758' title='bbox 1621 4595 1667 4662; x_wconf 85' lang='lat' dir='ltr'><strong>tit,</strong></span> <span class='ocrx_word' id='word_1_759' title='bbox 1693 4597 1759 4669; x_wconf 89' lang='lat' dir='ltr'><strong>quia</strong></span> 
     </span>
     <span class='ocr_line' id='line_1_51' title="bbox 58 4679 1758 4755; baseline 0.001 -18"><span class='ocrx_word' id='word_1_760' title='bbox 58 4684 186 4755; x_wconf 79' lang='lat' dir='ltr'><strong>qssodam</strong></span> <span class='ocrx_word' id='word_1_761' title='bbox 204 4682 290 4753; x_wconf 75' lang='lat' dir='ltr'><strong>quasi</strong></span> <span class='ocrx_word' id='word_1_762' title='bbox 304 4690 442 4749; x_wconf 78' lang='lat' dir='ltr'><strong>contactu,</strong></span> <span class='ocrx_word' id='word_1_763' title='bbox 461 4684 511 4753; x_wconf 78' lang='lat' dir='ltr'><strong>qai</strong></span> <span class='ocrx_word' id='word_1_764' title='bbox 528 4683 606 4737; x_wconf 72' lang='lat' dir='ltr'><strong>ouini</strong></span> <span class='ocrx_word' id='word_1_765' title='bbox 621 4684 778 4752; x_wconf 76' lang='lat' dir='ltr'><strong>cognitione</strong></span> <span class='ocrx_word' id='word_1_766' title='bbox 797 4684 899 4739; x_wconf 84' lang='lat' dir='ltr'><strong>certior</strong></span> <span class='ocrx_word' id='word_1_767' title='bbox 923 4680 1023 4736; x_wconf 88' lang='lat' dir='ltr'><strong>notitis</strong></span> <span class='ocrx_word' id='word_1_768' title='bbox 1038 4679 1175 4752; x_wconf 89' lang='lat' dir='ltr'><strong>acquisita</strong></span> <span class='ocrx_word' id='word_1_769' title='bbox 1187 4697 1220 4734; x_wconf 92' lang='lat' dir='ltr'><strong>cx</strong></span> <span class='ocrx_word' id='word_1_770' title='bbox 1238 4679 1335 4735; x_wconf 88' lang='lat' dir='ltr'><strong>innata</strong></span> <span class='ocrx_word' id='word_1_771' title='bbox 1352 4679 1501 4735; x_wconf 86' lang='lat' dir='ltr'><strong>efflorescit</strong></span> <span class='ocrx_word' id='word_1_772' title='bbox 1513 4681 1684 4754; x_wconf 86' lang='lat' dir='ltr'><strong>eandemque</strong></span> <span class='ocrx_word' id='word_1_773' title='bbox 1695 4700 1758 4738; x_wconf 89' lang='lat' dir='ltr'><strong>cou-</strong></span> 
     </span>
     <span class='ocr_line' id='line_1_52' title="bbox 58 4764 1757 4841; baseline 0.001 -18"><span class='ocrx_word' id='word_1_774' title='bbox 58 4768 105 4823; x_wconf 82' lang='lat' dir='ltr'><strong>sit.</strong></span> <span class='ocrx_word' id='word_1_775' title='bbox 134 4772 159 4825; x_wconf 80' lang='grc'><strong>5.</strong></span> <span class='ocrx_word' id='word_1_776' title='bbox 177 4766 278 4824; x_wconf 83' lang='grc'>(111111</span> <span class='ocrx_word' id='word_1_777' title='bbox 292 4766 657 4824; x_wconf 84' lang='lat' dir='ltr'><strong>illsSocinianaverborum</strong></span> <span class='ocrx_word' id='word_1_778' title='bbox 670 4769 898 4840; x_wconf 88' lang='lat' dir='ltr'><strong>apostolicorum:</strong></span> <span class='ocrx_word' id='word_1_779' title='bbox 923 4766 1015 4822; x_wconf 88' lang='lat' dir='ltr'><strong>tirmat</strong></span> <span class='ocrx_word' id='word_1_780' title='bbox 1032 4767 1087 4823; x_wconf 89' lang='lat' dir='ltr'><strong>Dn.</strong></span> <span class='ocrx_word' id='word_1_781' title='bbox 1106 4766 1142 4823; x_wconf 89' lang='lat' dir='ltr'><strong>D.</strong></span> <span class='ocrx_word' id='word_1_782' title='bbox 1163 4764 1262 4820; x_wconf 84' lang='lat' dir='ltr'><strong>licien.</strong></span> <span class='ocrx_word' id='word_1_783' title='bbox 1280 4765 1316 4820; x_wconf 89' lang='lat' dir='ltr'><strong>de</strong></span> <span class='ocrx_word' id='word_1_784' title='bbox 1336 4765 1365 4820; x_wconf 89' lang='lat' dir='ltr'><strong>ll.</strong></span> <span class='ocrx_word' id='word_1_785' title='bbox 1390 4770 1495 4837; x_wconf 81' lang='lat' dir='ltr'><strong>p.132.</strong></span> <span class='ocrx_word' id='word_1_786' title='bbox 1530 4765 1573 4823; x_wconf 90' lang='lat' dir='ltr'><strong>De</strong></span> <span class='ocrx_word' id='word_1_787' title='bbox 1592 4785 1757 4841; x_wconf 86' lang='lat' dir='ltr'><strong>quacunque</strong></span> 
     </span>
     <span class='ocr_line' id='line_1_53' title="bbox 59 4851 1757 4923; baseline -0.001 -13"><span class='ocrx_word' id='word_1_788' title='bbox 59 4856 127 4910; x_wconf 80' lang='lat' dir='ltr'><strong>Non</strong></span> <span class='ocrx_word' id='word_1_789' title='bbox 150 4860 191 4909; x_wconf 77' lang='lat' dir='ltr'><strong>est</strong></span> <span class='ocrx_word' id='word_1_790' title='bbox 216 4854 416 4921; x_wconf 70' lang='lat' dir='ltr'><strong>dubdundam,</strong></span> <span class='ocrx_word' id='word_1_791' title='bbox 445 4854 512 4922; x_wconf 66' lang='lat' dir='ltr'><strong>essin</strong></span> <span class='ocrx_word' id='word_1_792' title='bbox 536 4855 617 4907; x_wconf 82' lang='lat' dir='ltr'><strong>Deus</strong></span> <span class='ocrx_word' id='word_1_793' title='bbox 634 4861 730 4908; x_wconf 76' lang='grc'>111111</span> <span class='ocrx_word' id='word_1_794' title='bbox 746 4854 899 4908; x_wconf 73' lang='lat' dir='ltr'><strong>viventebus</strong></span> <span class='ocrx_word' id='word_1_795' title='bbox 924 4871 992 4911; x_wconf 89' lang='lat' dir='ltr'><strong>sane</strong></span> <span class='ocrx_word' id='word_1_796' title='bbox 1011 4851 1197 4909; x_wconf 88' lang='lat' dir='ltr'><strong>notitialocus</strong></span> <span class='ocrx_word' id='word_1_797' title='bbox 1211 4851 1379 4923; x_wconf 90' lang='lat' dir='ltr'><strong>apostolicus</strong></span> <span class='ocrx_word' id='word_1_798' title='bbox 1392 4852 1554 4923; x_wconf 87' lang='lat' dir='ltr'><strong>accipiatur,</strong></span> <span class='ocrx_word' id='word_1_799' title='bbox 1571 4852 1757 4909; x_wconf 84' lang='lat' dir='ltr'><strong>firmissimum</strong></span> 
     </span>
     <span class='ocr_line' id='line_1_54' title="bbox 53 4936 1757 5015; baseline -0.001 -19"><span class='ocrx_word' id='word_1_800' title='bbox 53 4940 176 5015; x_wconf 76' lang='lat' dir='ltr'><strong>praeite</strong></span> <span class='ocrx_word' id='word_1_801' title='bbox 198 4940 249 5011; x_wconf 89' lang='lat' dir='ltr'><strong>sit,</strong></span> <span class='ocrx_word' id='word_1_802' title='bbox 277 4958 339 4996; x_wconf 76' lang='lat' dir='ltr'><strong>mam</strong></span> <span class='ocrx_word' id='word_1_803' title='bbox 361 4940 390 4994; x_wconf 79' lang='lat' dir='ltr'><strong>is</strong></span> <span class='ocrx_word' id='word_1_804' title='bbox 413 4957 505 4994; x_wconf 84' lang='lat' dir='ltr'><strong>omnes</strong></span> <span class='ocrx_word' id='word_1_805' title='bbox 523 4940 656 5008; x_wconf 75' lang='lat' dir='ltr'><strong>beneficia</strong></span> <span class='ocrx_word' id='word_1_806' title='bbox 674 4942 820 5007; x_wconf 58' lang='lat' dir='ltr'><strong>cerasorum</strong></span> <span class='ocrx_word' id='word_1_807' title='bbox 848 4939 899 4993; x_wconf 84' lang='lat' dir='ltr'><strong>loc</strong></span> <span class='ocrx_word' id='word_1_808' title='bbox 924 4940 1004 4996; x_wconf 91' lang='lat' dir='ltr'><strong>nobis</strong></span> <span class='ocrx_word' id='word_1_809' title='bbox 1022 4937 1139 5010; x_wconf 88' lang='lat' dir='ltr'><strong>praebet</strong></span> <span class='ocrx_word' id='word_1_810' title='bbox 1158 4945 1254 4993; x_wconf 85' lang='lat' dir='ltr'><strong>contra</strong></span> <span class='ocrx_word' id='word_1_811' title='bbox 1273 4936 1453 4993; x_wconf 86' lang='lat' dir='ltr'><strong>Photiniauos</strong></span> <span class='ocrx_word' id='word_1_812' title='bbox 1478 4945 1679 5011; x_wconf 82' lang='lat' dir='ltr'><strong>argumentum.</strong></span> <span class='ocrx_word' id='word_1_813' title='bbox 1715 4941 1757 4995; x_wconf 88' lang='lat' dir='ltr'><strong>Ex</strong></span> 
     </span>
     <span class='ocr_line' id='line_1_55' title="bbox 58 5023 1758 5099; baseline -0.001 -16"><span class='ocrx_word' id='word_1_814' title='bbox 58 5028 154 5099; x_wconf 66' lang='lat' dir='ltr'><strong>ipim</strong></span> <span class='ocrx_word' id='word_1_815' title='bbox 172 5027 252 5098; x_wconf 82' lang='lat' dir='ltr'><strong>cuim,</strong></span> <span class='ocrx_word' id='word_1_816' title='bbox 269 5029 346 5098; x_wconf 76' lang='lat' dir='ltr'><strong>quod</strong></span> <span class='ocrx_word' id='word_1_817' title='bbox 362 5027 479 5082; x_wconf 83' lang='lat' dir='ltr'><strong>sivimus</strong></span> <span class='ocrx_word' id='word_1_818' title='bbox 496 5034 521 5080; x_wconf 87' lang='lat' dir='ltr'><strong>et</strong></span> <span class='ocrx_word' id='word_1_819' title='bbox 538 5044 677 5080; x_wconf 74' lang='lat' dir='ltr'><strong>irroremur</strong></span> <span class='ocrx_word' id='word_1_820' title='bbox 695 5035 721 5080; x_wconf 87' lang='lat' dir='ltr'><strong>et</strong></span> <span class='ocrx_word' id='word_1_821' title='bbox 738 5044 840 5093; x_wconf 72' lang='grc'>11111111,</span> <span class='ocrx_word' id='word_1_822' title='bbox 863 5027 898 5078; x_wconf 85' lang='lat' dir='ltr'><strong>ab</strong></span> <span class='ocrx_word' id='word_1_823' title='bbox 925 5024 1019 5097; x_wconf 90' lang='lat' dir='ltr'><strong>specie</strong></span> <span class='ocrx_word' id='word_1_824' title='bbox 1037 5041 1092 5080; x_wconf 89' lang='lat' dir='ltr'><strong>non</strong></span> <span class='ocrx_word' id='word_1_825' title='bbox 1111 5023 1223 5097; x_wconf 89' lang='lat' dir='ltr'><strong>quidem</strong></span> <span class='ocrx_word' id='word_1_826' title='bbox 1242 5028 1333 5080; x_wconf 86' lang='lat' dir='ltr'><strong>totum</strong></span> <span class='ocrx_word' id='word_1_827' title='bbox 1347 5041 1449 5097; x_wconf 84' lang='lat' dir='ltr'><strong>genus,</strong></span> <span class='ocrx_word' id='word_1_828' title='bbox 1473 5024 1582 5081; x_wconf 88' lang='lat' dir='ltr'><strong>interim</strong></span> <span class='ocrx_word' id='word_1_829' title='bbox 1600 5033 1693 5082; x_wconf 89' lang='lat' dir='ltr'><strong>tamen</strong></span> <span class='ocrx_word' id='word_1_830' title='bbox 1710 5026 1758 5081; x_wconf 91' lang='lat' dir='ltr'><strong>ali-</strong></span> 
     </span>
     <span class='ocr_line' id='line_1_56' title="bbox 57 5110 1759 5185; baseline 0.001 -17"><span class='ocrx_word' id='word_1_831' title='bbox 57 5114 124 5185; x_wconf 82' lang='lat' dir='ltr'><strong>ipro</strong></span> <span class='ocrx_word' id='word_1_832' title='bbox 148 5112 291 5182; x_wconf 78' lang='grc'>1111111111,</span> <span class='ocrx_word' id='word_1_833' title='bbox 314 5112 392 5169; x_wconf 83' lang='lat' dir='ltr'><strong>hsec&#39;</strong></span> <span class='ocrx_word' id='word_1_834' title='bbox 408 5112 522 5185; x_wconf 90' lang='lat' dir='ltr'><strong>inquam</strong></span> <span class='ocrx_word' id='word_1_835' title='bbox 544 5112 637 5183; x_wconf 87' lang='lat' dir='ltr'><strong>glossa</strong></span> <span class='ocrx_word' id='word_1_836' title='bbox 659 5119 688 5167; x_wconf 92' lang='lat' dir='ltr'><strong>ct</strong></span> <span class='ocrx_word' id='word_1_837' title='bbox 711 5112 782 5179; x_wconf 81' lang='lat' dir='ltr'><strong>fidei</strong></span> <span class='ocrx_word' id='word_1_838' title='bbox 801 5111 899 5166; x_wconf 83' lang='lat' dir='ltr'><strong>caclo·</strong></span> <span class='ocrx_word' id='word_1_839' title='bbox 926 5111 993 5185; x_wconf 88' lang='lat' dir='ltr'><strong>quid</strong></span> <span class='ocrx_word' id='word_1_840' title='bbox 1011 5110 1121 5184; x_wconf 82' lang='lat' dir='ltr'><strong>generis</strong></span> <span class='ocrx_word' id='word_1_841' title='bbox 1139 5110 1305 5166; x_wconf 89' lang='lat' dir='ltr'><strong>concludere</strong></span> <span class='ocrx_word' id='word_1_842' title='bbox 1321 5127 1444 5182; x_wconf 88' lang='lat' dir='ltr'><strong>possum.</strong></span> <span class='ocrx_word' id='word_1_843' title='bbox 1472 5110 1501 5168; x_wconf 85' lang='lat' dir='ltr'><strong>Si</strong></span> <span class='ocrx_word' id='word_1_844' title='bbox 1519 5111 1548 5166; x_wconf 92' lang='lat' dir='ltr'><strong>in</strong></span> <span class='ocrx_word' id='word_1_845' title='bbox 1560 5112 1711 5185; x_wconf 87' lang='lat' dir='ltr'><strong>gentilibus</strong></span> <span class='ocrx_word' id='word_1_846' title='bbox 1729 5113 1759 5169; x_wconf 77' lang='grc' dir='ltr'><strong>τὸ</strong></span> 
     </span>
     <span class='ocr_line' id='line_1_57' title="bbox 54 5195 1759 5273; baseline 0 -18"><span class='ocrx_word' id='word_1_847' title='bbox 54 5200 144 5270; x_wconf 67' lang='lat' dir='ltr'><strong>eice,</strong></span> <span class='ocrx_word' id='word_1_848' title='bbox 162 5211 165 5216; x_wconf 84' lang='lat'>&#39;</span> <span class='ocrx_word' id='word_1_849' title='bbox 180 5216 252 5273; x_wconf 83' lang='lat' dir='ltr'><strong>quae</strong></span> <span class='ocrx_word' id='word_1_850' title='bbox 285 5199 500 5256; x_wconf 88' lang='lat' dir='ltr'><strong>immensitatem</strong></span> <span class='ocrx_word' id='word_1_851' title='bbox 538 5204 566 5254; x_wconf 89' lang='lat' dir='ltr'><strong>et</strong></span> <span class='ocrx_word' id='word_1_852' title='bbox 593 5197 759 5253; x_wconf 85' lang='lat' dir='ltr'><strong>intinitatem</strong></span> <span class='ocrx_word' id='word_1_853' title='bbox 789 5197 1050 5273; x_wconf 60' lang='lat' dir='ltr'><strong>divinaeyseosbr</strong></span> <span class='ocrx_word' id='word_1_854' title='bbox 1065 5198 1137 5251; x_wconf 80' lang='grc' dir='ltr'>Θεοῦ</span> <span class='ocrx_word' id='word_1_855' title='bbox 1154 5196 1341 5267; x_wconf 74' lang='lat' dir='ltr'><strong>manifestum,</strong></span> <span class='ocrx_word' id='word_1_856' title='bbox 1359 5195 1430 5252; x_wconf 87' lang='lat' dir='ltr'><strong>sdeo</strong></span> <span class='ocrx_word' id='word_1_857' title='bbox 1446 5203 1480 5252; x_wconf 87' lang='lat' dir='ltr'><strong>ut</strong></span> <span class='ocrx_word' id='word_1_858' title='bbox 1497 5195 1647 5254; x_wconf 79' lang='lat' dir='ltr'><strong>invisibilia</strong></span> <span class='ocrx_word' id='word_1_859' title='bbox 1658 5198 1714 5255; x_wconf 88' lang='lat' dir='ltr'><strong>Dei</strong></span> <span class='ocrx_word' id='word_1_860' title='bbox 1726 5217 1759 5255; x_wconf 87' lang='lat' dir='ltr'><strong>ex</strong></span> 
     </span>
     <span class='ocr_line' id='line_1_58' title="bbox 57 5278 1760 5363; baseline -0.001 -20"><span class='ocrx_word' id='word_1_861' title='bbox 57 5285 198 5343; x_wconf 81' lang='grc'>1111111111</span> <span class='ocrx_word' id='word_1_862' title='bbox 221 5286 304 5343; x_wconf 90' lang='lat' dir='ltr'><strong>docet</strong></span> <span class='ocrx_word' id='word_1_863' title='bbox 327 5293 356 5343; x_wconf 90' lang='lat' dir='ltr'><strong>et</strong></span> <span class='ocrx_word' id='word_1_864' title='bbox 380 5288 516 5342; x_wconf 74' lang='lat' dir='ltr'><strong>contestat</strong></span> <span class='ocrx_word' id='word_1_865' title='bbox 543 5286 713 5356; x_wconf 83' lang='lat' dir='ltr'><strong>apostolico,</strong></span> <span class='ocrx_word' id='word_1_866' title='bbox 739 5283 768 5338; x_wconf 90' lang='lat' dir='ltr'><strong>in</strong></span> <span class='ocrx_word' id='word_1_867' title='bbox 790 5301 845 5356; x_wconf 88' lang='lat' dir='ltr'><strong>quo</strong></span> <span class='ocrx_word' id='word_1_868' title='bbox 864 5278 1052 5363; x_wconf 57' lang='lat' dir='ltr'><strong>dejereatura</strong></span> <span class='ocrx_word' id='word_1_869' title='bbox 1070 5282 1182 5352; x_wconf 80' lang='lat' dir='ltr'><strong>mundi,</strong></span> <span class='ocrx_word' id='word_1_870' title='bbox 1195 5300 1228 5339; x_wconf 91' lang='lat' dir='ltr'><strong>ex</strong></span> <span class='ocrx_word' id='word_1_871' title='bbox 1247 5281 1502 5354; x_wconf 82' lang='lat' dir='ltr'><strong>open&#39;busscilicet,</strong></span> <span class='ocrx_word' id='word_1_872' title='bbox 1521 5284 1663 5341; x_wconf 87' lang='lat' dir='ltr'><strong>intellecta</strong></span> <span class='ocrx_word' id='word_1_873' title='bbox 1671 5286 1760 5358; x_wconf 81' lang='lat' dir='ltr'><strong>perri·</strong></span> 
     </span>
     <span class='ocr_line' id='line_1_59' title="bbox 55 5369 1761 5467; baseline -0.001 -39"><span class='ocrx_word' id='word_1_874' title='bbox 55 5389 116 5428; x_wconf 88' lang='lat' dir='ltr'><strong>nno</strong></span> <span class='ocrx_word' id='word_1_875' title='bbox 131 5372 298 5445; x_wconf 83' lang='lat' dir='ltr'><strong>eodemque</strong></span> <span class='ocrx_word' id='word_1_876' title='bbox 325 5372 451 5445; x_wconf 89' lang='lat' dir='ltr'><strong>subjecto</strong></span> <span class='ocrx_word' id='word_1_877' title='bbox 478 5372 591 5438; x_wconf 88' lang='lat' dir='ltr'><strong>dicitur,</strong></span> <span class='ocrx_word' id='word_1_878' title='bbox 629 5371 704 5443; x_wconf 89' lang='lat' dir='ltr'><strong>quod</strong></span> <span class='ocrx_word' id='word_1_879' title='bbox 734 5370 812 5426; x_wconf 87' lang='lat' dir='ltr'><strong>Deus</strong></span> <span class='ocrx_word' id='word_1_880' title='bbox 843 5388 913 5467; x_wconf 79' lang='lat' dir='ltr'><strong>nonl</strong></span> <span class='ocrx_word' id='word_1_881' title='bbox 926 5373 992 5427; x_wconf 91' lang='lat' dir='ltr'><strong>dere</strong></span> <span class='ocrx_word' id='word_1_882' title='bbox 1002 5369 1164 5446; x_wconf 88' lang='lat' dir='ltr'><strong>potuerint,</strong></span> <span class='ocrx_word' id='word_1_883' title='bbox 1182 5369 1376 5440; x_wconf 87' lang='lat' dir='ltr'><strong>sempiternam</strong></span> <span class='ocrx_word' id='word_1_884' title='bbox 1394 5387 1432 5426; x_wconf 89' lang='lat' dir='ltr'><strong>se.</strong></span> <span class='ocrx_word' id='word_1_885' title='bbox 1452 5373 1512 5443; x_wconf 87' lang='lat' dir='ltr'><strong>ejus</strong></span> <span class='ocrx_word' id='word_1_886' title='bbox 1527 5370 1662 5426; x_wconf 77' lang='lat' dir='ltr'><strong>ii&#39;rtutem&#39;</strong></span> <span class='ocrx_word' id='word_1_887' title='bbox 1675 5379 1703 5428; x_wconf 91' lang='lat' dir='ltr'><strong>et</strong></span> <span class='ocrx_word' id='word_1_888' title='bbox 1721 5371 1761 5427; x_wconf 94' lang='lat' dir='ltr'><strong>di·</strong></span> 
     </span>
     <span class='ocr_line' id='line_1_60' title="bbox 50 5450 1762 5543; baseline -0.001 -27"><span class='ocrx_word' id='word_1_889' title='bbox 50 5450 148 5533; x_wconf 76' lang='lat' dir='ltr'><strong>&#39;longe</strong></span> <span class='ocrx_word' id='word_1_890' title='bbox 164 5456 241 5515; x_wconf 85' lang='lat' dir='ltr'><strong>absit</strong></span> <span class='ocrx_word' id='word_1_891' title='bbox 258 5450 296 5514; x_wconf 75' lang='lat' dir='ltr'><strong>sb&#39;</strong></span> <span class='ocrx_word' id='word_1_892' title='bbox 312 5474 480 5533; x_wconf 85' lang='lat' dir='ltr'><strong>unoquoque</strong></span> <span class='ocrx_word' id='word_1_893' title='bbox 498 5465 632 5527; x_wconf 83' lang='lat' dir='ltr'><strong>nostrum,</strong></span> <span class='ocrx_word' id='word_1_894' title='bbox 651 5463 680 5513; x_wconf 93' lang='lat' dir='ltr'><strong>et</strong></span> <span class='ocrx_word' id='word_1_895' title='bbox 698 5457 773 5530; x_wconf 87' lang='lat' dir='ltr'><strong>quod</strong></span> <span class='ocrx_word' id='word_1_896' title='bbox 790 5455 819 5512; x_wconf 92' lang='lat' dir='ltr'><strong>in</strong></span> <span class='ocrx_word' id='word_1_897' title='bbox 838 5457 899 5528; x_wconf 89' lang='lat' dir='ltr'><strong>ipso</strong></span> <span class='ocrx_word' id='word_1_898' title='bbox 910 5512 913 5543; x_wconf 34' lang='lat' dir='ltr'><strong>t</strong></span> <span class='ocrx_word' id='word_1_899' title='bbox 925 5456 1080 5527; x_wconf 84' lang='lat' dir='ltr'><strong>vinitatem,</strong></span> <span class='ocrx_word' id='word_1_900' title='bbox 1103 5456 1174 5512; x_wconf 91' lang='lat' dir='ltr'><strong>adeo</strong></span> <span class='ocrx_word' id='word_1_901' title='bbox 1195 5462 1226 5511; x_wconf 93' lang='lat' dir='ltr'><strong>ut</strong></span> <span class='ocrx_word' id='word_1_902' title='bbox 1244 5454 1299 5510; x_wconf 88' lang='lat' dir='ltr'><strong>sint</strong></span> <span class='ocrx_word' id='word_1_903' title='bbox 1315 5454 1535 5529; x_wconf 85' lang='lat' dir='ltr'><strong>inexcusabiles,</strong></span> <span class='ocrx_word' id='word_1_904' title='bbox 1559 5457 1655 5531; x_wconf 90' lang='lat' dir='ltr'><strong>utique</strong></span> <span class='ocrx_word' id='word_1_905' title='bbox 1679 5459 1762 5514; x_wconf 89' lang='lat' dir='ltr'><strong>datur</strong></span> 
     </span>
     <span class='ocr_line' id='line_1_61' title="bbox 52 5538 1761 5631; baseline -0.002 -27"><span class='ocrx_word' id='word_1_906' title='bbox 52 5546 203 5616; x_wconf 70' lang='lat' dir='ltr'><strong>mmm,</strong></span> <span class='ocrx_word' id='word_1_907' title='bbox 219 5558 379 5603; x_wconf 75' lang='lat' dir='ltr'><strong>moveamur</strong></span> <span class='ocrx_word' id='word_1_908' title='bbox 397 5560 431 5602; x_wconf 79' lang='lat' dir='ltr'><strong>ac</strong></span> <span class='ocrx_word' id='word_1_909' title='bbox 447 5544 548 5613; x_wconf 87' lang='lat' dir='ltr'><strong>simus,</strong></span> <span class='ocrx_word' id='word_1_910' title='bbox 566 5549 595 5603; x_wconf 91' lang='lat' dir='ltr'><strong>et</strong></span> <span class='ocrx_word' id='word_1_911' title='bbox 613 5544 671 5617; x_wconf 82' lang='lat' dir='ltr'><strong>iprl</strong></span> <span class='ocrx_word' id='word_1_912' title='bbox 687 5544 802 5611; x_wconf 76' lang='grc'>1111111,</span> <span class='ocrx_word' id='word_1_913' title='bbox 826 5541 1060 5617; x_wconf 62' lang='lat' dir='ltr'><strong>quaepatiendo</strong></span> <span class='ocrx_word' id='word_1_914' title='bbox 1077 5542 1173 5631; x_wconf 78' lang='lat' dir='ltr'><strong>aliqua¹</strong></span> <span class='ocrx_word' id='word_1_915' title='bbox 1183 5538 1238 5601; x_wconf 81' lang='lat' dir='ltr'><strong>Dei</strong></span> <span class='ocrx_word' id='word_1_916' title='bbox 1248 5542 1356 5600; x_wconf 89' lang='lat' dir='ltr'><strong>notitia.</strong></span> <span class='ocrx_word' id='word_1_917' title='bbox 1387 5540 1443 5601; x_wconf 81' lang='lat' dir='ltr'><strong>Sed</strong></span> <span class='ocrx_word' id='word_1_918' title='bbox 1461 5562 1558 5603; x_wconf 80' lang='lat' dir='ltr'><strong>rerum</strong></span> <span class='ocrx_word' id='word_1_919' title='bbox 1569 5546 1660 5619; x_wconf 85' lang='lat' dir='ltr'><strong>prins.</strong></span> <span class='ocrx_word' id='word_1_920' title='bbox 1685 5544 1761 5619; x_wconf 62' lang='lat' dir='ltr'><strong>iugo</strong></span> 
     </span>
    </p>

    <p class='ocr_par' dir='ltr' id='par_1_3' title="bbox 722 5634 1721 5705">
     <span class='ocr_line' id='line_1_62' title="bbox 722 5634 1721 5705; baseline -0.001 0"><span class='ocrx_word' id='word_1_921' title='bbox 722 5654 726 5664; x_wconf 91' lang='lat'><em>·</em></span> <span class='ocrx_word' id='word_1_922' title='bbox 1350 5646 1401 5705; x_wconf 81' lang='grc'><strong>(1·</strong></span> <span class='ocrx_word' id='word_1_923' title='bbox 1538 5634 1556 5648; x_wconf 86' lang='grc'><strong>’“</strong></span> <span class='ocrx_word' id='word_1_924' title='bbox 1570 5636 1582 5647; x_wconf 86' lang='grc'><strong><em>”</em></strong></span> <span class='ocrx_word' id='word_1_925' title='bbox 1610 5634 1629 5659; x_wconf 89' lang='grc'><strong>·“</strong></span> <span class='ocrx_word' id='word_1_926' title='bbox 1718 5638 1721 5642; x_wconf 81' lang='grc'><strong>’</strong></span> 
     </span>
    </p>
   </div>
   <div class='ocr_carea' id='block_1_3' title="bbox 0 0 1996 6021">
    <p class='ocr_par' dir='ltr' id='par_1_4' title="bbox 0 0 1996 6021">
     <span class='ocr_line' id='line_1_63' title="bbox 0 0 1996 6021; baseline 0 0"><span class='ocrx_word' id='word_1_927' title='bbox 0 0 1996 6021; x_wconf 95' lang='lat' dir='ltr'><strong> </strong></span> 
     </span>
    </p>
   </div>
  </div>
 </body>
</html>
