3984 6022
698 255 751 311 DE
771 254 1134 317 naamaniticae.
1708 264 1765 325 tet

827 360 840 389 0

16 458 29 479 ,
66 408 239 477 debentia,
274 408 375 464 deinde
403 418 430 464 et
455 426 581 480 epreeeice
611 410 690 465 illiue
715 418 742 465 et
764 410 905 480 inmane
934 411 1030 485 cyrill,
1054 413 1083 469 in
1102 413 1217 471 Levitic.
1242 415 1290 471 lib.
1316 420 1345 471 6:
1377 415 1456 469 Haec
1472 421 1536 469 eunt
1554 414 1610 467 duo
1623 411 1767 486 pontifim'e

10 509 52 555 m.
64 502 90 547 et
108 494 182 549 uitae
198 495 386 552 characterem
403 515 437 552 ac
454 497 582 566 eorporis
600 497 727 566 speciem,
746 498 864 568 denique
880 505 906 551 et
932 516 1032 570 opera,
1050 509 1081 554 ut
1098 519 1117 554 a
1135 503 1198 557 Deo
1216 502 1316 565 discat,
1338 500 1449 555 dininas
1469 499 1584 570 lepeudo
1604 498 1767 570 Scripturas

63 596 219 644 ramicum,
248 598 316 650 quos
324 583 400 650 fecit
417 585 459 637 ad
476 582 696 651 multitudinum,
723 591 749 638 st
766 585 904 654 quomodo
932 594 956 639 et
978 587 1090 657 saepius
1113 588 1281 644 runcinando
1309 596 1358 641 aut
1380 587 1520 658 populum
1545 588 1654 640 doceat.
1696 586 1767 641 item

64 683 95 722 ee
117 683 179 720 cum
198 665 330 721 dolianue
358 685 393 722 ac
418 669 550 738 reliquie,
576 668 626 740 qni
642 669 851 725 DOMINUM
864 672 903 725 ei·
930 671 985 726 illa
1003 674 1108 741 doceat,
1128 690 1198 744 ᾳυαο
1217 674 1278 745 ipm
1297 693 1317 729 a
1336 676 1400 729 Deo
1420 673 1560 737 didicerit,
1579 690 1635 727 non
1653 688 1686 726 ee
1698 689 1766 742 pro·

65 753 176 821 derunt,
194 761 382 809 conversatum
401 771 462 810 eese
480 755 591 824 dicerit,
610 763 636 809 et
652 772 792 810 cumeneo
809 773 903 811 eorum
927 758 993 827 prio
1020 742 1104 814 cirne
1131 761 1175 815 vel
1201 761 1321 816 humano
1348 778 1444 819 sensns.
1475 761 1526 813 sed
1549 775 1620 830 meae
1641 758 1766 830 Spiritus

62 839 274 906 memoraverit,
299 848 325 894 et
349 856 421 912 meae
447 855 480 895 eo
498 840 559 894 ilir'e
579 842 616 895 de
634 840 801 896 DOMINO
821 841 901 895 audi·
929 845 1018 900 docet.
1048 845 1150 903 ”Lim
1173 847 1208 903 de
1231 846 1299 904 fide:
1328 847 1411 902 Nihil
1428 846 1605 910 addendum,
1630 847 1707 915 meod
1722 844 1767 899 eei

61 925 143 995 verit,
161 933 189 980 et
205 925 352 980 uirtutibus
369 927 430 996 ‘tm
445 933 471 980 et
484 925 622 995 doctrina,
640 935 773 997 tnnqriam
787 943 820 980 ee
833 925 901 996 itte,
928 933 1018 998 specie
1036 933 1135 987 bonum
1154 943 1199 988 eet.
1235 936 1310 989 Nam
1329 934 1446 988 addidit
1462 932 1578 994 mulier,
1599 949 1687 1003 neque
1704 939 1765 986 tan·

63 1011 114 1084 aui
128 1012 187 1083 ipsi
203 1012 314 1067 omium
330 1013 403 1067 nitas
421 1014 565 1077 viderant,
580 1021 746 1084 praccepta,
767 1021 792 1068 et
810 1011 900 1067 nim«
927 1017 997 1083 petie
1023 1035 1055 1072 eu
1081 1037 1112 1072 ω
1136 1022 1296 1092 qumquam,
1316 1022 1414 1090 prima
1432 1020 1523 1090 ,pm
1541 1019 1584 1072 att
1603 1017 1765 1089 οἰηθῇ,

62 1095 206 1172 σύμφωνα
234 1104 291 1159 nair
318 1104 443 1180 γρᾳφιιῖς
466 1099 643 1153 rwmmuerit.
679 1097 841 1155 ”Tertuli
865 1099 901 1154 de
928 1103 1021 1173 tabet,
1044 1107 1097 1160 seri
1117 1115 1209 1161 tamen
1232 1108 1329 1177 lapeus
1351 1100 1451 1177 incipit
1471 1123 1528 1159 esse
1542 1104 1764 1175 principium&

60 1189 208 1240 murm&
238 1183 330 1239 emit
357 1201 380 1239 θ·
405 1190 435 1241 3²
470 1185 536 1238 an
565 1185 687 1256 mittio,
717 1186 793 1255 qnod
821 1195 899 1239 ectra
928 1188 1011 1246 Basil.
1029 1191 1125 1247 morel.
1143 1210 1238 1247 summ.
1259 1199 1299 1262 tt,
1319 1210 1342 1247 c.
1367 1199 1394 1247 t:
1424 1193 1538 1262 Oportet
1558 1193 1636 1245 omn'e
1654 1191 1764 1245 uerbum

63 1268 241 1340 &rupturam
268 1269 304 1324 de
329 1277 376 1324 tuo
402 1270 502 1338 infore.
547 1268 582 1324 Si
608 1278 638 1323 tu
665 1286 693 1324 ee
717 1270 899 1339 apostolicae.
927 1283 976 1328 aut
998 1293 1056 1330 rem
1082 1279 1262 1348 confirmare,
1293 1279 1449 1334 testimonia
1473 1294 1573 1332 caerae
1599 1277 1764 1348 scripturae

60 1374 123 1412 cum
150 1356 288 1427 apostolic
313 1357 439 1415 sentiit*
474 1355 609 1428 Origenes
636 1357 665 1411 in
690 1355 810 1429 praefat
834 1357 898 1416 libr.
926 1363 968 1414 ad
990 1364 1182 1419 certitudinem
1209 1365 1320 1435 quidem
1345 1372 1370 1417 et
1395 1360 1595 1434 perfectionem
1622 1363 1763 1431 bononem,

60 1447 126 1514 crept
144 1439 239 1515 ἀρχῶν
262 1450 333 1514 part
356 1448 378 1500 l.
396 1460 424 1514 p.
443 1447 505 1499 665:
533 1442 649 1512 Omnes,
673 1443 723 1513 qui
739 1445 855 1499 credunt
874 1453 898 1498 et
925 1449 966 1500 ad
997 1449 1190 1516 confinientem
1216 1466 1281 1503 cero
1310 1450 1456 1504 malorum.
1496 1449 1530 1504 ln
1558 1467 1638 1505 serm.
1666 1455 1763 1504 contm

60 1529 132 1583 certi
160 1536 236 1606 runt,
267 1529 344 1598 anecd
373 1530 469 1599 pretia
499 1537 524 1581 et
554 1528 657 1582 uminis
677 1545 732 1598 per
758 1529 901 1585 JESUM
926 1530 1027 1589 Sabell
1051 1540 1080 1589 ct
1098 1534 1196 1591 Arium
1218 1535 1292 1591 circa
1314 1536 1386 1592 med.
1426 1537 1481 1591 Vos
1500 1544 1590 1590 autem
1607 1535 1761 1596 hortamur,

61 1613 279 1671 CHRISTUM
293 1615 376 1678 faeta
397 1615 448 1684 sit,
474 1622 501 1668 et
521 1613 660 1669 Christum
677 1615 821 1669 viritatem
841 1634 898 1670 esse
924 1629 953 1673 ut
969 1638 1003 1674 nc
1023 1623 1100 1676 ornni
1114 1625 1211 1691 modo,
1236 1625 1313 1693 quael
1330 1623 1409 1677 nobis
1422 1623 1519 1693 placet
1536 1623 1651 1690 audire,
1675 1638 1757 1691 quae

58 1709 172 1772 norunt,
189 1703 340 1756 secundum
358 1703 434 1773 quod
452 1701 509 1769 ipae
528 1702 614 1770 dies't,
641 1717 691 1770 epo
708 1718 768 1755 enm
785 1703 897 1771 ceritas,
923 1706 1003 1772 ratis,
1023 1710 1077 1762 sed
1097 1710 1175 1779 quod
1193 1710 1316 1767 Domina
1336 1709 1490 1778 complacet
1509 1718 1535 1762 et
1553 1725 1703 1762 camanum
1721 1716 1763 1762 eet

57 1789 218 1857 nemean,
244 1805 316 1859 qnae
328 1797 466 1859 provocat
482 1788 607 1855 nomines
625 1790 666 1841 ad
684 1787 750 1842 bene
768 1787 897 1858 beateque
926 1791 1089 1862 Scripturis.
1135 1794 1214 1850 Vina.
1237 1794 1381 1850 Lerinem.
1405 1795 1537 1850 adversus
1564 1793 1634 1866 proi.
1660 1810 1760 1848 vocum

57 1876 219 1938 vivendum,
262 1893 317 1930 oon
359 1875 477 1930 aliunde
510 1891 593 1944 pisam
630 1873 666 1927 ab
701 1875 772 1945 ἐμεῖο
807 1875 896 1928 cata
924 1894 985 1932 nov.
1008 1895 1032 1933 c.
1058 1886 1104 1935 ti:
1133 1881 1345 1951 Scripturarum
1369 1899 1459 1936 canon
1482 1881 1591 1950 sufficit
1609 1882 1650 1934 ad
1667 1881 1762 1935 omnia

60 1960 233 2018 CHRISTI
256 1961 438 2032 doctrinaque
465 1961 627 2031 cuempiunt.
673 1959 782 2016 Christi
806 1969 896 2014 autem
922 1966 992 2019 natm
1012 1982 1158 2036 superque.
1184 1965 1280 2022 Ambr.
1299 1967 1346 2022 lib.
1365 1974 1383 2022 1.
1404 1967 1438 2022 de
1455 1967 1557 2038 poenit.
1576 1982 1599 2021 a.
1614 1973 1639 2023 t.
1658 1972 1723 2022 tom.
1740 1974 1761 2021 1.

57 2049 151 2105 verbs!
174 2047 293 2103 didm
317 2064 373 2102 ”⁰¹⁸
399 2047 443 2101 itit
465 2048 570 2113 mlum,
598 2064 669 2116 quat
692 2047 773 2100 ΛΟΜ
793 2048 895 2116 faciut
923 2069 950 2123 p.
968 2059 1027 2108 155:
1047 2053 1123 2106 Num
1135 2054 1347 2122 repudiabimus
1360 2054 1457 2108 divina
1469 2053 1586 2109 oracula
1597 2060 1624 2106 et
1636 2053 1761 2131 ipsorum

57 2143 142 2206 mque
173 2134 205 2190 in
237 2150 322 2188 carne
345 2134 455 2203 poeitae
482 2133 592 2200 doceam
623 2140 648 2186 et
670 2131 755 2202 prins
779 2150 898 2205 namque
924 2138 1068 2208 opiniones
1089 2142 1256 2208 sequemur!
1283 2139 1335 2194 scd
1357 2158 1413 2194 non
1437 2141 1517 2193 Deus
1540 2139 1642 2193 alienis
1668 2155 1761 2194 aseer-

61 2221 191 2280 otmunt
207 2220 268 2274 Dei
281 2220 392 2274 uerbum
409 2220 439 2273 in
457 2220 559 2288 Mopse
576 2226 659 2289 manse
671 2221 818 2289 prophetie
836 2232 896 2274 erat
921 2224 1051 2290 tinuimus,
1069 2226 1121 2279 red
1138 2225 1198 2279 suis
1218 2226 1409 2279 aestimandae
1427 2233 1466 2278 est
1478 2225 1596 2279 codun.
1617 2224 1721 2280 ”Lim
1733 2230 1758 2280 3.

58 2317 107 2363 nc.
133 2308 187 2362 cca
209 2314 235 2362 a
255 2314 324 2376 nost
345 2305 542 2360 ammaum
561 2305 622 2375 eju
641 2306 671 2359 in
688 2307 791 2369 coetos.
819 2310 896 2377 anon
922 2308 1054 2366 Hexacm.
1073 2328 1097 2366 c.
1112 2317 1135 2368 3.
1154 2318 1183 2367 ct
1200 2317 1224 2366 e.
1242 2310 1291 2366 lib.
1306 2318 1328 2367 r.
1347 2311 1656 2382 acroceramina:
1680 2309 1763 2373 Quae

58 2394 89 2449 iss
112 2392 251 2463 apostolis
274 2392 333 2445 cuir
357 2392 466 2446 locutus
488 2395 538 2458 sit,
566 2390 677 2444 Paulae
696 2391 823 2445 iudicat:
849 2395 896 2447 An
922 2406 1018 2466 aperte
1038 2413 1071 2450 ee
1089 2398 1300 2466 Scripturarum
1317 2397 1485 2451 auctoritate
1499 2412 1553 2449 non
1567 2396 1666 2458 didici,
1684 2395 1762 2450 iliud

55 2480 268 2552 probamentum
295 2477 433 2548 quaeritis
461 2478 536 2549 ejue,
563 2477 615 2548 aui
640 2477 670 2532 in
694 2494 737 2530 me
762 2477 895 2549 ὡραίων,
922 2483 1005 2552 quasi
1029 2492 1163 2539 secretum
1187 2483 1333 2552 praeterii.
1374 2482 1452 2535 Satis
1476 2488 1516 2533 eet
1541 2483 1582 2534 ad
1606 2481 1764 2545 scientiam,
1849 2488 1857 2514 t

59 2566 188 2624 Girietii
214 2564 276 2622 libr.
302 2570 327 2621 ³.
351 2564 381 2620 in
402 2571 547 2621 comment.
570 2580 594 2618 c.
620 2568 644 2621 3.
664 2562 811 2621 Romanor.
830 2574 896 2620 ante
922 2571 999 2639 anecd
1017 2569 1230 2638 Senpturarnm
1256 2568 1415 2623 divinarum
1438 2566 1525 2621 ecriee
1544 2567 1758 2638 comprehendit.

58 2653 130 2711 mci
151 2652 274 2722 Paulae,
293 2660 323 2705 ut
340 2651 369 2706 ei
384 2651 472 2706 morie
491 2658 541 2718 est,
558 2652 593 2706 de
613 2650 771 2722 Scripturie
790 2651 896 2706 sanctie
924 2655 1035 2710 Sanctie
1060 2655 1218 2726 Scripturie
1242 2655 1495 2725 conloquentibus
1519 2654 1582 2724 quis
1606 2653 1861 2723 tepidarium

57 2741 117 2797 cult
138 2740 304 2808 affin-snare,
333 2739 410 2810 quod
429 2741 557 2807 diecret,
582 2737 669 2793 timul
693 2744 719 2792 et
735 2738 896 2794 doctoribus
922 2741 1128 2814 ”Hieronym
1154 2741 1184 2796 in
1208 2758 1232 2796 c.
1258 2748 1280 2797 1.
1304 2739 1398 2813 augg.
1421 2758 1447 2794 v.
1475 2745 1520 2795 11:
1555 2738 1615 2794 Sed
1638 2749 1666 2795 et
1689 2739 1758 2808 alia,

58 2827 193 2883 ecciesiae
204 2825 346 2896 praebens
364 2825 525 2894 exemplum,
545 2831 575 2878 ut
593 2841 635 2893 ea,
655 2841 726 2895 puae
745 2824 897 2895 manantur
922 2846 993 2898 quae
1010 2829 1113 2898 abique
1132 2828 1298 2882 auctoritate
1316 2836 1342 2882 et
1360 2827 1525 2882 testimoniis
1546 2826 1760 2897 scripturarum

58 2915 101 2971 ad
111 2912 263 2988 populum,
280 2930 336 2967 non
349 2912 480 2982 propriis
493 2919 659 2981 praesumta
675 2912 827 2981 semetiie,
844 2915 897 2966 eed
922 2916 1005 2986 quad
1032 2915 1187 2969 traditione
1212 2914 1370 2983 apostolica
1391 2922 1488 2983 sponte
1506 2914 1651 2984 reperiunt
1676 2921 1758 2984 aterio

57 3003 164 3057 dicine‘e
195 2999 301 3055 munita
331 2997 498 3054 testimoniie
522 3000 684 3067 proferant.
736 2996 894 3070 cyprianus
921 3004 1094 3072 canfinpunt,
1115 3001 1240 3071 percutit
1263 3000 1379 3068 pladiue
1403 3000 1469 3054 Dei.
1507 2999 1542 3054 In
1565 2998 1653 3071 praei.
1676 3014 1759 3070 super

57 3094 169 3146 traam.
203 3086 239 3143 de
269 3085 387 3158 simplic.
411 3083 598 3157 praelatorum
621 3088 686 3156 post
708 3084 781 3140 med.
823 3084 897 3140 titii
921 3105 1017 3145 omnes
1042 3088 1120 3160 epist
1146 3086 1225 3143 Paul.
1255 3087 1285 3141 in
1312 3087 1399 3157 princ
1441 3087 1479 3140 In
1504 3085 1656 3154 ecanpcls'ir
1681 3085 1760 3139 nolu

56 3178 172 3245 Mean,
207 3173 257 3244 qni
291 3173 483 3242 imposuerunt
517 3171 608 3226 altari
641 3171 733 3242 ipnem
762 3171 895 3241 alicam,
922 3175 1049 3246 exempla
1080 3183 1107 3229 et
1135 3181 1292 3244 praecepta
1320 3172 1433 3227 nitendi
1456 3171 1621 3241 plenissime
1650 3170 1760 3238 dipeeta

57 3279 137 3334 meru
161 3277 220 3315 nos
232 3266 420 3330 praeceperat
437 3259 594 3327 Dominae,
622 3257 653 3312 in
672 3266 820 3328 compecto
838 3266 896 3312 eta·
921 3269 993 3317 eunt.
1023 3260 1058 3316 In
1081 3277 1183 3331 praem.
1216 3276 1313 3315 comm.
1343 3259 1372 3314 in
1403 3257 1475 3329 epist
1501 3257 1546 3312 eti
1572 3254 1644 3327 Eph.
1671 3256 1759 3312 Ratio

57 3350 106 3404 tim
125 3346 245 3404 Domini
260 3345 432 3400 vindicantis
450 3346 579 3400 enetincti
596 3354 674 3414 eunt,
694 3362 764 3416 quoe
782 3346 894 3399 imitan-
922 3348 1010 3402 omnis
1028 3356 1053 3401 ct
1070 3365 1162 3402 sermo
1180 3346 1284 3400 divinis
1304 3344 1577 3399 mecoenatiana.
1597 3342 1670 3400 Adv.
1691 3340 1758 3397 Hel·

58 3444 103 3491 tur
128 3433 193 3490 ecil-
216 3440 299 3504 atmse
322 3439 474 3496 sectantur,
502 3431 552 3501 qui
576 3430 635 3486 Dei
656 3431 808 3486 traditione
832 3449 895 3486 con·
920 3432 976 3489 vid.
1004 3437 1071 3488 tom.
1101 3438 1125 3487 3.
1150 3431 1197 3487 iol.
1216 3436 1254 3511 1(ὶε
1288 3430 1321 3484 Ut
1349 3431 1433 3498 haec,
1463 3445 1534 3499 auae
1556 3429 1664 3498 ecripta
1686 3435 1758 3492 ment,

58 3529 141 3577 ternta
159 3520 271 3575 almnat
290 3520 436 3573 doctrinas
454 3526 588 3590 appetunt
613 3526 639 3572 et
664 3518 828 3588 mapisteria
846 3518 895 3572 iu
921 3540 977 3575 nan
995 3536 1143 3589 nepamue5
1162 3519 1203 3572 ita
1222 3535 1270 3582 ea,
1289 3533 1361 3587 auae
1379 3534 1435 3570 non
1451 3523 1515 3569 sunt
1533 3515 1648 3588 sarepta,
1665 3512 1759 3568 renui·

58 3624 158 3664 manae
182 3605 366 3661 institutionis
388 3605 535 3674 inducunt,
562 3623 631 3675 quas
650 3605 779 3674 increpat
796 3605 895 3659 Domi·
920 3625 988 3662 mus.
1029 3605 1149 3678 August.
1174 3604 1222 3660 lib.
1247 3610 1270 3660 9.
1294 3603 1330 3658 de
1354 3602 1406 3659 cir.
1428 3601 1485 3657 Dei
1508 3618 1530 3656 c.
1554 3608 1582 3656 5:
1609 3601 1759 3671 Scriptura

58 3713 109 3750 nae
134 3702 161 3750 et
188 3693 319 3764 aljurpat
343 3693 373 3747 in
390 3693 535 3762 cvanpelio
554 3710 605 3748 eno
623 3693 734 3746 dicens:
763 3690 896 3760 chicitie
921 3695 1019 3747 diuina
1036 3693 1158 3747 emeds'tio
1180 3691 1343 3747 Olsristiana
1361 3691 1527 3746 continetur.
1568 3688 1645 3744 Libr.
1666 3693 1704 3744 19.
1723 3688 1758 3743 de

59 3783 223 3837 mandatum
244 3780 315 3849 Dei,
347 3787 378 3833 ut
406 3779 587 3833 traditionem
613 3787 733 3833 cestram
758 3779 895 3832 etatumie.
920 3778 995 3835 civit.
1013 3778 1068 3834 Dei
1091 3794 1114 3833 c.
1140 3783 1186 3833 ie:
1217 3777 1323 3834 Ciuitas
1346 3777 1473 3832 coelestia
1491 3776 1580 3831 credit
1601 3774 1759 3844 Scripturie

58 3867 229 3926 Athaauius
251 3865 314 3921 libr.
337 3865 373 3920 de
395 3865 531 3921 incarnat
548 3864 662 3921 Domini
684 3881 750 3937 pag.
768 3870 832 3921 5⁴6:
861 3864 895 3919 st
920 3866 1025 3920 sanmir
1044 3873 1070 3918 et
1087 3864 1224 3919 veteribus
1243 3871 1269 3917 ct
1286 3865 1377 3932 noem,
1403 3880 1475 3933 quae
1492 3861 1641 3917 canonicae
1660 3860 1758 3930 appel-

60 3955 198 4026 diecipuli
223 3953 289 4009 estit
314 3952 533 4021 etanpeliorum,
561 3968 596 4006 ne
617 3951 775 4022 loquamini
797 3958 895 4005 eontra
921 3952 1028 4020 lamus,
1047 3952 1122 4006 unde
1133 3952 1211 4018 fides
1230 3951 1295 4020 epse
1314 3956 1448 4019 concepta
1466 3956 1522 4016 est,
1542 3965 1574 4000 eu
1593 3965 1650 4018 pua
1661 3948 1758 4017 justus

60 4045 152 4099 Deum
181 4040 369 4112 immitam,
408 4040 460 4093 sed
483 4056 539 4108 per
569 4037 733 4108 Scripturas
764 4038 893 4092 incedite.
919 4040 1000 4109 citit,
1014 4055 1071 4108 per
1089 4055 1173 4108 quam
1189 4038 1249 4091 sine
1266 4035 1440 4091 duldatione
1457 4033 1643 4103 ambulamus,
1662 4050 1757 4102 msam-

61 4128 171 4195 Quodsi
198 4129 313 4183 &verm
337 4144 357 4181 a
381 4126 538 4196 scripturis
555 4126 694 4194 fabelmi
717 4125 816 4191 cultim
845 4143 895 4179 cur
922 4127 973 4180 diu
987 4124 1204 4195 percerinamur
1220 4140 1239 4176 a
1254 4122 1384 4188 Domino,
1405 4139 1461 4192 mea
1480 4122 1562 4175 salua
1577 4128 1661 4190 atquce
1680 4127 1757 4173 certa

58 4218 202 4274 totamm
220 4213 394 4278 concertatio,
413 4214 463 4284 qui
480 4230 567 4284 neque
586 4214 672 4283 iamsi,
689 4229 777 4283 neque
794 4213 894 4267 audire
922 4215 958 4267 de
981 4212 1147 4282 quibuedam
1168 4210 1264 4272 rebus.
1290 4226 1361 4277 quae
1379 4224 1467 4279 neque
1484 4223 1581 4272 cenni,
1605 4221 1692 4276 neque
1709 4223 1757 4259 ra·

58 4305 239 4373 meumes,
265 4303 342 4372 quod
365 4309 524 4356 extraneum
547 4302 584 4356 eit
601 4302 637 4354 ab
656 4301 737 4355 istr'si
772 4299 895 4374 ”napi
921 4300 996 4354 tione
1013 4296 1199 4368 percipimur,
1224 4311 1311 4364 neque
1334 4294 1413 4348 noim
1428 4310 1484 4364 per
1508 4292 1685 4362 Scriptorum
1711 4308 1756 4344 ca-

58 4391 90 4449 ri
113 4393 299 4464 γεγραμμένα
323 4392 401 4443 extre
424 4403 459 4442 ca
479 4404 550 4459 quae
571 4386 675 4458 scripta
697 4392 778 4456 sunt,
805 4390 848 4443 est
864 4386 895 4440 in
920 4385 1048 4439 manicam
1066 4382 1242 4443 cunarum,
1261 4397 1312 4434 nee
1325 4397 1382 4450 per
1398 4388 1487 4448 teetes,
1507 4379 1606 4450 auibus
1624 4395 1680 4432 non
1696 4395 1756 4432 cre·

59 4477 178 4536 amco.
210 4474 248 4531 Et
271 4481 376 4546 postea
403 4474 643 4543 cunctaturos
660 4474 715 4528 ista
733 4480 827 4529 esdra
844 4473 894 4527 im·
921 4474 988 4525 dere
1007 4469 1159 4525 absurdum
1178 4475 1227 4531 est,
1243 4466 1549 4522 innostramnotitiam
1561 4472 1756 4535 peruenerunt,

59 4563 215 4622 mantue
231 4569 339 4617 cestrae
359 4559 489 4627 itincre,
507 4569 536 4615 ut
556 4560 718 4631 mquamini,
736 4576 808 4630 meae
825 4560 894 4614 ecri-
921 4559 980 4613 sine
991 4559 1074 4628 justa
1087 4554 1299 4626 reprehensione
1312 4553 1477 4608 dubitamus.
1499 4550 1562 4606 Lib.
1577 4551 1612 4607 de
1622 4550 1756 4623 pastorib.

57 4661 108 4725 pta
131 4669 189 4708 non
207 4657 284 4716 aas,
309 4657 335 4703 et
352 4649 489 4718 copitetis,
514 4665 585 4718 quac
608 4649 704 4703 aliena
720 4654 785 4702 eunt
802 4664 822 4701 a
832 4648 895 4717 pie·
921 4663 945 4702 c.
968 4651 1012 4702 14:
1040 4646 1104 4713 Epa
1121 4659 1213 4697 uocem
1226 4640 1354 4713 pastoris
1370 4639 1491 4709 inquiro.
1527 4639 1602 4707 Lepe
1619 4638 1689 4692 miii
1705 4637 1756 4692 itoc

58 4740 171 4797 nter*
207 4735 332 4792 Hilarius
355 4736 403 4792 lib.
428 4741 451 4791 ³.
476 4736 511 4792 dc
527 4735 626 4791 Trinit.
650 4733 725 4791 circa
748 4734 796 4790 fin.
832 4736 895 4790 Hoc
922 4734 957 4787 eie
970 4731 1121 4802 propheto,
1138 4729 1228 4783 recita
1245 4729 1282 4782 de
1301 4727 1371 4796 leae,
1390 4726 1481 4780 recito
1494 4724 1696 4793 deeranpelio,
1712 4742 1756 4779 re·

57 4827 149 4885 mlum
166 4825 203 4879 de
220 4827 286 4879 Deo
304 4824 369 4878 lene
386 4822 466 4877 credi
484 4821 686 4891 intellipamus,
706 4823 748 4875 ad
764 4822 841 4891 quod
859 4823 894 4876 de
921 4822 979 4875 cita
998 4821 1033 4876 de
1051 4817 1187 4889 apostolo.
1220 4815 1305 4870 ”De
1327 4812 1426 4868 uniat.
1444 4811 1541 4868 eccles.
1563 4828 1586 4866 c.
1604 4815 1633 4868 i:
1659 4812 1755 4881 Lepite

58 4931 88 4970 se
110 4911 282 4968 medendum
305 4909 363 4979 ipsi
383 4909 439 4962 eibi
458 4908 600 4962 nobiccum
617 4915 644 4961 et
662 4907 738 4961 tectis
755 4915 781 4961 et
797 4916 896 4962 auctor
921 4908 1001 4961 uobis
1023 4907 1091 4959 laec
1114 4905 1150 4958 de
1171 4903 1248 4972 lepe,
1274 4903 1310 4955 de
1323 4898 1486 4971 propterte.
1511 4899 1547 4952 dc
1562 4897 1693 4967 psalmis,
1720 4899 1756 4951 de

57 4999 173 5057 murti
211 4995 336 5051 ”Idem
352 4994 401 5051 lib.
420 5001 445 5050 t.
468 4994 503 5049 de
520 4994 597 5050 Tria.
621 4994 704 5048 Nina
722 4995 798 5065 prend
817 5003 895 5049 entra
921 4995 983 5065 ipsc
1001 4989 1151 5059 eoanpelio,
1171 4989 1207 5042 de
1228 4987 1316 5041 literis
1335 4983 1496 5055 apostolicis
1516 4991 1541 5037 et
1558 4984 1702 5037 credemur
1709 4983 1756 5042 fl.

59 5084 234 5156 remelium
259 5082 309 5150 eit,
336 5083 498 5147 defendam.
539 5079 634 5151 Cyriii
658 5078 766 5136 Hieras.
793 5086 845 5135 eat
866 5088 894 5137 t:
921 5079 1134 5152 chrysostomus
1168 5091 1251 5146 opere
1279 5070 1386 5142 imperi.
1419 5069 1448 5124 in
1478 5067 1577 5124 mann.
1605 5067 1677 5123 hom.
1709 5075 1755 5125 ia:

58 5176 179 5231 Necesse
207 5176 249 5225 eet
266 5187 321 5223 non
338 5169 399 5223 eine
417 5167 509 5222 samis
528 5166 685 5237 scripturis
703 5174 802 5222 nuere
820 5168 895 5238 quic·
925 5166 997 5229 Oisia
1022 5165 1052 5218 in
1079 5163 1205 5217 meteriis
1230 5159 1338 5214 Christi
1358 5157 1526 5226 frequenter
1552 5163 1649 5208 accunt
1675 5157 1757 5211 sedu-

58 5277 145 5333 qaam
169 5257 295 5325 tradere,
321 5271 406 5325 neque
431 5253 502 5307 mitt
524 5254 592 5308 iaec
610 5253 716 5308 dicenti
733 5254 896 5321 eimpliciter
921 5261 1020 5320 atores,
1033 5256 1189 5320 propterea
1206 5245 1293 5300 nullis
1310 5242 1420 5297 omnino
1438 5243 1608 5297 credendum
1626 5249 1676 5306 eet,
1700 5243 1758 5297 nisi

57 5347 169 5416 αιάω,
189 5343 248 5398 emi
265 5342 525 5397 demonstrationem
543 5340 640 5395 lorum
658 5356 691 5394 ea
707 5341 797 5394 eaere'tr
814 5341 896 5396 litrn‘e
921 5356 957 5393 ea
981 5337 1078 5391 dicant
1094 5335 1137 5388 vel
1146 5332 1277 5401 saciant,
1304 5345 1375 5400 quae
1391 5336 1456 5383 sunt
1473 5327 1663 5383 convenientia
1680 5327 1756 5382 Scri-

55 5432 195 5507 muriae
221 5428 289 5487 ibid.
310 5428 424 5499 Oportet
448 5430 484 5482 dc
510 5427 614 5482 diuinis
632 5426 828 5496 mysteriisme
846 5429 895 5483 mi·
919 5419 1138 5496 prumtiomit
1158 5424 1182 5476 6.
1202 5415 1361 5489 deSpiritu
1380 5434 1401 5471 s.
1421 5413 1576 5471 adorando:
1601 5413 1684 5478 Quod
1701 5433 1756 5470 nan

54 5521 164 5581 mim
196 5516 309 5589 miani
336 5515 396 5572 sine
425 5514 517 5570 eamn
546 5513 702 5587 Scripturie
728 5515 848 5571 tradere.
857 5514 896 5554 θ*
924 5520 965 5569 est
981 5510 1126 5580 scriptam,
1145 5523 1201 5561 non
1218 5511 1262 5560 eet
1278 5503 1458 5560 seretiemium¹
1493 5501 1619 5559 “Idem
1637 5505 1698 5559 orat
1715 5505 1757 5556 tt.
