3984 6022
232 289 291 347 ιιι
936 260 1221 322 mouerimus

141 466 146 474 -
182 453 188 471 =
229 434 345 491 ,ludaeis
362 433 474 496 dtiate,
501 426 648 499 apparebit
670 424 762 495 ipsum
780 439 813 477 ex
832 420 990 491 suspicione
1007 418 1235 485 mse-yeocedaat,
1253 417 1325 472 sicut
1344 422 1373 470 et
1390 421 1470 473 vetus
1488 415 1623 487 interpres
1641 415 1760 471 latinus
1781 419 1927 484 nia-torse-

231 521 289 593 gis,
314 535 397 590 quern
420 534 453 572 ex
475 513 591 569 scientia
607 511 739 577 locutum,
759 526 822 563 cunr
840 505 995 563 Hebreicae
1013 494 1143 562 lin-'scie
1170 501 1293 556 reddidit
1321 503 1462 556 vocabant.
1498 506 1523 557 ³.
1545 501 1645 573 Neque
1667 508 1762 558 tamen
1778 502 1930 574 corruptio·

230 623 303 679 geme
320 620 375 658 non
394 603 464 659 adeo
484 598 589 670 peritius
609 603 690 653 esset.
1090 604 1153 642 nem
1175 586 1296 659 aliquam
1313 587 1359 643 hic
1378 587 1491 643 subesse
1508 586 1561 642 rati
1580 593 1657 659 sunt,
1684 587 1752 658 quia
1776 588 1863 643 etiam
1878 587 1930 644 boe

105 690 218 739 hemel·
265 698 322 748 328.
343 690 390 744 Ad
415 687 540 756 example
564 682 766 752 corruptioris,
794 695 866 750 quae
890 694 992 749 magno
1015 693 1063 731 nu·
1090 675 1151 728 loco
1174 673 1290 728 verbum
1314 674 1434 729 activum
1458 672 1557 729 tertiae
1579 688 1714 744 personae
1737 673 1859 729 sumitur
1882 674 1928 730 im·

101 754 188 890 30:¹21.
203 794 303 833 smero
327 773 500 840 aLindano,
530 769 662 826 Gordono
683 773 712 823 et
735 765 797 820 aliis
821 764 1011 831 adducuntur,
1035 761 1064 815 in
1091 757 1285 828 immites»
1314 760 1423 813 ²³⁰⁰&ss
1448 777 1522 826 eam,
1548 756 1606 813 ΝΠ·
1628 758 1822 832 unmahtim
1839 759 1871 815 5¹²
1887 777 1928 817 ω·

101 894 215 940 mmm.
228 858 461 933 praelectionibus
489 858 524 912 dc
552 854 697 925 Scriptura
722 857 750 907 et
777 850 1002 906 annotationibus
1027 848 1064 904 ad
1091 844 1186 913 clasis,
1215 846 1272 900 sive
1296 861 1389 899 omnes
1407 844 1447 914 pii
1461 844 1491 899 in
1509 843 1627 900 ecclesia
1643 844 1784 902 vocabunt
1801 861 1867 902 eure
1883 845 1928 933 ie

102 952 180 992 ΜΨ
225 948 288 1003 loca
306 947 342 1003 V.
362 946 395 1000 T.
413 943 569 999 difficiliora
584 939 791 1012 respondimus,
816 936 945 993 hocloco
964 951 1063 1005 erpen-
1090 929 1188 984 hovah.
1236 938 1260 986 t.
1291 929 1365 995 Quin
1394 930 1448 985 imo
1485 947 1584 986 nomen
1621 931 1791 1001 praecedens
1818 916 1928 1007 ’22ῳῖ

101 994 214 1094 iiiii!
228 1032 324 1087 demus
343 1031 479 1085 duntaxat
497 1028 620 1099 quinque
637 1026 686 1082 illa
704 1025 774 1094 loca,
793 1039 864 1095 quae
880 1021 1064 1076 Bellarminus
1091 1013 1145 1068 ind
1178 1017 1274 1071 κοινοῦ
1307 1015 1488 1087 repetendum
1520 1022 1563 1072 est
1592 1016 1621 1071 in
1648 1031 1733 1071 sensu
1769 1014 1929 1073 collecflvo:

100 1102 162 1144 “¹³¹²
226 1117 340 1190 reliquis
359 1113 514 1170 Pontificiis
530 1113 560 1167 in
577 1112 630 1167 hac
650 1110 811 1183 quaestione
829 1107 985 1170 modestior,
1006 1123 1063 1161 eor·
1090 1102 1127 1154 Ie
1152 1103 1249 1155 didm
1274 1103 1336 1170 ejtw
1361 1101 1518 1154 talvabt'wr
1541 1101 1623 1154 Ma
1650 1109 1676 1155 ti
1701 1102 1797 1156 Ῑθῦὲῑ
1820 1101 1928 1158 W·

126 1209 387 1273 11.tearuptaesse
407 1200 574 1272 suspicetur:
597 1199 742 1263 l.Ese.9,
759 1194 946 1248 attactas
967 1193 1062 1265 ΝἹΡΙἹ
1091 1188 1128 1240 bit
1160 1189 1337 1254 confidenter.
1396 1187 1435 1239 Et
1464 1186 1516 1239 boc
1545 1194 1585 1240 ast
1615 1203 1713 1240 nemea
1748 1187 1812 1256 <iar
1851 1187 1929 1260 (ge-

228 1288 344 1357 eocebit,
361 1305 422 1341 cem
437 1287 473 1340 eit
491 1287 637 1354 dependam
655 1283 752 1355 &7532
788 1280 939 1335 vocabitur.
984 1280 1063 1345 Eryo
1089 1271 1170 1326 minis
1192 1271 1333 1339 Davidici)
1355 1274 1431 1342 qaod
1454 1272 1563 1326 vocabit
1587 1289 1648 1326 essm
1670 1271 1761 1340 (duda
1779 1276 1809 1328 et
1825 1270 1925 1342 Indi)

219 1375 293 1442 fone
302 1374 447 1427 Hebraeus
461 1389 517 1426 noa
529 1371 629 1439 edique
637 1369 810 1438 flas'tpurae.
829 1361 1062 1434 Resp.l.remotis
1088 1358 1321 1426 Jelsovejusts'tia
1341 1365 1446 1410 aerbo.
1478 1357 1576 1428 Neque
1593 1357 1657 1411 huie
1671 1355 1839 1428 expositioni
1849 1355 1925 1430 quie·

224 1459 334 1531 punctis
358 1458 414 1529 legi
436 1464 529 1528 potest
547 1454 624 1526 jik'ra
647 1459 675 1510 et
689 1451 814 1523 jilskare,
837 1452 896 1521 jem
914 1466 979 1504 vero
999 1446 1061 1502 Bel·
1087 1460 1171 1514 quam
1202 1443 1312 1498 decedit
1337 1459 1386 1513 per
1411 1442 1562 1498 versionem
1588 1442 1618 1497 in
1634 1441 1751 1512 plurali,
1777 1441 1847 1514 quis
1862 1456 1923 1498 vesh

224 1546 370 1613 mnus,
396 1544 588 1614 stapletonus,
612 1538 747 1594 Pistoriae
780 1543 808 1592 et
824 1535 949 1606 plerique
967 1532 1060 1587 Ponti·
1087 1529 1153 1583 bum
1169 1529 1276 1599 plurale
1295 1529 1405 1599 saepius
1424 1546 1488 1583 cum
1506 1528 1616 1584 nomine
1638 1527 1784 1584 collective
1809 1529 1924 1601 coujun-

224 1631 280 1686 ficii
293 1636 427 1697 statuunt,
437 1636 543 1698 peneto
556 1644 613 1680 erse
627 1645 645 1678 a
659 1624 796 1679 Raeticis
810 1621 921 1675 addita.
945 1625 967 1674 2.
980 1618 1059 1673 Chal·
1085 1616 1168 1687 gitur.
1204 1623 1226 1671 5.
1247 1614 1377 1686 Plerique
1396 1613 1518 1670 Habbini
1536 1620 1597 1668 tum
1614 1613 1785 1686 antiquiores
1804 1619 1867 1671 turn
1882 1630 1923 1670 re

191 1748 198 1756 -
225 1717 310 1772 dasus
327 1715 411 1771 vertit
426 1714 537 1785 passive
561 1712 698 1786 *¹712th
715 1709 797 1765 LXX
815 1708 912 1764 itidem
931 1713 1060 1770 καλεῖται,
1085 1701 1219 1758 cautiores
1242 1706 1350 1787 retenta
1375 1701 1492 1757 lectione
1516 1701 1545 1755 in
1568 1701 1640 1772 sing.
1665 1700 1702 1755 sd
1719 1698 1852 1757 Messium
1876 1717 1923 1757 nc

224 1810 257 1857 ut
282 1811 310 1858 et
337 1802 524 1871 Hieronymus
552 1796 600 1854 lib.
621 1803 644 1852 3.
668 1796 697 1850 in
715 1795 777 1849 Esa.
814 1801 837 1850 3.
853 1794 950 1866 Neque
967 1801 1060 1849 tamen
1085 1804 1148 1842 men
1173 1789 1267 1863 ³³2¹!ss
1291 1786 1384 1860 Ηῑῆζ
1408 1785 1631 1854 accommodent,
1655 1789 1687 1840 ut
1711 1786 1838 1842 ostendit
1858 1784 1924 1843 Πά-

224 1887 409 1959 corruptelam
426 1885 547 1955 aliquam
566 1881 612 1937 hic
630 1882 744 1938 subesse
762 1881 815 1934 rati
833 1887 906 1944 sunt,
926 1880 974 1935 sed
991 1879 1059 1933 idio·
1084 1871 1161 1928 vicus
1179 1881 1244 1928 tom.
1265 1879 1288 1929 a
1313 1872 1383 1942 disp.
1402 1871 1525 1952 Gissens.
1545 1872 1615 1943 disp.
1637 1879 1660 1927 5.
1679 1868 1706 1946 ξ.
1726 1876 1750 1927 a
1778 1889 1846 1944 ergo
1868 1883 1922 1929 uon

222 1974 337 2028 tismum
355 1971 501 2026 Hebraeae
526 1969 638 2040 linguae
655 1967 699 2022 sui
716 1966 848 2021 sermonis
867 1966 997 2021 idiomate
1014 1982 1058 2021 ex·
1084 1963 1126 2012 θεῖ
1143 1958 1297 2028 verisimile,
1316 1959 1440 2014 iudaeos
1460 1965 1567 2014 textum
1587 1958 1764 2029 depravasse,
1783 1975 1819 2014 ne
1840 1975 1920 2032 coge

223 2065 391 2131 pressensnt,
412 2074 464 2112 nec
483 2064 540 2112 tem
558 2055 674 2110 verbum
691 2054 782 2124 ipsum
800 2070 883 2124 quam
900 2053 978 2107 verbi
998 2067 1058 2105 sen-
1083 2049 1179 2099 reutur
1198 2061 1359 2116 agnoscere,
1379 2043 1497 2098 Messias
1515 2061 1616 2099 nomen
1635 2043 1762 2100 Jehovah
1781 2044 1905 2101 attribui.

224 2163 284 2201 sum
311 2147 503 2215 respexerunt,
531 2141 596 2213 quia
618 2147 730 2201 norunt,
757 2141 840 2193 verca
863 2139 955 2192 activa
980 2137 1060 2206 arud
1120 2153 1178 2205 seo.
1206 2154 1231 2204 a
1247 2148 1323 2202 Pras
1341 2153 1383 2217 rr,
1402 2164 1427 2201 v.
1453 2154 1491 2203 ιι.
1523 2149 1611 2202 Nemo
1631 2146 1860 2202 cinaeum
1875 2155 1984 2216 sans

225 2233 369 2286 Hebraeos
392 2230 504 2298 saepiae
526 2228 600 2280 sami
622 2225 855 2296 impersonaliter.
891 2223 992 2279 Genea.
1020 2229 1060 2292 15,
1085 2235 1134 2302 qm·
1150 2253 1206 2287 noa
1223 2234 1312 2303 agas:
1324 2235 1466 2302 foderum
1484 2253 1584 2287 mam
1601 2251 1678 2289 m
1695 2242 1721 2288 a
1733 2235 1825 2304 poda
1841 2251 1924 2289 m.

224 2335 249 2372 v.
268 2323 298 2372 ὃς
317 2315 471 2385 imputavit
490 2315 517 2369 ei
531 2313 742 2383 adjustitiam,
759 2311 812 2366 hoc
825 2317 874 2380 est,
894 2311 1058 2381 imputatum
1089 2320 1188 2374 Tarus
1210 2338 1274 2374 vero
1299 2320 1439 2372 Hebraies'
1461 2318 1570 2388 tepere,
1594 2321 1666 2373 sicat
1690 2320 1734 2373 leo
1760 2319 1843 2395 ''itffl
1867 2337 1923 2375 ses

225 2407 267 2459 est
289 2402 315 2458 ci
338 2399 533 2472 adjustitiam
556 2399 600 2469 (ut
625 2400 737 2469 exponit
765 2398 906 2469 apostolus
929 2396 1007 2450 Rom.
1035 2402 1059 2463 4,
1077 2407 1231 2473 foderare,
1257 2408 1333 2474 qaod
1351 2407 1456 2459 amiur
1475 2406 1541 2479 arry.
1577 2404 1661 2476 Rssp.
1682 2409 1703 2461 1.
1723 2403 1923 2460 Gmsbrmdns

225 2507 250 2543 V.
270 2489 307 2560 3.)
338 2487 440 2544 Genet-
462 2491 501 2554 lb,
518 2503 544 2540 V.
565 2492 608 2541 14:
631 2484 746 2538 Vocavit
761 2493 875 2553 puteum
894 2485 990 2550 iatum,
1007 2482 1059 2537 hoc
1084 2488 1248 2545 Pontificius
1272 2490 1301 2545 in
1328 2508 1424 2547 comm,
1450 2491 1477 2545 ly
1496 2491 1516 2547 l,
1539 2509 1567 2561 p,
1587 2498 1620 2547 79
1648 2506 1705 2544 non
1722 2490 1810 2546 audet
1825 2491 1924 2558 diem,

224 2582 275 2645 eat,
301 2573 445 2631 voessbitur
463 2580 573 2643 puteus.
601 2570 666 2627 Job.
687 2577 711 2633 4,
734 2589 759 2624 v.
780 2577 825 2626 19:
848 2572 994 2625 Cmtiereni
1013 2587 1059 2623 eve
1084 2576 1159 2631 hunc
1176 2578 1268 2631 locum
1288 2576 1395 2631 malitia
1412 2576 1584 2632 ,Judaeomm
1601 2593 1662 2632 ease
1678 2583 1855 2647 eorrupmm,
1872 2574 1934 2635 κά

224 2664 265 2715 od
281 2661 379 2729 facies
402 2660 508 2726 tineae,
534 2656 586 2711 hoc
601 2664 657 2723 est,
685 2660 910 2710 conserenteis.
929 2662 960 2724 7,
985 2672 1011 2710 v.
1031 2660 1059 2711 3:
1086 2662 1221 2717 duntaxat
1247 2663 1343 2715 serice
1370 2662 1496 2715 lectioaie
1521 2679 1580 2716 ease
1606 2661 1642 2716 ob
1670 2661 1813 2716 literarum
1833 2666 1846 2713 t
1864 2664 1923 2717 et*

224 2748 414 2801 Ammeoeas
433 2753 524 2797 noctes
542 2743 741 2796 eoswtitaertsnt
760 2742 843 2810 milri,
860 2740 912 2796 hoe
930 2747 980 2806 est,
997 2758 1060 2795 con·
1085 2747 1300 2802 similitudinem.
1344 2746 1415 2802 lbid.
1448 2746 1532 2802 etiam
1557 2745 1780 2802 doctissimorum
1802 2746 1923 2803 Jndsao-

224 2832 339 2887 stitutae
357 2837 423 2885 sunt
440 2829 515 2886 mihi.
550 2829 664 2882 Merces.
687 2827 717 2880 in
740 2832 886 2884 comment.
923 2834 946 2882 t.
965 2826 1060 2897 Atque
1085 2852 1145 2889 mm
1165 2833 1329 2890 testimoniis
1346 2832 1461 2903 probat,
1485 2832 1591 2904 optima
1606 2833 1778 2904 exemplaria
1794 2831 1923 2889 habuisse

220 2916 269 2972 iric
286 2915 418 2988 loquendi
436 2914 534 2969 modus
546 2913 630 2968 etiam
642 2913 672 2966 in
684 2913 719 2969 N.
732 2912 765 2966 T.
778 2912 905 2968 occurrit.
936 2913 1005 2967 Luc.
1021 2919 1060 2980 12,
1082 2922 1174 2984 Νι),
1194 2920 1269 2991 quod
1290 2920 1381 2990 ipsum
1400 2925 1539 2974 testantur
1559 2917 1684 2973 Andrsd.
1705 2918 1756 2977 lib.
1774 2925 1799 2976 t.
1817 2917 1921 2975 defens.

223 3021 249 3059 v.
269 3009 315 3059 20:
350 3004 484 3072 Repetam
501 3001 624 3054 animam
642 3008 732 3062 teani,
769 2999 821 3053 1¹0⁰
839 3007 894 3069 eti,
919 3005 1061 3070 repetetur
1085 3005 1132 3061 lid.
1148 3005 1210 3060 Jolr
1229 3005 1341 3060 isaacus
1359 3005 1407 3060 lib.
1427 3011 1451 3061 2.
1472 3012 1568 3061 contm
1584 3004 1703 3059 Iindan.
1723 3003 1817 3060 Galat
1836 3005 1885 3060 lib
1900 3011 1922 3060 1.

223 3090 389 3145 animatus
407 3104 431 3142 c.
453 3093 492 3155 13,
513 3105 537 3140 V.
557 3092 597 3143 29.
633 3086 749 3156 apocal.
771 3091 813 3154 le,
832 3103 857 3145 v,
879 3093 918 3141 15.
954 3094 977 3141 5.
995 3087 1060 3141 Pot-
1087 3093 1122 3148 de
1147 3108 1238 3146 noan.
1263 3091 1343 3147 Ceth.
1366 3091 1443 3146 verit.
1469 3108 1492 3146 a.
1514 3098 1537 3148 8,
1564 3098 1594 3145 et
1611 3090 1658 3145 lib.
1677 3095 1701 3146 8.
1732 3108 1756 3145 a
1778 3097 1818 3147 l'l.
1857 3088 1923 3146 Ger·

222 3181 265 3230 est
283 3174 395 3246 insuper
413 3189 447 3229 ex
465 3172 519 3227 alio
533 3171 725 3228 Hebraeorum
742 3171 880 3227 idiotismo
892 3172 1059 3240 responderi,
1086 3178 1163 3235 hard,
1189 3177 1361 3248 Veltvyckas
1387 3177 1416 3232 in
1440 3177 1595 3249 appendice
1617 3175 1682 3231 libri
1707 3174 1810 3232 Sessile
1835 3175 1921 3239 Tobu,

222 3261 298 3333 quod
314 3261 373 3316 scil
392 3260 518 3315 Hebraei
532 3259 647 3328 caepisse
665 3259 749 3312 verde
767 3259 860 3312 active
878 3259 976 3312 tertiae
993 3277 1059 3328 per·
1085 3264 1241 3335 papinus,
1267 3263 1405 3318 Vatablns
1429 3270 1457 3317 et
1482 3262 1618 3317 Mullerns
1640 3263 1671 3317 in
1691 3261 1719 3315 h.
1745 3261 1763 3315 l
1798 3262 1874 3328 Qnin
1895 3263 1923 3316 in

221 3363 308 3400 socae
332 3345 488 3413 depuleris
514 3345 624 3398 numeri
648 3345 707 3398 siae
727 3352 801 3397 certo
821 3345 992 3398 nominativo
1007 3363 1059 3414 po·
1087 3349 1257 3405 bibliotheca
1283 3349 1442 3404 academiae
1468 3354 1579 3404 nostrae
1610 3348 1728 3403 habetur
1759 3347 1849 3403 codex
1870 3346 1922 3403 He

221 3440 290 3485 acet
320 3432 468 3484 mheaddo
497 3430 611 3485 Beaoni
636 3432 761 3499 ejusdem
791 3432 879 3497 verbi,
910 3448 991 3501 quem
1021 3431 1059 3484 lo·
1086 3435 1186 3491 bracus
1208 3433 1425 3505 manuscriptus,
1449 3435 1497 3505 qui
1521 3434 1590 3506 legit
1613 3435 1705 3486 ebeth.
1746 3438 1768 3489 2
1793 3432 1876 3499 Quod
1900 3430 1923 3486 si

222 3514 326 3587 quendi
343 3517 455 3570 modum
475 3520 576 3570 vocant
602 3516 668 3583 ἾΈΡ
691 3500 751 3588 iffi
769 3516 935 3570 laetationem
949 3525 1058 3571 trance-
1085 3538 1151 3592 ergo
1176 3521 1220 3576 vel
1245 3519 1361 3575 maxime
1384 3520 1414 3574 in
1434 3519 1602 3591 quibusdam
1623 3517 1831 3589 exemplaribus
1850 3535 1922 3575 meu·

222 3613 279 3657 tem
301 3601 403 3658 Genea.
429 3609 476 3671 48,
499 3622 524 3657 v.
549 3609 573 3658 2.
600 3604 776 3656 annuntiavit
801 3603 910 3657 Jacobs
917 3642 925 3670 ,
954 3603 1060 3659 scilicet
1086 3607 1152 3661 dose
1176 3622 1228 3677 pro
1251 3609 1331 3656 tuti:
1356 3606 1400 3661 vel
1419 3606 1591 3661 iudaeorum
1607 3603 1714 3660 malitia
1730 3604 1776 3659 vel
1798 3603 1921 3661 librario·

221 3689 388 3745 mentiens
407 3689 515 3761 eliquia,
532 3688 548 3742 ὁ
567 3691 655 3744 δεῖνα.
689 3689 777 3744 Exod.
798 3696 837 3757 le,
855 3707 881 3744 v.
901 3695 945 3745 11:
964 3692 1059 3761 Ejecit
1085 3710 1146 3747 rum
1170 3691 1279 3747 incuria
1301 3691 1422 3762 positum
1441 3692 1627 3752 essetfluen,
1654 3689 1724 3744 illud
1741 3696 1841 3745 tamea
1858 3707 1922 3747 uou-

222 3792 283 3844 eos,
319 3773 497 3846 subintellige
525 3776 629 3845 ejectos
657 3774 717 3829 sive
746 3773 866 3845 ejiciens.
920 3776 983 3831 Job.
1018 3781 1060 3841 22,
1087 3777 1153 3832 dum
1178 3777 1324 3849 probaret,
1348 3777 1438 3831 fontes
1464 3793 1523 3830 esse
1540 3783 1696 3845 corruptos,
1723 3774 1791 3845 quie
1810 3793 1845 3833 ex
1864 3793 1923 3848 pro

222 3878 248 3915 v.
271 3867 316 3916 tt:
354 3861 518 3930 Gompbrdet
540 3879 640 3915 mames
666 3878 734 3914 esea
760 3860 845 3916 scilic.
872 3861 1059 3932 complodens,
1087 3862 1159 3917 batis
1186 3862 1389 3935 exemplaribus
1413 3878 1479 3916 vera
1508 3869 1536 3917 et
1562 3861 1685 3932 muira
1708 3859 1791 3918 lectio
1817 3860 1923 3919 restitui

221 3945 272 4000 nbi
289 3944 354 4000 vide
371 3947 409 4001 sis
428 3947 583 4004 Merces-um
599 3945 628 4001 in
646 3963 743 4002 comm.
767 3946 853 4002 Mich.
875 3953 900 4015 2,
919 3966 944 4001 v.
964 3955 994 4003 4:
1024 3949 1060 4001 Ia
1086 3954 1195 4019 posset,
1222 3965 1255 4002 ac
1277 3947 1451 4019 particularis
1475 3946 1524 4001 illa
1544 3947 1573 4000 in
1599 3946 1767 4018 quibusdam
1790 3945 1924 4003 duntaxat

221 4033 268 4088 die
287 4033 342 4087 iile
365 4042 452 4088 semet
478 4051 562 4103 seper
583 4052 631 4087 vos
654 4033 825 4102 parabolem
848 4033 933 4089 scilic.
958 4033 1060 4088 lamen·
1087 4034 1230 4090 codicibus
1249 4034 1389 4106 corruptio
1408 4040 1518 4088 nostrae
1536 4032 1692 4088 sententiae
1710 4048 1767 4087 nou
1784 4032 1923 4105 praejudi-

219 4125 305 4188 tator,
329 4119 404 4191 quod
425 4119 534 4175 addidit
549 4119 701 4191 Pagninue.
739 4118 841 4174 Confer
859 4118 1012 4176 Vatablum
1031 4120 1060 4174 in
1087 4128 1171 4176 emet
1208 4127 1231 4176 3.
1249 4121 1347 4192 Neque
1362 4120 1428 4175 huic
1446 4118 1592 4189 hypothesi
1610 4118 1646 4175 de
1663 4117 1923 4177 mutationeliterae

220 4222 318 4260 comm.
342 4204 416 4260 illius
439 4205 500 4262 loci.
539 4212 562 4261 6.
586 4204 715 4277 Denique
737 4206 767 4260 in
790 4212 868 4261 textu
895 4206 1058 4277 prophetico
1088 4209 1149 4262 tin
1165 4207 1273 4262 literam
1292 4210 1304 4240 '⁴
1323 4206 1446 4261 obstaret
1462 4204 1583 4260 literatt
1607 4203 1763 4259 rediculi:
1790 4205 1922 4277 subjecte,

219 4290 391 4362 subintelligi
414 4296 521 4361 potest,
547 4293 626 4345 Deae
644 4294 732 4346 Pater
755 4294 880 4361 vocabit,
904 4292 977 4348 idem
1003 4293 1059 4349 scil.
1086 4296 1152 4367 quia
1169 4311 1202 4350 ex
1223 4294 1316 4366 prisca
1335 4294 1506 4349 ludaeorum
1532 4292 1681 4365 scriptione
1701 4291 1771 4346 illud
1790 4291 1922 4366 origines

220 4377 268 4448 qui
286 4377 361 4431 hunc
380 4376 467 4432 filium
484 4394 564 4431 suum
583 4377 663 4433 nobis
684 4378 770 4446 dedit,
789 4378 864 4432 unde
882 4378 1012 4434 Tremeli.
1032 4386 1060 4434 et
1085 4383 1178 4438 trahit.
1213 4382 1283 4436 Cum
1304 4381 1376 4435 enim
1395 4385 1500 4435 certum
1519 4379 1564 4447 sit,
1581 4396 1636 4433 non
1652 4378 1680 4432 in
1694 4375 1825 4433 omnibus
1834 4394 1921 4436 exerr-

219 4462 322 4519 Junius
340 4464 461 4518 activum
478 4462 607 4518 retinent.
1086 4466 1210 4538 pleribus
1227 4472 1331 4537 puncta
1350 4466 1416 4520 olim
1432 4465 1518 4519 fuisse
1535 4465 1655 4534 adjecta,
1674 4463 1736 4518 ideo
1753 4479 1791 4518 ne
1809 4463 1922 4520 nimium

92 4568 207 4618 arim
256 4556 314 4606 329.
341 4557 363 4605 2.
382 4551 486 4605 Jerem.
507 4553 552 4609 23,
572 4569 595 4606 e.
617 4554 634 4605 d
654 4551 683 4604 s'ss
703 4551 832 4605 Hebraeo
851 4551 961 4619 legiter,
981 4569 1060 4604 stoce-
1086 4551 1207 4606 diificilis
1237 4551 1319 4607 lectio
1350 4551 1495 4615 evaderet,
1525 4557 1589 4620 post
1618 4548 1772 4620 quamlibet
1801 4549 1921 4607 vocula

93 4621 207 4716 {35:3⁸¹
221 4636 260 4691 bit
277 4653 351 4704 eam,
377 4637 407 4689 ia
424 4636 579 4703 singulari,
603 4653 664 4688 casn
681 4644 774 4690 mosee
793 4637 940 4705 legendam
958 4638 995 4690 sit
1014 4656 1059 4690 vo·
1085 4655 1213 4710 magnam
1226 4637 1330 4693 ,ludaei
1342 4653 1426 4690 unam
1439 4653 1473 4691 er
1484 4635 1571 4690 literis
1590 4639 1662 4686 *re
1682 4634 1787 4690 addere
1811 4651 1921 4692 consue

221 4723 322 4777 cadem
339 4738 412 4790 mm,
435 4721 465 4772 in
485 4720 606 4788 plurali.
641 4720 726 4791 Resp.
758 4730 779 4779 1.
806 4722 994 4793 Hieronymus
1018 4730 1058 4777 te·
1086 4730 1192 4780 verunt.
1239 4722 1296 4778 Sed
1324 4721 1403 4776 nulla
1432 4738 1482 4775 nos
1512 4720 1588 4791 cogit
1614 4722 1779 4789 necessitas,
1809 4727 1843 4777 ut
1866 4738 1922 4778 cor·

220 4813 321 4876 statur,
348 4806 433 4862 etiam
455 4822 505 4860 suo
529 4813 652 4876 tempore
675 4806 761 4862 freae
787 4806 891 4861 lectum
917 4798 1010 4883 itt'tygt,
1030 4808 1059 4862 in
1085 4811 1241 4882 ruptionem
1266 4809 1388 4880 aliquam
1413 4807 1442 4861 in
1470 4807 1523 4862 hoc
1550 4806 1610 4861 loco
1636 4824 1835 4879 agnoscamus,
1861 4823 1922 4865 osu

220 4894 290 4966 sing.
316 4909 349 4947 ac
370 4891 454 4946 LXX
476 4891 640 4960 interpretes
664 4898 805 4946 verterunt
827 4897 943 4948 uersae.
983 4894 1059 4965 Ergo
1086 4896 1145 4951 sine
1173 4895 1230 4950 ullo
1253 4894 1378 4948 veritatis
1405 4892 1569 4948 detrimento
1595 4893 1652 4964 legi
1680 4893 1769 4963 possit
1792 4893 1922 4964 ”timia

215 4980 336 5050 jamtum
355 4976 533 5047 Hieronymi,
556 4977 612 5031 imo
632 4976 715 5031 LXX
733 4978 914 5048 interpretum
935 4985 1058 5051 tempore
1085 4999 1153 5053 quo,
1164 4987 1258 5034 tamen
1285 4979 1449 5051 explicando
1467 4978 1576 5033 variant
1599 4978 1707 5033 eruditi
1745 4988 1767 5034 t.
1790 4978 1922 5052 Augusti·

218 5072 310 5121 textus
327 5064 474 5122 Hebraeus
491 5063 590 5119 fuisset
607 5070 768 5135 corruptus,
797 5066 872 5135 quod
891 5073 984 5121 tamen
1003 5085 1057 5122 non
1086 5066 1345 5123 nus‘Ncbrissensis
1368 5065 1397 5119 in
1415 5064 1551 5120 Psalterio
1572 5064 1785 5136 quinquelingui
1802 5072 1832 5121 et
1843 5064 1922 5121 Pois·

218 5151 388 5215 concedunt,
416 5151 466 5221 qui
490 5150 580 5206 fontes
607 5150 750 5218 Hebraeos
776 5151 957 5223 corruptionis
977 5170 1057 5208 acca·
1084 5170 1135 5207 nus
1163 5153 1193 5205 in
1223 5159 1358 5223 syntagm.
1384 5157 1508 5207 vertunt:
1540 5153 1611 5204 cisat
1637 5152 1681 5205 leo
1704 5156 1733 5204 et
1752 5150 1831 5207 verbi
1850 5153 1922 5204 aru:

219 5243 298 5303 sant,
325 5237 375 5291 sed
401 5235 485 5293 LXX
512 5253 546 5290 ex
574 5241 652 5292 textu
675 5238 805 5294 Hebraeo
832 5237 924 5293 adhuc
949 5239 1057 5311 integro
1082 5240 1230 5303 foderant,
1265 5237 1323 5293 sive
1358 5237 1476 5306 alicuius
1508 5236 1621 5293 alterius
1652 5236 1745 5292 sensui
1774 5233 1924 5293 couioenis

219 5320 370 5377 sadonem
397 5339 477 5378 suam
505 5321 656 5377 adamasse
686 5329 820 5380 statuunt.
862 5330 886 5381 2.
911 5325 1057 5391 Vatablus,
1083 5323 1194 5394 ellipsin
1211 5328 1354 5391 statuunt,
1373 5340 1436 5377 cum
1455 5323 1484 5377 in
1503 5321 1656 5378 Chaldaica
1673 5320 1800 5378 versione
1818 5328 1925 5379 utruur

217 5405 376 5477 Psgninus,
402 5408 485 5463 Arias
508 5408 672 5476 Montanus,
702 5411 751 5480 qui
774 5409 921 5466 Hebraeae
944 5410 1057 5482 linguae
1083 5424 1138 5480 que
1160 5411 1360 5481 conjungatur:
1385 5409 1577 5476 Persodenmt
1600 5410 1643 5462 sie
1667 5407 1741 5462 celat
1762 5406 1808 5461 lac
1824 5422 1927 5463 mser

218 5490 379 5564 peritissimi
400 5492 524 5563 iuuant,
548 5501 685 5549 testantur
711 5497 782 5551 verti
808 5513 890 5566 posse
906 5496 936 5551 in
954 5496 1057 5566 plruali
1084 5510 1159 5548 meos
1177 5502 1203 5549 et
1217 5497 1305 5563 pedes
1325 5511 1408 5562 meos,
1427 5511 1541 5562 eamque
1560 5494 1702 5562 &amorii
1713 5492 1827 5563 suipra
1842 5493 1928 5551 etim
