3984 6022
182 263 228 321 44.
888 209 1012 302 toros
1031 243 1175 305 ramus

184 424 271 479 aymo
292 404 498 471 contradicere,
515 402 564 457 sed
582 402 611 455 in
630 402 683 457 hao
701 399 861 471 quaestione
880 399 1023 469 consentit,
1050 416 1097 457 eae
1122 400 1277 456 ordinariae
1302 400 1355 455 fuit
1379 401 1530 465 Aieuinus,
1561 406 1593 456 ut
1619 400 1714 471 placet
1740 399 1885 456 Antonino

184 490 261 564 qnod
278 491 443 560 Hieronymi
466 487 621 543 testimonio
643 487 752 557 pondus
770 484 855 539 addit
892 485 938 541 Sic
955 501 1021 540 vero
1047 492 1165 559 partit.
1188 486 1272 542 titt.
1295 505 1319 542 ι.
1343 492 1381 542 15.
1406 491 1435 541 ιι
1458 484 1606 557 Csnguino
1629 485 1692 540 libr.
1716 492 1739 541 ι.
1778 484 1885 542 Hister.

182 576 281 633 scribit
296 577 326 630 in
344 573 514 645 expositione
533 572 655 643 symboli
673 571 814 642 Cypriane
838 571 928 624 minus
946 575 1020 625 recte
1046 573 1144 629 Frena
1164 590 1187 628 c.
1209 579 1231 629 l.
1248 573 1294 628 vel
1311 573 1430 627 Strahus
1449 571 1602 625 stramen
1620 571 1695 627 eirea
1711 589 1815 627 annum
1823 577 1884 629 840.
1898 581 1928 621 11.
1942 579 1978 623 ⁸⁷·

181 661 331 719 attributa:
373 661 449 723 Quae
475 667 537 712 ssent
561 659 638 711 Nori
663 675 697 711 ac
728 658 831 710 Veteris
852 657 1022 710 Testamenti
1047 667 1078 713 ιιι
1104 658 1197 729 placet
1221 657 1382 712 Trithemio.
1425 656 1457 711 Ιιι
1484 657 1600 728 prologo
1628 655 1702 710 illius
1728 656 1822 729 agitur
1847 657 1885 713 de

180 747 338 809 vehimine,
358 763 430 814 quae
444 745 595 797 secundum
613 745 752 812 majorum
771 743 951 796 traditionem
965 759 1019 812 per
1033 744 1125 816 'libris
1152 743 1292 799 canonicis
1317 749 1345 797 et
1368 741 1599 806 non-canonicis,
1623 758 1658 796 ac
1680 742 1777 798 eodem
1801 742 1885 799 modo

181 834 272 904 speum
290 831 428 902 Spiritum
452 837 576 883 sanctum
599 829 740 898 inspirata
765 831 915 882 credamur
930 836 960 890 ⁴et
977 845 1018 882 ee-
1046 835 1242 885 enumerantur
1259 828 1322 884 libri
1343 827 1482 896 canonici,
1507 844 1563 898 quo
1585 827 1615 881 in
1634 828 1734 882 ιιοιιιιι
1752 828 1887 885 ecclesiis.

181 919 274 975 clariis
299 915 404 970 Chresti
432 915 555 984 tradita,
586 923 740 984 competens
771 914 881 966 ridetur
910 915 940 966 s'n
967 913 1018 966 hoc
1045 915 1140 972 Verba
1157 916 1196 970 sic
1214 915 1330 970 habent:
1350 913 1423 976 Quia
1439 914 1521 966 malti
1536 930 1569 966 es
1588 929 1628 980 eo,
1647 916 1724 983 qrsod
1736 932 1793 968 non
1813 915 1886 970 mul·

180 1005 243 1058 iceo
261 1001 383 1057 euidenti
402 1017 529 1069 numero,
556 1000 627 1053 sicce
651 1016 683 1051 ex
703 1007 817 1068 patrum
836 1000 1018 1052 morsumentis
1044 1010 1101 1056 tam
1138 1019 1252 1072 operam
1288 1002 1357 1054 dant
1380 1000 1546 1068 Scripturae
1573 1016 1686 1066 sacrae,
1724 999 1887 1055 mistimant

180 1089 350 1158 accepimns,
369 1086 522 1155 desiynari.
557 1083 661 1139 Postea
679 1091 805 1139 recenset
822 1083 956 1139 librorum
973 1100 1017 1138 aa·
1045 1107 1138 1142 omnes
1157 1087 1252 1155 libros,
1271 1086 1320 1155 qni
1336 1086 1367 1138 in
1386 1085 1495 1138 biblicis
1515 1086 1697 1153 continentur,
1712 1085 1785 1155 pari
1804 1103 1884 1141 uene·

180 1173 341 1229 nonicorum
371 1171 531 1242 catalogum
563 1187 626 1225 cum
656 1168 873 1241 Hieronymiano
906 1186 1017 1240 prorsus
1045 1175 1154 1227 rats'mse
1176 1189 1235 1226 esse
1256 1173 1422 1225 cernendas
1442 1179 1467 1223 et
1485 1172 1661 1239 adorandos,
1678 1170 1827 1226 nescientes
1839 1173 1885 1228 di·

180 1263 391 1332 congruentem,
424 1263 453 1310 et
482 1255 574 1310 addit:
611 1256 691 1309 Haec
714 1263 793 1319 ment,
823 1271 894 1324 quae
921 1263 1017 1324 patres
1045 1260 1184 1328 stinyuere
1209 1259 1281 1310 inter
1309 1256 1396 1310 libros
1420 1255 1583 1325 carwnicos,
1611 1264 1637 1309 et
1658 1257 1887 1322 concanonicos,

180 1346 255 1400 intra
273 1360 407 1397 canonem
427 1342 633 1416 conclassentur,
654 1359 686 1392 ar
705 1341 803 1409 qreihrss
814 1341 889 1407 fidei
905 1349 1017 1393 nostrae
1045 1362 1113 1414 quos
1150 1342 1273 1395 Hebraei
1302 1341 1374 1393 inter
1404 1339 1568 1409 apocrypha
1597 1349 1773 1410 consputont,
1809 1344 1887 1397 unde

180 1430 347 1487 msenmnss
374 1436 501 1482 constare
527 1427 679 1480 retromeat.
718 1426 756 1480 Et
772 1433 884 1496 postea:
923 1427 1016 1479 Scien-
1045 1445 1128 1499 saepe
1158 1427 1248 1480 doctis
1278 1426 1406 1479 videretur
1436 1424 1556 1478 ridiculi
1580 1434 1628 1479 etc.
1677 1426 1786 1481 Auctor
1808 1424 1887 1483 illius

179 1518 247 1571 dum
266 1523 315 1584 est,
334 1515 411 1584 quod
429 1512 485 1565 alii
502 1512 571 1565 libri
586 1520 656 1573 ιιιιιι,
675 1513 725 1580 qui
741 1530 796 1565 non
811 1511 948 1580 canonici,
968 1514 1019 1564 sed
1044 1514 1153 1585 glossae
1176 1511 1342 1567 sententiam
1368 1528 1447 1565 suam
1471 1508 1615 1566 confimat
1637 1511 1802 1567 auctoritate
1824 1510 1886 1568 Ori-

180 1600 362 1657 eeclcsiastici
384 1617 404 1652 a
428 1598 583 1667 majoritate
601 1597 743 1667 appellati
758 1604 832 1665 sunt,
859 1604 888 1650 ut
907 1604 946 1650 est
965 1596 1017 1650 So·
1045 1599 1138 1670 genis,
1169 1595 1333 1669 Hieronymi
1363 1593 1517 1663 saltatui,
1541 1612 1574 1650 ao
1592 1595 1621 1650 in
1639 1595 1811 1666 praefatione
1829 1596 1886 1653 sin-

175 1686 285 1757 pientio
316 1682 486 1739 Salomonis.
531 1682 669 1750 Ejusdem
698 1682 808 1734 ordinis
842 1689 881 1734 est
908 1681 1018 1734 libellus
1045 1684 1172 1755 gulosum
1198 1683 1330 1738 librorum
1354 1680 1578 1752 apocryphorum
1596 1680 1665 1736 illud
1686 1681 1798 1752 repetit:
1834 1685 1885 1738 In·

182 1773 286 1826 Tobiae
311 1778 337 1823 ct
359 1768 462 1822 Jadith
483 1776 509 1821 et
526 1768 764 1821 Maccahaeorum
784 1767 865 1830 iibri,
891 1767 921 1820 in
938 1768 1017 1819 Nouo
1046 1771 1114 1840 cipit
1139 1769 1210 1823 liber
1237 1768 1355 1836 Tobiae,
1382 1768 1430 1837 qui
1454 1785 1509 1820 non
1535 1775 1574 1821 est
1592 1768 1622 1821 in
1640 1786 1759 1835 canone,
1784 1769 1886 1839 incepit

178 1872 244 1911 aare
271 1859 444 1910 Testamenta
469 1853 552 1920 liber,
578 1853 627 1922 qm·
648 1853 753 1906 diodus·
774 1853 919 1918 Pastoris,
947 1871 1018 1922 quoe
1047 1854 1275 1919 Ecclesiasticus,
1300 1854 1349 1923 qui
1365 1872 1421 1905 non
1439 1860 1479 1906 est
1495 1853 1525 1905 in
1544 1870 1651 1907 canone
1668 1855 1717 1907 etc.
1733 1854 1885 1910 auctoritas

180 1942 275 1997 omnia
294 1941 352 2010 leys'
368 1939 510 2010 quidem*
499 1957 527 1991 ιιι
548 1937 841 2006 ecclesiarcharum,
860 1946 1018 1992 norstarnen
1045 1941 1154 2013 glossae
1172 1938 1405 1995 commendatur
1398 1957 1426 1992 ιιι
1443 1937 1614 2036 praefatione
1632 1945 1769 1995 tomorum
1790 1939 1883 1996 conci·

176 2028 308 2099 proferri
325 2027 366 2079 ad
386 2025 579 2078 auctoritatem
598 2041 630 2077 es
646 2023 690 2076 his
700 2025 776 2090 fides
786 2026 1016 2094 confirmandam
1043 2027 1150 2081 borum.
1187 2025 1332 2081 Glossae
1319 2024 1391 2094 Juris
1409 2022 1535 2078 canonici
1553 2031 1650 2080 auctor
1669 2024 1724 2080 furt
1736 2025 1904 2128 Johannes
1897 2027 1981 2069 ⁰¹⁰³·

180 2112 329 2169 Concludit
346 2110 473 2165 tandem:
511 2110 591 2163 Haec
608 2109 687 2162 noea
705 2129 724 2163 a
738 2110 882 2178 patribus,
900 2118 929 2163 nt
948 2110 1017 2177 diri,
1047 2113 1161 2167 Seneca
1181 2111 1359 2175 Teutonicum,
1381 2109 1452 2181 juris
1472 2109 1568 2163 doctor
1584 2109 1775 2166 Halberstadii
1790 2112 1883 2182 sepul·
1893 2078 1987 2171 hosta.

179 2198 299 2266 trodsta
311 2203 495 2266 opportunum
507 2213 595 2247 υιιιιιιι
607 2202 647 2247 est
664 2195 715 2247 hoc
736 2196 797 2248 loco
816 2197 966 2265 dessynare
977 2198 1019 2249 od
1045 2205 1103 2252 tus:
1129 2204 1199 2252 teste
1229 2196 1357 2251 Crantsio
1379 2195 1427 2250 lib.
1452 2200 1477 2250 ι
1509 2194 1583 2252 Hist.
1601 2195 1662 2252 Sex
1684 2213 1709 2253 c.
1731 2204 1772 2254 ιἰ.
1808 2196 1863 2252 le
1854 2215 1885 2251 ιιι

180 2274 388 2338 instructiones'n
406 2299 510 2348 comm,
532 2281 582 2349 qui
596 2280 692 2349 prima
707 2281 840 2335 elementa
853 2282 1016 2351 suscipiunt,
1045 2301 1069 2338 c.
1095 2300 1212 2338 canones
1239 2282 1301 2336 dist.
1332 2288 1370 2336 15.
1395 2281 1424 2334 in
1450 2281 1525 2337 verb.
1554 2281 1717 2351 apocrypho
1743 2281 1784 2337 sio
1810 2299 1884 2340 eom·

180 2376 210 2423 ut
231 2367 334 2436 seiont,
362 2383 394 2420 ea
418 2366 516 2434 quibem
542 2365 597 2418 sihi
612 2365 737 2429 fontibus
756 2367 833 2418 verhs'
851 2368 934 2420 DEI
949 2367 1017 2420 hau·
1045 2373 1194 2424 mentatur:
1232 2366 1418 2437 Apoaypha
1442 2367 1475 2419 id
1499 2374 1538 2420 ιιι
1555 2367 1615 2420 sine
1634 2375 1762 2435 auctore,
1778 2377 1809 2422 ut
1827 2369 1883 2424 Sa-

179 2454 283 2511 rienda
302 2453 358 2506 sint
370 2452 485 2521 poeula.
523 2449 657 2504 Melcbior
679 2449 773 2505 Canus
791 2450 839 2505 lib.
858 2457 882 2507 2.
920 2451 1017 2508 Locor.
1043 2455 1151 2524 pientia
1170 2453 1338 2521 Solomonia,
1358 2452 1429 2505 liher
1450 2451 1521 2505 Jesu
1536 2452 1598 2521 filii
1617 2451 1727 2521 Siraci,
1745 2453 1796 2523 qui
1812 2455 1884 2508 diei·

180 2557 206 2596 o.
220 2544 271 2597 ·11.
306 2535 452 2592 Rufinum
480 2535 532 2590 hoc
560 2535 669 2590 nomine
697 2532 869 2607 ignorantiae
895 2545 1017 2606 accusat,
1046 2549 1090 2593 tur
1110 2539 1327 2594 Ecclesiasticus
1347 2545 1372 2590 et
1391 2537 1462 2591 liber
1482 2536 1584 2589 Judith
1602 2545 1629 2590 et
1645 2537 1716 2591 liber
1730 2539 1837 2594 Tobiae
1858 2549 1884 2595 st

181 2624 257 2698 qnod
284 2612 395 2694 patrum
419 2620 584 2675 baditiones
611 2620 639 2674 in
662 2621 781 2676 concilio
796 2620 1017 2694 Carthaginiensi
1046 2626 1115 2679 liber
1132 2625 1370 2678 Maccahaeorum
1377 2642 1388 2689 ;
1413 2622 1446 2675 hi
1462 2623 1618 2692 apocryphi
1635 2623 1780 2691 dicuntur,
1799 2632 1825 2678 et
1841 2632 1884 2679 ta·

182 2707 326 2777 nescient,
351 2706 400 2762 sed
425 2707 458 2762 de
478 2704 747 2776 Carthaginiensium
765 2707 902 2763 sententia
921 2713 1019 2778 postea
1045 2729 1106 2764 ιιιιιι
1126 2712 1265 2781 tepenter,
1282 2710 1335 2762 sed
1352 2710 1427 2772 sorte
1444 2727 1499 2761 non
1516 2708 1693 2776 yeneralitsr.

98 2791 99 2794 ’
183 2796 298 2852 dicetur
1080 2802 1120 2851 00
1151 2794 1287 2866 Gregorio
1311 2792 1435 2865 pontifici
1458 2793 1583 2849 Romano
1612 2794 1802 2866 adjungantur
1828 2794 1884 2850 duo

117 2896 138 2920 ·
218 2886 260 2938 80.
283 2878 464 2949 Reliquorum
485 2875 620 2948 patrnrm'
612 2893 640 2929 m
658 2875 877 2933 occidentalibus
895 2878 1019 2933 eeclesiis
1045 2880 1213 2948 cardinales,
1232 2880 1316 2946 Huyo
1335 2887 1361 2932 et
1381 2879 1550 2948 Oajetanus,
1569 2896 1686 2950 quornm
1708 2879 1754 2934 ille
1772 2896 1884 2936 sexcen-
1896 2873 1986 2965 {iffi

146 2964 317 3036 ·suffragia
345 2962 467 3018 breviter
490 2960 720 3017 enumerabimus.
760 2964 933 3017 Philostrius
966 2963 1020 3018 fuit
1045 2967 1081 3020 tis
1100 2972 1163 3036 post
1180 2964 1346 3038 Gregorium
1366 2965 1445 3018 annis
1464 2963 1583 3034 scripsit,
1605 2963 1650 3018 bie
1669 2983 1734 3020 vero
1752 2965 1884 3022 trecentis

149 3047 156 3062 ’
182 3050 333 3108 Brixieneis
360 3050 507 3120 episeopus
528 3047 706 3119 ¹Hieronymo
733 3054 761 3103 st
786 3048 886 3104 Rufino
910 3056 1018 3105 coaeta—
1047 3058 1108 3123 post
1124 3051 1280 3122 Hugonem
1314 3049 1427 3122 Hugo'
1419 3069 1448 3104 m
1464 3050 1580 3123 prologo
1601 3068 1684 3122 super
1700 3050 1816 3107 Josoam
1834 3052 1885 3107 hos

181 3152 258 3193 neus.
293 3135 323 3189 Is
340 3135 369 3190 in
387 3133 506 3204 catalog.
526 3131 630 3187 haeres.
650 3149 673 3186 c.
689 3138 729 3189 88.
749 3133 789 3187 sie
808 3134 934 3189 disserit:
955 3136 1019 3189 Sta·
1046 3137 1125 3209 ponit
1143 3153 1252 3191 versus:

182 3229 269 3277 tutum
288 3228 329 3274 ιιι
348 3221 383 3274 ab
403 3219 542 3290 apostolis
561 3226 586 3271 ct
604 3236 699 3272 eorum
716 3221 937 3290 successorihus,
958 3221 1019 3275 nul·
1084 3224 1208 3291 Quinque
1226 3222 1313 3275 libros
1326 3221 1413 3288 Mori,
1431 3220 1547 3287 Josuae,
1564 3220 1708 3289 Judicum,
1728 3221 1887 3291 ιδιιιιιιιιιιι,ο

181 3308 226 3362 los
251 3307 339 3361 libros
369 3307 399 3358 in
426 3305 546 3359 eccksio
571 3304 712 3374 catholica
738 3305 796 3373 leyi
822 3306 935 3372 dehere,
964 3307 1022 3361 nisi
1082 3309 1121 3362 Et
1151 3307 1305 3361 Malachim
1329 3314 1384 3360 tres
1404 3306 1586 3376 ‘praees'puos
1617 3307 1658 3360 his
1686 3324 1788 3377 reaque
1813 3310 1887 3362 Pro·

183 3394 269 3462 leyen
289 3399 315 3445 ct
335 3391 505 3460 prophetas,
532 3395 558 3442 ct
582 3391 760 3460 apocryphas
777 3391 820 3444 oei
839 3392 1020 3446 absconditas
1584 3393 1702 3461 phetas,-

183 3474 340 3546 seripturos
358 3475 415 3544 teyi
433 3475 532 3528 dehere
550 3492 656 3529 moenam
675 3493 762 3528 eausa
778 3495 797 3529 a
810 3477 956 3546 perfectis,
970 3480 1022 3531 sed
1081 3482 1153 3533 Post
1170 3477 1377 3547 Hayioyrapho
1396 3486 1459 3530 sunt
1476 3468 1591 3544 Daniel,
1610 3477 1717 3544 Dauid,
1741 3478 1844 3533 Esther
1861 3487 1888 3533 et

184 3563 220 3617 oh
237 3561 362 3616 omnebus
383 3560 440 3629 leyi
457 3578 511 3612 non
530 3561 646 3626 dehere;
670 3561 718 3614 ubi
736 3560 807 3632 legis
830 3567 857 3617 et
873 3561 1019 3633 propbeta·
1589 3564 1712 3632 Esdras,

183 3665 245 3703 rum
271 3646 382 3701 nomine
404 3645 532 3715 exemplo
558 3644 659 3700 Christi
685 3646 817 3717 intelligit
843 3653 874 3703 22
911 3647 1020 3704 Veteris
1082 3651 1152 3714 Joh,
1172 3647 1414 3718 Paralipomenon
1433 3655 1459 3701 et
1478 3655 1533 3701 tres
1551 3648 1621 3701 libri
1637 3648 1808 3703 Salomonis.

159 3730 352 3789 -Testsmenti
375 3730 470 3786 libros.
514 3730 668 3798 Greyorius
695 3741 877 3803 cognomento
902 3750 1020 3805 magnus
1082 3738 1199 3791 Restant
1219 3733 1376 3804 apocryphi
1392 3733 1490 3796 Jerns,
1510 3733 1668 3802 Sapientia,
1685 3735 1799 3803 Pastor,

130 3815 324 3874 Romanae
364 3814 498 3871 ecclesiae
536 3815 682 3887 episcopus
715 3815 772 3870 fuit
804 3817 878 3872 circa
916 3835 1019 3872 annum
1083 3823 1121 3874 Et
1139 3818 1376 3874 Maccahaeorum
1394 3817 1473 3884 ls'hri,
1491 3818 1593 3871 Jadith
1612 3827 1694 3888 atque
1714 3818 1827 3875 Tobios.

182 3900 284 3958 Christi
306 3907 365 3957 600.
400 3901 429 3955 Ιι
453 3900 561 3957 lib.19.
586 3902 730 3955 moralium
755 3902 783 3956 ιιι
806 3902 910 3958 Jobum
936 3922 959 3960 e.
979 3910 1018 3960 17.
1081 3907 1124 3961 Hi
1140 3907 1207 3974 qrsia
1226 3911 1289 3956 sunt
1308 3903 1400 3971 dubii,
1417 3903 1467 3954 suh
1485 3920 1591 3957 canone
1607 3922 1663 3957 non
1679 3910 1870 3974 numerantur,

180 3987 339 4060 prolaturus
358 3986 548 4041 testimoniam
567 4004 599 4041 ex
617 3987 705 4057 primo
723 3988 953 4043 Maccahaeorum
965 3989 1017 4043 hac
1082 3992 1141 4046 Sed
1159 3990 1226 4060 quia
1244 4006 1311 4041 uera
1330 3995 1446 4054 canunt,
1465 3988 1582 4041 ecclesia
1601 3989 1716 4059 erumpit
1734 3988 1809 4042 iilos.

180 4072 269 4129 utitur
287 4077 490 4149 npoespnnstp:
511 4075 557 4126 De
571 4090 627 4141 qim
639 4089 671 4125 re
689 4073 823 4140 (cavenda
839 4074 946 4130 seilicet
964 4075 1018 4130 ela·
1045 4077 1208 4148 Csjetanus,
1234 4073 1353 4127 Thomas
1377 4073 1411 4128 de
1428 4072 1483 4127 Vio
1507 4073 1576 4128 alias
1595 4073 1699 4141 dietus,
1722 4072 1839 4144 praefat
1856 4074 1887 4129 ιιι
1899 4091 1964 4141 ιιι·

179 4158 264 4226 done)
283 4177 338 4212 non
356 4159 517 4212 inordinate
533 4158 664 4226 facimus,
685 4160 713 4211 si
729 4175 761 4212 es
782 4159 862 4212 libris
881 4160 945 4213 licet
960 4178 1016 4214 non
1045 4162 1104 4218 Jos.
1124 4167 1229 4230 septem
1248 4158 1372 4229 capitula
1394 4159 1422 4213 in
1440 4158 1553 4227 Esther,
1576 4159 1662 4214 libros
1686 4158 1807 4227 Tobiae,
1835 4159 1885 4215 Ju-

181 4245 332 4311 cononicis,
350 4244 402 4296 sed
419 4251 510 4296 ιαιιιιιι
531 4245 572 4296 od
589 4244 813 4310 aedificationem
827 4246 920 4314 plebis
934 4246 1017 4301 editis
1045 4247 1115 4316 dith,
1133 4244 1299 4316 Sapientiae,
1317 4244 1514 4314 Ecclesiastiei,
1532 4244 1764 4301 Maccahaeorum
1782 4244 1886 4301 fatetur

182 4330 366 4395 ustimmrium
392 4329 585 4398 proferamus.
633 4327 726 4383 Sixtus
757 4329 886 4408 Senensis
919 4331 968 4386 lib.
994 4337 1017 4388 8.
1046 4351 1100 4388 non
1124 4349 1184 4386 esse
1207 4330 1370 4398 canonicos,
1395 4329 1425 4384 in
1448 4346 1509 4401 cap.
1528 4330 1577 4384 ult.
1595 4329 1695 4385 Esther
1716 4337 1822 4398 monet,
1845 4334 1887 4385 ad

181 4415 285 4472 haeres.
308 4419 346 4470 12.
363 4413 479 4484 regerit,
514 4412 683 4480 Grcyorium
708 4414 786 4484 loqui
802 4418 838 4469 de
852 4425 1018 4485 protocano-
1046 4417 1143 4471 limam
1167 4416 1334 4484 Hieronymi
1355 4417 1528 4469 revocandos
1552 4433 1609 4470 esse
1628 4416 1715 4470 libros
1734 4417 1885 4471 canonicos

181 4500 261 4555 nicia
314 4498 402 4569 Atqui
436 4498 676 4553 deuterooanonici
708 4500 813 4571 recepti
844 4508 910 4556 sunt
946 4503 1020 4558 circa
1050 4503 1155 4557 Veteris
1176 4501 1353 4568 Testamenti,
1370 4499 1487 4571 praefat.
1504 4507 1648 4556 comment.
1669 4500 1884 4557 adclamante.

182 4602 285 4641 annum
304 4590 363 4640 400.
383 4601 400 4638 a
420 4583 536 4638 concilio
553 4583 659 4639 scilieet
676 4582 908 4657 Carthaginiensi,
926 4595 956 4643 ut
974 4607 1019 4644 so·
1046 4605 1163 4655 maynas
1190 4585 1257 4640 dicit
1292 4587 1463 4653 Hieronymo
1497 4587 1607 4654 yratias
1638 4587 1781 4655 aycndas,
1809 4589 1887 4657 qssod

181 4670 243 4726 lunt
259 4669 419 4725 adversarii.
449 4667 601 4740 Gregorius
619 4668 730 4740 scripsit
748 4672 843 4726 seculo
854 4680 932 4728 sexto
945 4674 1019 4729 eirca
1046 4674 1179 4726 amoverit
1207 4690 1226 4725 a
1263 4671 1340 4724 nohis
1370 4671 1548 4725 ,Iudaeorum
1584 4672 1760 4725 calsrmniam.
1806 4671 1885 4729 Haec

181 4772 283 4811 annum
309 4760 367 4810 600.
411 4754 486 4826 Ergo
517 4755 602 4827 plane
631 4756 754 4811 excludit
783 4774 829 4813 eos
858 4775 875 4812 a
905 4777 1017 4815 canone.
1045 4759 1136 4813 omnia
1155 4757 1266 4829 scripsit
1285 4756 1435 4828 CsJ'etanus
1452 4756 1557 4812 Romae
1576 4764 1640 4813 ante
1657 4757 1806 4813 concilium
1823 4756 1884 4812 Tri·
1898 4780 1925 4820 11.
1938 4778 1970 4820 as,

182 4839 273 4896 Julius
290 4839 430 4913 Rugerius
451 4838 526 4909 dicit,
544 4841 636 4894 minus
654 4849 748 4895 notum
759 4843 856 4910 finisse
871 4843 1018 4915 Greyorio,
1046 4843 1189 4900 destinam
1207 4843 1236 4898 in
1254 4843 1314 4915 ipso
1333 4841 1411 4896 Rom.
1428 4841 1567 4913 pontificis
1587 4848 1745 4914 conspectu.

181 4926 249 4980 silos
272 4943 332 4980 esse
355 4926 512 4979 canonicos.
557 4925 645 4996 Atqui
676 4931 772 4982 tantus
798 4930 944 5001 episcopus
968 4948 1019 4986 nec
1081 4936 1122 4987 01.
1151 4929 1309 4999 Antequam
1328 4946 1360 4984 er
1380 4927 1463 4983 Italia
1480 4928 1619 4996 abeamus,
1637 4928 1808 4983 recensenda
1820 4935 1885 4984 sunt

183 5009 281 5067 debuit
296 5028 347 5066 nec
367 5010 460 5080 potuit
476 5010 555 5066 hoe
547 5027 683 5110 rgnorare.
713 5011 868 5070 Costerus
861 5034 889 5069 ιιι
906 5015 1018 5071 Euchir.
1045 5015 1192 5070 aliorum'
1185 5032 1214 5068 ιιι
1236 5013 1319 5068 Italis
1336 5013 1500 5084 scriptorum
1518 5013 1676 5070 testimonia
1692 5017 1803 5070 norbae
1823 5031 1884 5071 sen·

183 5093 226 5149 tit.
248 5094 283 5148 de
304 5095 351 5150 lib.
370 5112 467 5153 canon
486 5097 674 5167 respondet,
661 5115 752 5166 ipsum
773 5099 853 5170 ioqui
866 5103 901 5154 de
914 5120 1020 5156 canone
1046 5101 1148 5156 tentiae
1182 5099 1341 5154 conformia.
1383 5101 1539 5154 Antoninus
1564 5099 1789 5170 archiepiscopus
1816 5100 1882 5155 Flo-
1896 5107 1983 5150 Annas

183 5178 388 5244 Hebraeorum,
418 5182 466 5236 sed
490 5181 562 5237 bane
586 5183 775 5254 exceptionem
800 5201 860 5240 esse
883 5187 1020 5259 frivolam,
1047 5187 1171 5242 reatinus
1189 5185 1217 5240 in
1237 5203 1344 5240 summa
1362 5193 1475 5256 parta.
1494 5185 1536 5240 tit.
1559 5191 1597 5242 18.
1619 5204 1643 5241 c.
1661 5192 1684 5241 6.
1703 5182 1729 5260 ἕ.
1749 5185 1883 5242 secundo:
1876 5161 1989 5261 {siqu

56 5260 147 5352 2¹3¹·ss
183 5264 267 5338 paulo
287 5271 351 5337 post
368 5267 625 5323 demonstrabimus
665 5269 771 5323 Glossa
791 5273 942 5328 ordinaria
959 5275 1019 5330 bib·
1046 5273 1166 5328 affirmat
1185 5272 1219 5325 de
1239 5289 1285 5326 sex
1304 5271 1359 5325 illis
1379 5270 1561 5326 controversis
1578 5271 1673 5342 libris,
1695 5269 1770 5343 quod
1787 5263 1992 5355 ιιι·ιιιιιῑ’ιοκιὶ

56 5363 170 5403 neuton·
183 5351 282 5408 liorum
307 5358 335 5407 et
357 5353 495 5421 yiosso
474 5353 555 5425 yuris
581 5355 712 5408 canonic-i
734 5372 850 5430 magnae
868 5376 976 5430 semper
992 5360 1021 5415 in
1047 5359 1201 5411 auctoritas
1226 5356 1505 5427 adprbhondasa,
1529 5356 1800 5426 peraerumnosis,
1827 5325 1911 5412 mun

58 5424 130 5455 oran
183 5437 302 5496 ecclesia
323 5437 451 5495 Romana
469 5439 583 5497 fuerunt
600 5441 782 5496 auctoritatis.
824 5443 930 5501 Auctor
946 5446 1020 5518 glos·
1047 5445 1085 5499 sit
1105 5445 1243 5515 idonce‚'
1235 5462 1264 5498 ιιι
1284 5460 1367 5516 quam
1387 5441 1551 5499 sermotiem
1569 5442 1674 5531 allegat
1690 5442 1825 5499 Thomam
1842 5461 1883 5500 se-
