3984 6022
169 228 172 233 ’
205 264 265 322 sio
693 291 698 298 -
800 284 806 291 -
891 253 1012 311 Locus
1032 252 1211 320 ausurus

205 410 260 466 alio
278 416 310 464 ut
328 408 499 465 exsistentiae
524 424 590 463 suae
613 405 746 474 termino,
772 407 821 462 sed
845 407 906 479 ipss
931 426 981 478 per
1005 425 1034 462 se
1063 408 1100 462 sit
1116 425 1173 463 una
1191 409 1344 481 eademque
1363 409 1520 473 ὑπόστασις,
1539 418 1567 467 et
1584 412 1624 468 sic
1640 413 1769 468 Christus
1787 417 1823 469 sit
1840 433 1898 472 una

205 498 369 568 completam
389 495 473 549 habet
491 495 694 558 exsistentiam,
715 496 787 549 unde
807 496 835 548 in
853 495 1034 550 rationalibus
1061 504 1169 549 tantum
1187 512 1312 566 persona.

205 583 435 654 hyphistameuon
458 588 486 637 et
513 598 644 651 persona,
673 581 701 634 in
725 580 838 652 reliquis
861 584 1034 650 suppositum
1099 586 1153 635 134.
1191 580 1241 645 Qu.
1261 589 1284 636 5.
1315 585 1363 635 Aa
1387 585 1454 635 uuio
1478 593 1551 637 recte
1571 587 1725 654 definiatur
1742 606 1798 656 per
1816 606 1896 657 capu·

205 669 311 723 dicitur
347 667 420 732 Quia
439 684 503 721 vero
528 675 627 721 nature
649 665 770 723 humana
788 668 927 737 propriam
947 667 1034 721 subsi-
1062 667 1194 720 lationem
1218 668 1262 720 ael
1285 670 1529 736 conjuactionem?
1562 671 1804 744 Distinguendum
1828 674 1895 731 intes

206 754 333 808 dentiam
352 752 518 820 nonhabet,
539 754 587 807 sed
607 755 637 805 ἐν
657 751 729 821 αὐτῷ
747 755 784 821 τῴ
798 752 882 822 Λόγῳ
901 739 1034 821 subsistit,
1061 768 1173 806 sensum
1191 753 1265 807 vocis
1285 754 1480 809 Nestorianum
1498 762 1527 810 et
1547 756 1739 812 orthodoxum.
1777 759 1807 814 Si
1827 761 1894 815 enim

203 839 263 893 ideo
279 857 334 893 non
354 848 395 892 est
415 856 464 908 per
481 856 511 893 se
530 838 761 910 hyphistamenon
780 856 812 892 ac
832 856 963 909 persons,
985 840 1034 894 sed
1060 839 1199 907 copulatio
1217 840 1261 893 vel
1282 841 1441 909 conjunctio
1459 859 1540 896 sensu
1560 843 1729 899 Nestoriano
1749 855 1895 916 usurpatur

202 930 311 979 tantum
329 926 416 977 ueluti
428 942 501 993 pare
518 927 658 994 quaedam
677 927 739 993 ejus
753 942 908 995 personae,
933 925 962 979 in
979 942 1034 995 qua
1061 942 1111 994 pro
1136 925 1211 979 nuda
1239 927 1408 999 παραστάσει
1434 928 1540 1000 absque
1562 931 1620 985 ulla
1640 934 1893 998 communicatione

203 1010 316 1065 exsistit.
1061 1012 1125 1064 unio
1147 1012 1236 1066 minus
1259 1018 1333 1068 recte
1360 1031 1410 1083 per
1435 1015 1636 1084 copulationem
1657 1017 1805 1083 definitur,
1827 1021 1894 1074 sicut

238 1103 293 1153 1³1.
330 1096 380 1160 Qu.
398 1103 423 1152 2.
458 1098 505 1150 Αιι
529 1096 655 1149 Christus
678 1098 828 1150 secuudum
852 1099 929 1166 quod
944 1097 1033 1150 ·ιοιιιο
1061 1096 1179 1166 cyrillus
1208 1097 1237 1151 in
1263 1099 1379 1168 Epistol.
1407 1099 1509 1170 Synod.
1528 1102 1564 1155 ad
1584 1102 1692 1158 Nestcr.
1709 1104 1795 1158 dicit:
1831 1105 1894 1160 Gor·

92 1196 99 1210 ·
200 1185 237 1237 sit
261 1184 458 1252 suppositum!
491 1183 631 1253 Respond.
651 1182 848 1237 Bonaventura
866 1190 889 1239 3.
916 1189 1033 1238 sentent
1058 1183 1212 1249 junctionis
1230 1187 1274 1248 (ut
1291 1191 1319 1239 et
1336 1185 1529 1257 copulationis)
1552 1206 1651 1242 τιοτιιοτι
1678 1198 1825 1258 tamquam
1843 1211 1893 1245 ιισιι

201 1271 263 1324 dist.
283 1276 322 1324 ιι).
343 1274 449 1340 quaest
468 1275 491 1324 3.
519 1277 571 1324 art.
590 1276 618 1324 2:
651 1269 833 1338 Supposilum
856 1270 961 1338 duplex
986 1277 1035 1336 est,
1060 1270 1190 1322 idoneum
1219 1273 1260 1323 ad
1282 1272 1498 1337 sipru'ficaudum
1521 1275 1637 1328 ιιτιιιαιιι
1657 1294 1797 1330 arcanum
1815 1280 1894 1331 eolla·

200 1357 231 1408 ιἰι
251 1372 304 1424 quo
332 1362 357 1407 et
384 1356 419 1407 sle
445 1372 507 1422 quo.
544 1354 573 1409 Si
601 1353 774 1423 intelligatur
799 1354 972 1425 suppositum
999 1357 1035 1408 de
1060 1374 1126 1408 ιιιιιι.
1166 1354 1244 1420 Quae
1262 1357 1334 1410 enim
1353 1358 1483 1426 copulata
1501 1365 1578 1427 sunt,
1596 1360 1668 1416 inter
1686 1379 1722 1417 ea
1742 1380 1798 1416 non
1818 1364 1896 1417 datur

201 1460 263 1510 quo,
275 1440 451 1511 praedicatur
463 1441 589 1509 alterum,
603 1449 631 1496 et
645 1443 719 1511 quod
734 1441 881 1512 subjicitur
891 1440 1033 1512 superiori,
1061 1445 1155 1493 mutua
1172 1443 1392 1522 communicatio,
1411 1450 1443 1497 ut
1459 1451 1538 1514 patet
1557 1446 1682 1518 exemplo
1697 1464 1823 1503 ιιιιιιιιιι
1835 1467 1894 1503 con·

201 1544 266 1581 vera
283 1533 324 1580 est
343 1526 500 1596 propositio.
540 1525 664 1580 Christus
684 1534 716 1580 ut
739 1526 820 1580 homo
844 1535 886 1581 est
908 1527 1033 1598 supposi-
1059 1525 1271 1596 glutinatorum,
1301 1528 1385 1583 iidem
1413 1529 1510 1585 leviter
1539 1538 1647 1586 tantum
1675 1534 1839 1595 cohaerent,
1869 1543 1896 1589 et

200 1619 274 1681 tum,
310 1614 333 1666 si
353 1612 524 1683 intelligatur
542 1613 729 1683 suppositum,
749 1615 779 1665 in
794 1631 847 1682 quo
868 1619 956 1668 totum
975 1630 1033 1668 esse
1059 1611 1140 1667 facilc
1158 1631 1251 1666 rursus
1274 1614 1386 1668 dissolvi
1404 1623 1534 1684 possunt,
1558 1636 1591 1672 ac
1617 1620 1690 1674 inter
1714 1637 1760 1676 cos
1777 1639 1832 1676 uon
1849 1623 1894 1675 da·

200 1700 239 1753 rei
261 1698 400 1754 stabilitur
417 1707 445 1754 et
462 1699 607 1766 fundatur,
628 1698 699 1752 falsa
719 1704 761 1753 est
779 1699 937 1770 propositio.
1059 1706 1104 1752 tur
1128 1698 1226 1753 intima
1248 1698 1434 1774 περιχώρησις.
1468 1704 1524 1758 Sed
1549 1704 1620 1759 inter
1646 1705 1717 1759 duas
1739 1715 1850 1761 natm
1868 1708 1894 1761 in

237 1791 292 1841 132.
329 1784 380 1849 Qu.
399 1791 422 1840 3.
452 1788 497 1837 Aa
513 1802 638 1853 persana
656 1784 763 1837 Christi
779 1794 803 1837 et
822 1787 895 1838 duae
912 1793 1032 1839 ιιιιιυτσι
1060 1784 1169 1839 Christo
1188 1785 1280 1839 unitas
1298 1788 1380 1841 datur
1398 1795 1494 1841 mutua
1511 1792 1734 1860 communicatio,
1753 1793 1894 1847 indissolu-

202 1873 309 1928 Christi
326 1872 481 1940 differam?
517 1870 598 1940 Resp.
620 1871 730 1925 realiter
747 1871 871 1938 minime,
892 1873 959 1941 quia
977 1890 1032 1926 aaa
1059 1868 1122 1923 bilis
1149 1870 1213 1925 unio
1236 1888 1267 1925 ac
1292 1873 1389 1927 intima
1407 1872 1599 1948 πιριγιόριγσις,
1628 1877 1704 1931 unde
1725 1879 1808 1932 etiam
1827 1879 1892 1934 Scri·

199 1960 282 2011 uaius
300 1959 469 2025 compositae
491 1966 610 2011 actslrue
629 1957 767 2011 Christum
786 1976 845 2011 esse
863 1959 1031 2026 σογιιιαιιια·
1059 1961 1140 2025 ptura
1161 1974 1216 2011 non
1243 1974 1293 2027 per
1317 1958 1519 2028 copulationem
1537 1969 1565 2015 et
1581 1963 1825 2031 conjunctionem,
1849 1963 1893 2018 sed

199 2063 274 2113 mus,
291 2061 378 2113 aeque
398 2061 430 2096 ea
448 2044 516 2096 aliis
534 2045 630 2113 aliud,
649 2044 677 2106 ἐξ
695 2045 795 2118 ἑτέρων
816 2044 916 2119 ἕτερον,
941 2063 1032 2113 quem·
1058 2059 1107 2110 per
1125 2039 1154 2095 τό
1173 2049 1318 2109 γίνεσθαι,
1344 2053 1496 2114 κοινωνεῖν,
1525 2050 1738 2120 φανεροῡσθαι,
1762 2054 1891 2123 μετέχειν.

200 2133 352 2186 admodum
378 2148 410 2184 ea·
436 2131 531 2183 aalma
559 2139 584 2184 el
609 2148 726 2200 corpore
750 2133 830 2185 ιιστιιο
853 2141 907 2194 ιιι,
932 2141 981 2184 aut
1001 2149 1032 2184 es
1059 2129 1298 2201 ἐπιλαμβάνεσθαι
1326 2135 1371 2183 καὶ
1397 2140 1533 2186 κατοικεῖν
1565 2133 1617 2188 hoc
1648 2137 1817 2205 mysterium
1851 2138 1890 2190 de

201 2225 322 2288 φισιαστ
340 2217 479 2270 elementis
496 2234 611 2284 carpus,
637 2219 689 2269 secl
707 2234 739 2270 es
757 2218 824 2270 aliie
845 2219 913 2285 illa,
933 2219 961 2280 ἐξ
979 2219 1032 2271 ιιι·
1060 2214 1162 2268 scribit
1200 2216 1281 2281 Quod
1299 2224 1392 2270 autem
1412 2217 1554 2273 Confessio
1572 2220 1743 2291 Augsutana
1760 2231 1811 2277 art.
1829 2229 1851 2277 3.
1868 2229 1893 2278 ct

201 2323 258 2379 ρων
276 2301 308 2357 ται
328 2302 405 2357 αὐτά.
434 2305 510 2357 Nam
528 2303 712 2356 eudeitateet
725 2304 897 2357 humanitate
909 2306 1035 2357 DEUM
1061 2317 1120 2354 cam
1140 2303 1227 2355 secuti
1246 2302 1391 2357 orthodoxi
1417 2303 1539 2377 theologi
1560 2307 1768 2377 conjunctionis
1789 2311 1893 2364 nomine

198 2393 354 2460 perfeetum
380 2398 405 2444 et
425 2390 562 2443 homiuem
575 2391 735 2457 perfectam
753 2392 868 2444 ιιιιιαιιιιι
886 2398 911 2443 ιι
933 2409 990 2443 esse
1008 2400 1032 2443 et
1060 2387 1188 2442 unionem
1206 2389 1381 2456 describunt,
1411 2389 1440 2442 id
1457 2391 1489 2445 fit
1507 2408 1589 2446 sensu
1609 2392 1781 2462 orthodoxo,
1806 2404 1836 2448 ut
1852 2412 1893 2449 no·

200 2479 261 2531 clici
284 2486 309 2531 at
332 2495 365 2531 ea
390 2477 499 2530 duabus
517 2484 542 2530 et
559 2477 589 2529 ιἰι
608 2477 717 2529 duabus
735 2478 845 2531 acturis
864 2479 1032 2541 eonfitemur,
1061 2473 1132 2527 mine
1158 2474 1361 2544 conjunctionis
1385 2477 1538 2531 arctissima
1562 2485 1590 2531 et
1608 2479 1816 2535 indissolubilis
1835 2482 1892 2536 unio

85 2574 126 2614 111·
139 2568 185 2613 sto.
200 2571 232 2618 nt
251 2563 374 2635 loquitur
392 2562 581 2617 Damascenus
601 2562 648 2617 lib.
668 2570 690 2618 3.
710 2581 733 2618 c.
754 2569 783 2631 ις
807 2563 915 2619 interim
933 2574 1031 2617 ιιοισιι-
1059 2576 1120 2613 cum
1140 2569 1234 2614 mutua
1251 2560 1430 2633 περιχωρήσιι
1445 2572 1472 2617 ιι
1484 2566 1736 2621 communicatione
1749 2569 1891 2638 conjuncta

202 2654 281 2720 dum,
310 2650 384 2722 quod
406 2665 546 2718 persollae
572 2666 624 2702 vox
650 2649 816 2721 quandoque
839 2649 976 2722 significet
1000 2649 1032 2703 τὰ
1058 2646 1243 2718 intelligatur,
1266 2648 1340 2702 unde
1365 2648 1467 2704 diserte
1491 2649 1519 2703 in
1536 2651 1657 2722 August
1676 2651 1759 2707 Cous.
1779 2654 1891 2721 additu,

189 2735 565 2807 ‘iaipgovrqcubelstealiq
579 2734 623 2808 vel
637 2719 758 2802 naturas,
775 2736 1031 2806 quaesubsistunt3
1058 2733 1132 2803 quod
1161 2735 1235 2786 duae
1261 2741 1393 2802 craturae,
1420 2735 1518 2788 diviua
1538 2744 1563 2790 et
1580 2738 1719 2806 Ιιατιισιιτι,
1744 2740 1775 2792 iu
1794 2742 1891 2793 ιιιιιιαιι

201 2823 366 2896 quandoque
389 2823 509 2891 ὕπαρξιν
530 2823 622 2891 ipsam
647 2824 850 2877 mbeisteutiam
871 2824 915 2879 vel
940 2841 1030 2894 perso·
1054 2836 1195 2886 personae
1215 2821 1444 2889 inseparabiliter
1461 2823 1517 2875 siat
1536 2825 1712 2891 conjunctae.

198 2910 352 2973 ualitatem,
371 2925 422 2979 per
441 2925 524 2980 quam
542 2915 657 2963 naturae
676 2908 845 2977 subsistunt3
865 2911 1030 2980 quandoque
1096 2911 1150 2960 135.
1190 2906 1242 2970 Qu.
1267 2913 1290 2961 6.
1329 2909 1375 2960 Aa
1408 2910 1481 2961 iuter
1508 2912 1710 2963 assumtionem
1741 2916 1837 2966 camis
1865 2916 1889 2967 ιἰι

198 3003 346 3067 utrumque
370 3000 398 3050 et
421 2993 627 3049 subsistentiam
649 3001 677 3049 et
703 3002 816 3049 naturas
842 2996 1030 3064 subsistentes,
1059 2990 1211 3046 ὑπόστασιν
1231 2995 1279 3046 τοῦ
1297 2992 1395 3063 Λόγου
1416 3002 1441 3046 et
1459 2996 1588 3048 unionem
1606 2999 1704 3049 ασιιιιιι
1723 3017 1786 3052 cum
1800 2999 1888 3070 Λόγοι

198 3083 251 3137 hoc
269 3090 311 3138 est
328 3089 415 3137 totum
435 3080 636 3154 ὑφιστάμενον,
654 3088 743 3135 totum
759 3081 898 3136 Christum
916 3083 945 3136 in
964 3083 1030 3136 dua·
1058 3087 1160 3132 natura
1180 3080 1278 3132 diviua
1299 3082 1418 3148 aliquod
1435 3083 1586 3136 summm
1605 3084 1787 3139 intercedat!
1814 3086 1888 3157 Besp

199 3170 250 3224 bus
279 3169 385 3223 naturis
412 3185 468 3222 una
495 3167 675 3222 subsistentia
699 3166 902 3224 subsistentem.
936 3168 1030 3221 Primo
1058 3164 1218 3219 Damascen
1238 3165 1285 3219 lib.
1306 3172 1329 3220 3.
1350 3183 1373 3220 c.
1394 3172 1439 3221 11:
1464 3166 1532 3221 dlis
1552 3170 1626 3221 ἐστὶν
1650 3170 1751 3232 ἓναισις
1781 3173 1889 3239 (scilicet

199 3256 281 3311 modo
303 3272 420 3326 persons
439 3271 490 3309 nec
516 3256 634 3308 realiter
652 3270 702 3309 nec
720 3255 884 3319 formaliter
903 3247 1031 3309 differta
1057 3251 1221 3322 generaliter
1240 3258 1366 3321 accepta)
1386 3258 1431 3305 καὶ
1452 3253 1544 3324 ἕτερον
1563 3255 1717 3326 σάρκαισις,
1737 3257 1753 3324 ἡ
1772 3263 1827 3330 μὲν
1844 3257 1888 3330 γὰρ

198 3342 320 3410 naturis,
344 3341 465 3396 secundo
488 3358 554 3396 vero
575 3347 602 3396 et
626 3340 706 3396 tertio
723 3341 892 3407 formaliter
915 3347 1029 3407 teritum,
1058 3337 1155 3396 ἕνωσις
1177 3336 1268 3409 μόνην
1292 3339 1374 3404 δηλοῖ
1390 3337 1439 3402 τὴν
1456 3339 1627 3411 συνάφειαι,
1651 3344 1726 3414 πρὸς
1750 3352 1779 3397 τί
1798 3346 1828 3398 ιιι
1847 3349 1887 3414 γέ-

199 3447 255 3483 ιιοιι
272 3429 395 3482 realiter.
432 3428 549 3494 Quando
571 3428 607 3483 ad
632 3427 854 3482 constitutionem
880 3426 1030 3500 ιιφισιαμέ·
1057 3442 1139 3493 γονεν
1165 3422 1180 3490 ἡ
1208 3424 1360 3495 συνάφεια,
1385 3424 1491 3490 οὐκέτι,
1516 3425 1532 3491 ἡ
1559 3429 1589 3479 lt
1617 3427 1760 3498 σάρκωσις
1785 3431 1888 3500 (ταύτὸν

198 3534 248 3568 νου
276 3515 304 3568 in
329 3514 437 3570 Christo
463 3514 606 3568 incarnato
635 3513 704 3567 duas
727 3518 840 3566 naturas
868 3529 1031 3567 concurrere
1057 3509 1085 3563 l*
1112 3512 1186 3564 lustr
1209 3516 1297 3564 ιιιιεῖν
1320 3517 1366 3564 καὶ
1392 3511 1610 3582 ινανθιιαιιτησις)
1634 3517 1686 3581 τὴν
1713 3519 1787 3586 πρὸς
1810 3519 1889 3592 σάρκα

198 3601 329 3669 dicimus,
362 3607 428 3655 tunc
465 3601 631 3655 vocabulum
664 3599 855 3672 ὑφισταμένου
892 3617 942 3669 pro
970 3599 1032 3669 ipsa
1058 3596 1116 3664 ἤτοι
1140 3598 1209 3669 πρὸς
1230 3597 1382 3671 ἄνθρωπον
1404 3600 1561 3670 συιιιιφιιαν
1583 3603 1677 3666 όηιοῑ,
1703 3605 1835 3674 καθάπερ
1851 3611 1889 3659 sal

197 3687 376 3742 subsistentia
406 3687 549 3757 accipitur.
595 3686 624 3743 si
653 3686 726 3740 enim
755 3684 891 3755 accipitur
917 3703 968 3755 pro
993 3703 1030 3752 re,
1058 3685 1073 3751 ἡ
1100 3685 1223 3756 πύρωσις
1253 3690 1302 3738 τσῦ
1331 3685 1445 3756 σιδήρου
1476 3689 1523 3753 τὴν
1552 3687 1620 3755 τιρός
1653 3688 1681 3742 τό
1707 3693 1766 3762 πῦρ
1789 3692 1889 3746 ἕνωσιν.

199 3790 270 3844 quae
311 3772 451 3840 subsistit,
489 3772 615 3827 Christus
652 3779 679 3827 et
718 3771 909 3845 ὑφιστάμενον
945 3788 1030 3824 unum
1057 3772 1094 3825 Et
1119 3777 1227 3842 postea:
1254 3772 1296 3826 ὅτι
1317 3773 1332 3842 ἡ
1353 3775 1449 3840 θεότης
1469 3771 1617 3846 ἄνθρωπος
1637 3779 1758 3845 γέγονεν
1778 3779 1795 3846 ἢ
1816 3781 1890 3851 ἰσαρ-

196 3865 267 3913 ειιιιι
307 3857 409 3913 Confer
434 3858 488 3912 Du.
514 3859 550 3912 D.
573 3858 653 3912 Bald.
678 3858 749 3928 disp.
770 3865 793 3913 t.
813 3858 842 3911 in
860 3857 936 3912 artic.
956 3857 1028 3911 Visi-
1057 3856 1133 3923 κώθη
1163 3856 1179 3925 ἢ
1205 3859 1418 3933 ινιγνθριιισησεν
1441 3858 1572 3933 οιιιαμοις
1598 3859 1775 3935 ἀκηκόαμεν,
1800 3866 1841 3919 ὅτι.
1865 3867 1888 3918 δι

196 3952 244 4000 tat.
264 3942 290 4018 ξ.
314 3951 369 4000 137.
407 3943 514 4000 Similia
538 3944 596 3998 fere
621 3948 770 3999 occurrunt
788 3942 862 4013 apud
880 3942 915 3996 D.
937 3942 1029 4014 Bung.
1057 3943 1071 4012 ἡ
1097 3942 1194 4009 θιόιης
1220 3944 1313 4011 iruulta
1338 3947 1370 4018 τῇ
1396 3943 1588 4015 ιινθραιττότητι
1613 3946 1644 3999 ιν
1663 3952 1720 4020 μιᾷ
1741 3955 1799 4004 τῶν
1818 3948 1889 4017 αὐτῆς

196 4031 267 4102 displ
287 4038 310 4086 2.
335 4031 371 4086 de
395 4030 501 4085 Calvin.
530 4030 599 4085 thes.
624 4037 662 4086 16.
695 4029 859 4089 Ὑιτόστασις
882 4035 961 4083 notat
985 4029 1030 4083 vel
1058 4027 1237 4084 ιπιοσιάσιων
1260 4028 1470 4104 μεμαθήκαμεν.
1507 4031 1569 4086 Vox
1597 4032 1711 4088 unionis
1739 4038 1888 4107 generalior

195 4117 318 4189 praecise
351 4118 440 4187 ipsam
475 4115 682 4170 subsistentiam
717 4132 766 4169 seu
797 4115 1028 4185 personalitatem,
1056 4124 1098 4171 est
1116 4122 1145 4170 et
1162 4116 1257 4172 referri
1276 4125 1367 4187 potest
1385 4118 1419 4171 ad
1438 4119 1596 4188 quarumvis
1613 4106 1709 4173 reruni
1722 4124 1886 4194 conjunctio

128 4272 131 4283 ι
195 4222 265 4277 quac
288 4206 364 4265 ιιιάις
383 4211 411 4259 ιι
429 4203 581 4258 formaliter
599 4210 714 4257 vocatur
734 4201 895 4263 ιπόστασις,
914 4208 945 4255 ut
964 4219 1028 4255 cum
1055 4219 1131 4271 nem,
1153 4202 1201 4256 sed
1225 4203 1390 4258 vocabulum
1415 4203 1610 4259 incarnationis
1634 4207 1770 4276 exprimit
1788 4226 1886 4265 camon

194 4291 265 4360 dico,
284 4294 357 4345 duae
375 4299 494 4343 acturae
512 4297 576 4342 suat
594 4291 689 4343 ιιιιιιαα
707 4291 737 4341 ιιι
755 4307 812 4341 aaa
825 4306 966 4357 persona3
985 4289 1028 4342 vel
1055 4289 1112 4343 sive
1137 4295 1264 4342 naturam
1287 4288 1449 4357 humanam,
1475 4307 1558 4360 quam
1579 4289 1667 4344 Filius
1685 4292 1742 4348 Dei
1767 4312 1887 4367 persons·

143 4387 152 4399 ⁸
194 4378 400 4433 subsistentiam
425 4394 481 4430 una
506 4394 568 4430 cum
587 4377 670 4430 rebus
688 4374 916 4443 subsistentibus,
944 4391 1026 4446 quam
1054 4375 1117 4429 liter
1142 4374 1196 4429 sibi
1222 4375 1317 4429 univit.
1353 4375 1483 4440 Quamvis
1506 4392 1571 4429 vero
1597 4377 1670 4432 inter
1696 4384 1888 4436 assumtionem
1897 4395 1935 4436 nt

194 4465 422 4536 significationem
447 4463 575 4533 exprimit
598 4480 650 4517 vox
677 4462 881 4533 ὑφισταμένου,
906 4469 937 4516 ut
964 4479 1027 4515 cum
1055 4461 1144 4514 carnis
1171 4460 1200 4513 in
1229 4459 1381 4526 ὑπόστασιν
1408 4463 1456 4514 τοῦ
1481 4461 1577 4532 Λόγου
1601 4470 1629 4517 et
1653 4466 1790 4522 unionem
1810 4466 1888 4522 carnia

110 4551 115 4557 '
194 4551 269 4615 dico,
302 4552 376 4604 duae
404 4558 523 4603 reaturae
550 4550 622 4603 ailil
651 4549 733 4603 aliud
762 4557 826 4602 suat
855 4567 938 4618 quam
960 4567 1027 4618 per·
1057 4564 1120 4600 cum
1145 4553 1244 4600 natura
1269 4546 1363 4599 divina
1386 4551 1434 4600 τοῦ
1453 4546 1551 4616 Λόγου
1570 4549 1644 4603 reale
1664 4550 1786 4623 aliquod
1805 4552 1889 4608 ιιιιοιι-

92 4672 95 4677 -
192 4654 271 4690 soaa.
1054 4650 1117 4687 men
1136 4649 1190 4686 non
1209 4632 1374 4698 intercedat,
1403 4635 1468 4704 quia
1492 4634 1507 4687 ὁ
1529 4633 1625 4705 Λόγος
1647 4640 1821 4694 assumendo
1837 4657 1887 4694 car·

230 4728 285 4777 133.
324 4725 375 4788 Qu.
396 4729 420 4778 t.
456 4722 516 4784 Quo
533 4738 615 4775 seusu
635 4721 792 4790 appelletur
811 4722 877 4773 ιιιιιο
889 4738 1026 4789 persono-
1054 4737 1116 4775 nem
1134 4719 1250 4773 eandem
1271 4719 1325 4772 sibi
1343 4719 1431 4773 univit
1451 4726 1479 4775 et
1495 4720 1617 4776 uniendo
1638 4721 1693 4776 sihi
1712 4725 1889 4794 personaliter

193 4809 249 4863 lis!
290 4808 352 4864 Non
380 4807 455 4879 quod
480 4824 597 4877 persona
622 4805 657 4860 sit
682 4805 759 4860 unita
780 4823 928 4876 personae,
957 4806 1029 4860 sicut
1054 4822 1165 4860 carnem
1192 4805 1309 4860 eandem
1330 4804 1471 4872 assumsit,
1496 4812 1589 4860 tamen
1613 4805 1732 4864 formale
1756 4812 1888 4882 quoddam

191 4895 333 4950 statuebat
359 4893 519 4962 Nestorius,
551 4910 603 4947 nec
629 4892 704 4962 quod
734 4892 827 4946 divina
853 4898 881 4946 et
906 4891 1028 4946 humana
1054 4891 1202 4946 discrimen
1228 4892 1271 4945 hic
1298 4891 1539 4947 animadvertitur:
1575 4899 1595 4948 l.
1621 4910 1773 4963 personam
1800 4898 1888 4966 Λόγου

151 4965 154 4968 ’
192 4981 220 5035 ιιι
240 4980 349 5035 Christo
372 4987 487 5033 naturae
515 4995 547 5035 eo
573 4979 655 5033 modo
674 4994 757 5031 unam
780 4978 950 5032 constituant
966 4995 1026 5048 per·
1053 4978 1214 5033 assumsisse
1235 4987 1361 5032 naturam
1378 4985 1453 5033 recte
1472 4979 1587 5048 dieitur,
1610 4980 1659 5035 sed
1677 4999 1829 5052 personam
1847 4986 1888 5038 τοῦ

85 5099 89 5105 -
192 5084 296 5136 sonam,
315 5083 369 5137 quo
389 5066 481 5120 anima
503 5070 531 5120 et
549 5081 648 5135 corpus
667 5081 752 5117 unum
769 5063 916 5119 hominem.
954 5065 1025 5121 Nam
1039 5062 1041 5121 l
1054 5064 1153 5133 Λόγου
1183 5065 1287 5119 ιιιιιιιιιιι
1313 5071 1428 5118 naturae
1458 5065 1592 5120 humanae
1621 5067 1714 5122 minus
1743 5071 1888 5136 commode,

192 5168 243 5207 nec
262 5170 361 5222 corpus
383 5168 435 5206 nee
461 5151 554 5205 anima
571 5159 635 5206 ante
654 5150 783 5205 unionem
803 5167 853 5219 per
873 5168 902 5205 se
923 5151 1117 5209 ιιιιιιιιιοιιιιι
1134 5168 1190 5204 non
1208 5151 1245 5203 sit
1263 5149 1328 5203 unio
1348 5166 1481 5219 personae
1501 5156 1529 5206 et
1547 5157 1678 5222 naturae,
1706 5157 1758 5209 sed
1779 5158 1887 5212 duarum

192 5243 220 5291 et
247 5254 393 5307 personam
418 5238 540 5308 aliquam
559 5236 715 5304 constituit,
737 5234 847 5289 sicut
836 5258 850 5288 o
873 5236 967 5305 Λόγος
990 5236 1040 5290 ab
1054 5243 1212 5289 naturarum
1231 5234 1310 5302 unio,
1349 5240 1372 5289 2.
1390 5235 1455 5290 unio
1475 5244 1516 5291 est
1531 5238 1685 5309 reciproca,
1712 5243 1782 5313 quia
1801 5243 1887 5298 divina

193 5325 265 5376 omni
293 5324 456 5380 aeternitate
484 5341 534 5394 per
557 5341 586 5377 sc
612 5322 717 5378 exstitit
743 5329 771 5376 et
795 5338 941 5391 personam
961 5339 1025 5377 con·
1037 5300 1153 5375 inatura
1180 5323 1229 5374 τοῦ
1256 5319 1355 5389 Λόγου
1386 5321 1462 5375 unita
1491 5330 1533 5376 est
1554 5323 1691 5382 humanae
1719 5336 1838 5383 naturae
1863 5335 1888 5381 et

191 5408 289 5476 stituit,
308 5416 454 5480 antequam
473 5425 583 5464 carnem
601 5415 768 5476 assumeret,
797 5408 847 5464 sed
866 5409 933 5478 quia
951 5383 1038 5471 duaci
1051 5416 1150 5462 natura
1167 5407 1286 5460 humana
1307 5406 1385 5460 unita
1403 5414 1445 5462 est
1463 5408 1588 5505 divinae,
1615 5411 1665 5466 sed
1684 5417 1822 5472 assumtio
1839 5431 1889 5470 non

191 5496 256 5551 illae
281 5502 396 5551 naturae
417 5497 458 5551 ita
475 5504 540 5552 sunt
557 5495 663 5564 unitae,
688 5504 720 5550 ut
742 5494 886 5564 utriusque
905 5501 1038 5556 naturae
1051 5503 1094 5549 est
1119 5493 1278 5564 reciproca,
1309 5492 1407 5562 Λόγον
1441 5493 1513 5549 enim
1544 5495 1660 5551 dicimus
1690 5511 1885 5564 mamertem,
