3984 6022
196 270 257 330 553
879 254 1001 314 LOCUS
1020 255 1200 323 QUARTUS

198 419 274 474 diate
289 416 477 489 profluentem.
512 414 586 480 Quia
602 413 675 470 enim
693 431 758 470 caro
774 413 875 469 Christi
893 414 922 469 in
940 413 1029 485 primo
1059 412 1131 466 rium
1149 411 1255 468 scilicet
1272 430 1354 467 usum
1374 411 1484 468 diunae
1501 412 1657 485 majestatis
1682 413 1745 483 jam
1764 421 1832 470 ante
1848 436 1895 489 per

199 505 292 560 statim
316 500 509 558 incarnationis
556 494 666 557 omento
688 501 717 556 iu
741 503 831 572 ipsam
848 500 946 573 Λόγου
963 499 1030 555 ὑπό·
1059 506 1087 554 et
1116 504 1230 571 propter
1259 501 1389 557 umorem
1414 501 1585 572 personalem
1611 494 1676 556 cum
1701 501 1795 572 Λόγῳ
1821 506 1895 560 carni

201 608 297 646 σιοσιν
317 596 359 645 est
375 584 474 645 effecta
492 519 638 660 οἰόὲωοιιο
655 589 837 661 personaliter
857 588 950 658 unita,
968 571 1031 642 ideo
1057 587 1283 643 communicatae.
1326 588 1400 645 Unio
1427 588 1602 659 hypostatica
1625 588 1655 642 in
1682 606 1712 645 se
1741 595 1772 644 et
1796 607 1847 661 per
1867 610 1895 646 se

197 683 261 749 post
284 676 386 731 factam
410 668 629 731 incarnationem
653 692 704 731 nec
729 675 742 728 ό
767 674 864 747 Λόγος
888 683 931 730 est
954 680 1032 729 extra
1057 674 1232 729 considerata
1251 679 1293 728 est
1312 672 1452 728 sufficiens
1472 680 1501 730 et
1518 675 1704 746 adaequatum
1725 675 1895 747 principium

198 779 307 821 caruem
331 780 383 818 nee
402 778 467 817 caro
490 768 568 818 extra
585 761 691 832 Λόγον,
716 778 749 818 ac
767 761 883 833 proinde
903 759 918 814 ὁ
937 760 1031 831 Λόγος
1056 761 1307 831 omnipraesentiae
1324 760 1352 814 iu
1369 760 1521 832 posteriore
1542 761 1748 833 significatione
1767 780 1820 834 pro
1841 765 1896 835 ple-

196 867 336 924 nunquam
354 854 384 906 et
398 849 526 921 nuspiam
541 855 584 903 est
598 866 616 904 a
629 865 711 905 carne
729 854 882 920 separatus,
902 864 1030 904 neccaro
1056 848 1134 902 nario
1157 846 1271 901 dominii
1298 846 1392 902 collati
1420 864 1473 901 usu
1501 855 1645 918 acceptae,
1673 849 1724 903 scd
1754 849 1823 921 quia
1843 851 1894 905 exi·

195 936 318 1008 οΛόγῳ
338 935 454 1000 divulsa,
474 935 532 1004 sed,
552 933 601 990 ubi
619 935 699 1006 ponis
716 934 824 1005 Λόγον,
843 934 883 989 ibi
902 933 983 990 etiam
1002 940 1030 990 te
1056 933 1205 990 nauitionis
1247 939 1335 988 status
1369 934 1537 1003 intercessit,
1571 952 1621 1005 per
1650 950 1738 1006 quam
1770 935 1895 991 Christus

197 1029 306 1095 oportet
327 1039 437 1078 samem
458 1038 576 1093 ponere,
601 1038 636 1077 no
654 1020 847 1076 introducatur
865 1021 1031 1077 Nestorisue
1056 1026 1154 1092 sponte
1172 1037 1201 1074 se
1219 1020 1477 1090 ipsumexinauivit
1497 1026 1524 1074 et
1545 1020 1615 1074 servi
1638 1020 1760 1075 formam
1779 1023 1895 1094 accepit,

197 1126 330 1182 personae
349 1127 381 1164 ex
398 1115 516 1180 utraque
532 1114 632 1163 natura
648 1107 824 1164 subsistentis
843 1107 975 1176 divulsio,
999 1114 1030 1162 ut
1056 1106 1118 1162 ideo
1130 1106 1159 1160 in
1176 1106 1343 1161 exaltatione
1354 1107 1464 1161 demum
1475 1107 1709 1177 omnipraesentia
1721 1107 1779 1163 fuit
1794 1114 1894 1164 secuta

196 1198 224 1255 b.
244 1197 327 1252 Luth.
347 1195 469 1268 loquitur
486 1195 516 1250 in
533 1195 580 1252 lib.
602 1197 678 1265 qaod
697 1197 782 1248 οονόο
801 1195 893 1248 adbuc
906 1195 1030 1262 firmiter
1056 1200 1080 1249 4.
1105 1193 1160 1247 llla
1182 1193 1305 1248 excludit
1330 1212 1438 1249 omnem
1461 1194 1515 1249 loci
1539 1199 1711 1263 respectum,
1742 1212 1808 1249 cum
1834 1197 1895 1251 unio

195 1293 280 1339 steret:
301 1285 362 1339 Hoc
380 1292 421 1338 est
440 1301 543 1353 empus
555 1299 654 1339 mesum.
680 1281 751 1337 Caro
765 1281 1031 1351 subsistitinAlyp
1055 1280 1131 1336 facta
1153 1280 1190 1333 sit
1214 1277 1383 1341 ἀόιαστάτως
1410 1297 1527 1352 cumque
1547 1278 1647 1351 Λόγου
1673 1279 1843 1346 ὑπόστασις,
1868 1284 1894 1337 in

195 1360 346 1426 illocaliter
361 1375 395 1441 ,et
417 1369 593 1432 indistanter,
621 1369 686 1424 inde
709 1369 831 1423 locorum
855 1367 1029 1442 διαστήματα
1056 1384 1140 1438 quam
1164 1384 1228 1422 caro
1253 1384 1304 1438 per
1321 1367 1450 1422 unionem
1469 1372 1511 1422 est
1528 1373 1664 1434 assumta,
1691 1376 1749 1424 nec
1768 1369 1844 1424 locus
1861 1371 1895 1424 sit

195 1444 285 1514 carnis
309 1457 345 1513 ad
363 1455 463 1526 Λόγον
480 1456 664 1527 praesentiam
683 1455 817 1526 impedire
835 1449 1028 1510 vel'interver-
1056 1470 1107 1508 nec
1118 1454 1240 1509 locorum
1248 1452 1415 1528 διαστήμασι
1426 1453 1566 1525 subjecta;
1577 1453 1719 1509 haecvero
1729 1456 1894 1510 relatsonssr

195 1550 254 1613 tere
274 1561 328 1598 non
348 1548 472 1615 possunt,
492 1542 540 1597 sed
558 1543 631 1597 sicut
646 1540 661 1596 ὁ
675 1542 770 1611 Λόγος
783 1536 824 1597 ex'
834 1541 945 1598 deitatis
963 1558 1029 1597 suae
1056 1542 1199 1609 masadam
1212 1543 1253 1593 ad
1263 1541 1328 1594 loca
1339 1541 1428 1608 latet,
1443 1539 1509 1612 quid
1520 1541 1592 1596 enim
1604 1541 1896 1613 estomnipraesentia

195 1629 331 1685 infinitate
357 1635 386 1684 et
404 1628 590 1684 immensitate
616 1634 658 1682 est
681 1629 901 1700 omnipraesens‚
930 1627 970 1683 ita
987 1644 1029 1681 as·
1056 1627 1132 1681 aliud
1146 1626 1489 1699 quaminomnibuslocis
1502 1626 1680 1698 praesentia?
1698 1629 1895 1700 quamvisnou

196 1721 287 1771 summ
312 1731 377 1770 caro
403 1714 433 1769 in
455 1713 563 1768 infinita
584 1714 684 1785 Λόγου
712 1713 858 1769 incurerre
887 1714 1031 1770 illocaliter
1057 1714 1094 1768 sit
1104 1713 1207 1782 localis,
1217 1712 1292 1767 aliud
1302 1713 1375 1768 enim
1387 1719 1498 1769 estesse
1510 1714 1539 1766 is
1551 1714 1613 1768 loco
1623 1723 1813 1784 praesentem,
1822 1715 1896 1771 aliud

198 1801 351 1858 subsistens
369 1817 402 1855 ex
419 1801 521 1856 unione
530 1801 671 1871 personali
686 1806 729 1856 est
741 1800 952 1872 omnipraesens‚
967 1800 994 1855 h.
1007 1817 1029 1855 e
1057 1800 1186 1854 localiter
1199 1809 1390 1870 praesentem,
1409 1801 1485 1871 prius
1503 1801 1660 1871 objectum,
1680 1802 1824 1872 posterius
1842 1821 1894 1858 mo

85 1892 123 1932 ¹¹1·
136 1889 183 1932 ³⁰⁷·
197 1887 421 1961 praesentissima
439 1891 477 1956 τῷ
490 1885 586 1957 Λόγῳ,
607 1891 635 1942 et
653 1886 690 1941 ab
706 1888 802 1943 eodem
814 1887 891 1941 nullo
908 1903 1030 1957 unquam
1058 1886 1124 1940 dum
1135 1887 1311 1957 praesentiae·
1320 1887 1456 1957 exprimit.
1478 1894 1501 1942 5.
1514 1887 1569 1940 Illa
1579 1893 1675 1959 potest
1690 1905 1756 1944 esse
1768 1888 1827 1945 sine
1838 1888 1896 1958 hae,

197 1982 320 2046 tempore
336 1974 381 2030 vel
404 1974 466 2029 loco
484 1973 672 2044 disseparata,
696 1991 757 2030 cum
777 1967 871 2029 omnes
889 1980 1031 2029 creaturae
1057 1981 1089 2028 ut
1105 1973 1228 2029 ostendit
1245 1981 1334 2028 status
1353 1973 1554 2045 exinanitionis,
1572 1975 1602 2029 in
1619 1992 1677 2046 quo
1695 1974 1825 2031 Christus
1843 1994 1895 2032 non

197 2080 231 2117 ac
248 2067 308 2117 tota
326 2061 396 2116 coeli
416 2066 561 2132 terraeque
581 2059 709 2115 machina
725 2060 754 2114 in
772 2060 976 2130 comparatione
994 2060 1031 2115 ad
1057 2077 1165 2130 semper
1181 2067 1209 2116 et
1227 2061 1332 2133 ubique
1350 2060 1379 2114 in
1399 2078 1483 2116 carne
1507 2067 1535 2116 et
1559 2078 1609 2132 per
1633 2079 1751 2118 carnem
1777 2064 1895 2119 divinam

198 2148 296 2219 Λόγον
315 2149 429 2219 ejusque
449 2144 610 2216 ὑπόστασιν,
629 2146 658 2200 in
677 2164 733 2217 qua
747 2140 870 2202 assumta
885 2164 949 2203 caro
967 2147 1032 2202 sub·
1057 2164 1136 2201 suam
1167 2149 1341 2217 majestatem
1370 2165 1422 2219 per
1449 2147 1578 2204 unionem
1606 2148 1812 2220 hypostaticam
1841 2151 1894 2205 sibi

197 2222 278 2304 sistit,
298 2235 335 2290 sit
352 2234 438 2288 instm
455 2233 630 2288 minutissimi
649 2232 755 2304 puncti,
773 2234 828 2288 imo
846 2241 978 2305 tanquam
990 2235 1029 2288 ni·
1057 2235 1287 2289 communicatam
1304 2235 1438 2304 exseruit3
1455 2236 1524 2291 baec
1541 2251 1606 2291 vero
1617 2236 1680 2292 sine
1692 2235 1892 2309 ilhnnuquam

196 2321 284 2377 hilum
303 2321 348 2376 Es.
368 2326 414 2387 4⁰,
432 2337 457 2373 v.
478 2325 518 2375 12.
539 2326 577 2375 15.
599 2326 637 2374 ll.
662 2320 733 2375 Dan.
752 2327 783 2389 4,
799 2337 825 2373 v.
844 2326 885 2376 32.
904 2321 967 2391 Sap.
989 2327 1029 2390 11,
1058 2326 1086 2375 et
1103 2321 1230 2391 nuspiam
1249 2326 1292 2376 est
1307 2311 1359 2375 'vel
1383 2337 1442 2376 esse
1466 2326 1564 2393 potest.
1601 2321 1703 2394 Neque
1728 2324 1801 2379 enim
1818 2325 1892 2379 Chri-

197 2427 221 2463 v.
242 2413 283 2464 23.
319 2407 399 2462 Hanc
423 2406 608 2478 praesentiam
631 2423 681 2478 per
699 2404 885 2461 ἄδιοστοσίον
904 2424 937 2462 ex
955 2424 1029 2476 uepr-
1057 2414 1115 2463 stus
1133 2408 1161 2461 in
1179 2424 1262 2461 carne
1280 2414 1308 2462 ct
1326 2425 1376 2478 per
1392 2416 1503 2462 carnem
1517 2408 1645 2463 omnibus
1664 2411 1802 2465 creaturis
1819 2427 1894 2481 prae·

193 2494 315 2566 χυρήσει
332 2492 470 2564 personali
487 2492 645 2547 immediate
662 2493 846 2563 profluentem
857 2492 970 2564 quidam
981 2512 1029 2549 no·
1057 2509 1119 2547 sens
1139 2493 1272 2547 dominari
1290 2500 1394 2563 posset,
1417 2493 1471 2547 nisi
1490 2510 1554 2548 caro
1573 2495 1602 2548 in
1621 2495 1724 2566 Λόγου
1744 2495 1895 2552 ὑπόστασιν

196 2582 258 2636 lunt
275 2597 373 2635 vocare
392 2578 659 2650 omnipraesentium,
677 2595 740 2633 cum
758 2584 851 2635 mmen
868 2595 926 2633 rem
941 2581 1030 2651 ipsam
1057 2587 1153 2635 evecta
1171 2580 1282 2635 divinae
1298 2582 1451 2650 maJestatis
1469 2588 1497 2636 et
1512 2581 1617 2653 gloriae
1635 2584 1782 2655 particeps
1800 2585 1894 2640 luisset

125 2690 128 2695 ⁴
196 2667 309 2722 minime
322 2672 434 2738 negent,
450 2665 513 2720 ideo
529 2665 558 2719 in
570 2669 694 2720 sensorio
707 2670 816 2720 tantum
830 2664 1031 2737 significatione
1056 2667 1139 2735 facta,
1156 2684 1190 2720 ex
1202 2670 1257 2739 quo
1269 2667 1353 2721 etiam
1365 2668 1535 2740 intelligitur,
1555 2686 1610 2739 quo
1622 2687 1707 2725 sensu
1720 2688 1756 2726 ac
1768 2680 1894 2743 respectu

196 2744 446 2825 omnipraesentiae
467 2746 564 2808 vocem
586 2752 740 2823 accipiunt,
769 2769 825 2828 qua
847 2758 925 2807 notat
945 2771 1030 2822 prac-
1057 2754 1287 2825 omnipraesentia
1322 2771 1355 2809 cx
1385 2755 1486 2811 unione
1519 2755 1695 2827 hypostatica
1733 2758 1893 2814 deducatur.

197 2841 385 2896 castissimam
401 2857 436 2893 ac
449 2840 671 2909 potentissimum
689 2841 858 2908 dominlamq
879 2844 933 2910 quo
953 2839 1029 2893 Chri·
1057 2840 1187 2906 Quamvis
1205 2858 1270 2895 vero
1289 2840 1468 2896 haecomnia
1486 2842 1572 2897 itare
1590 2841 1724 2912 habeant,
1745 2850 1842 2901 tamen
1860 2847 1892 2900 ad

197 2935 256 2984 stus
274 2928 311 2982 ad
328 2927 452 2982 dextram
465 2926 518 2981 Dei
536 2931 647 2980 evectus
665 2926 756 2981 omnia
775 2927 804 2980 in
820 2913 897 2982 coelo
913 2943 946 2980 ac
956 2933 1031 2981 terra
1058 2944 1154 2980 sanum
1173 2945 1284 2982 sensum
1303 2928 1401 2982 reduci
1417 2933 1509 2998 potest
1526 2945 1560 2983 ac
1577 2928 1663 2984 debet
1678 2932 1823 2986 sententia
1839 2932 1893 2987 ilio

196 3018 281 3088 plena
299 3014 453 3087 majestatis
471 3029 537 3067 suae
556 3012 707 3068 assertione
724 3019 869 3068 conservat
886 3019 914 3068 et
931 3014 1030 3085 guber·
1056 3031 1131 3082 rum,
1155 3015 1202 3084 qui
1220 3013 1468 3085 omnipraesentiae
1486 3014 1596 3069 nomine
1612 3015 1641 3068 in
1661 3015 1771 3090 duplici
1795 3018 1892 3091 siguifi-

197 3110 253 3159 nat.
280 3102 317 3155 Et
334 3118 400 3155 sane
418 3099 515 3172 negari
532 3099 629 3172 nequit
639 3100 823 3171 praesentiam
836 3099 937 3154 Christi
950 3107 1029 3154 θεον·
1057 3100 1164 3155 catione
1183 3106 1298 3154 utuntur
1315 3117 1346 3155 ac
1367 3117 1418 3171 per
1436 3116 1497 3154 eam
1520 3101 1681 3174 intelligunt
1702 3121 1763 3158 non
1788 3113 1890 3160 tantum

197 3189 314 3264 aprinos
337 3188 374 3242 ad
399 3203 492 3242 omnes
516 3192 657 3241 creaturas
681 3186 905 3258 distinguendam
930 3204 990 3243 esse
1013 3203 1031 3241 a
1056 3176 1209 3258 plenarium
1226 3188 1340 3242 dominii
1358 3187 1476 3242 incoelo
1496 3204 1529 3243 ac
1544 3194 1618 3243 terra
1634 3206 1725 3252 usum,
1746 3192 1890 3247 sedetiam

197 3274 355 3347 praesentia
372 3272 547 3345 hypostatica
564 3273 654 3326 carnis
673 3274 709 3328 ad
720 3272 820 3343 Λόγον
839 3290 871 3327 ac
882 3273 981 3344 Λόγου
993 3274 1029 3329 ad
1053 3276 1309 3344 praesentariam
1336 3275 1411 3329 illam
1440 3275 1530 3329 carnis
1559 3276 1595 3330 ad
1613 3275 1715 3346 Λόγον
1746 3278 1778 3331 in
1805 3279 1891 3335 medio

198 3379 322 3430 carnem,
349 3351 408 3414 boo¹
420 3367 462 3415 est
479 3365 639 3415 naturarum
658 3360 776 3415 invicem
794 3360 933 3415 unitarum
952 3379 1030 3432 prae·
1057 3361 1248 3416 exinanitionis
1267 3368 1341 3416 statu
1359 3362 1557 3432 praesentiam,
1584 3379 1640 3434 qua
1656 3361 1671 3417 ὁ
1690 3365 1792 3436 Λόγος
1809 3367 1890 3421 omni·

197 3449 293 3504 senna.
337 3447 408 3504 Nam
436 3453 458 3502 1.
485 3446 642 3518 praesentia
666 3446 841 3517 hypostatica
868 3454 1029 3503 naturarum
1056 3449 1107 3504 bus
1127 3448 1260 3504 creaturis
1279 3465 1411 3520 praesens
1428 3468 1483 3505 non
1503 3449 1556 3505 luit
1575 3467 1593 3505 a
1609 3466 1693 3507 carne
1711 3469 1767 3507 sua
1783 3471 1888 3524 separa·

198 3535 234 3587 ad
265 3552 296 3589 se
330 3532 448 3588 invicem
477 3533 601 3603 praecise
627 3537 656 3588 et
679 3532 831 3587 formaliter
857 3534 1030 3589 considerata
1056 3543 1109 3600 tus,
1129 3536 1178 3590 sed
1196 3552 1257 3590 eam
1273 3535 1326 3590 sibi
1342 3535 1441 3600 habuit
1455 3537 1718 3607 praesentissimam,
1737 3539 1890 3613 imomsgis

197 3621 303 3675 nullum
328 3620 411 3675 infert
430 3626 585 3691 respectum
604 3619 640 3673 ad
659 3626 811 3689 meaturas,
838 3638 900 3674 cum
918 3622 1029 3676 remotis
1056 3628 1247 3693 praesentem,
1275 3637 1359 3694 quam
1383 3622 1470 3677 ullam
1495 3622 1578 3677 aliam
1602 3624 1632 3678 in
1656 3625 1737 3681 coelo
1762 3644 1796 3681 ac
1821 3637 1892 3683 tura

197 3705 324 3763 omnibus
343 3705 485 3775 creaturis,
502 3713 609 3760 remota
625 3704 695 3760 coeli
714 3710 860 3778 terraeque
871 3714 1029 3778 systemate,
1056 3716 1225 3769 creaturam,
1245 3710 1350 3781 quippe
1367 3727 1438 3781 quae
1453 3711 1640 3781 personaliter
1657 3712 1712 3782 ipsi
1733 3714 1788 3770 fuit
1806 3715 1891 3778 unita,

197 3792 373 3848 nihilominus
396 3791 554 3862 praesentia
573 3791 670 3861 Λόγου
690 3792 725 3845 ad
750 3808 860 3847 carnem
888 3800 916 3848 et
940 3796 1029 3850 carnis
1056 3797 1129 3867 quod
1148 3797 1183 3851 de
1200 3796 1278 3850 nulia
1294 3796 1349 3850 alia
1370 3803 1496 3851 creatura
1514 3797 1542 3850 in
1561 3797 1637 3852 coelo
1662 3814 1694 3852 ac
1720 3805 1797 3856 terra
1820 3800 1890 3855 affir-

116 3883 121 3895 '
197 3877 342 3950 οάΛόγον
354 3885 419 3949 post
435 3880 537 3934 iactam
547 3878 676 3934 unionem
694 3878 891 3935 indissolubilis
910 3888 1028 3952 maneat,
1056 3883 1125 3936 mari
1148 3884 1192 3936 vei
1216 3882 1332 3954 cogitari
1355 3888 1453 3955 potest
1488 3883 1653 3956 Agnoscunt
1678 3887 1757 3940 enim
1782 3888 1892 3960 ipsimet

198 3967 302 4040 quippe
328 3981 399 4037 quae
426 3981 477 4036 pro
503 3963 730 4020 substantialibus
756 3965 812 4020 sive
838 3967 1028 4024 essentiahbus
1055 3970 1098 4023 vel
1126 3975 1200 4025 certe
1229 3986 1380 4041 agnoscere
1408 3975 1545 4041 coguntur
1567 3971 1687 4037 ,totalem
1720 3981 1749 4029 et
1778 3977 1891 4046 plenum

197 4053 300 4109 habeat
321 4067 467 4132 personam
489 4052 538 4104 τοῦ
555 4049 653 4120 Λόγου
678 4056 706 4106 et
729 4057 856 4106 naturam
880 4051 1029 4110 humanam
1055 4057 1207 4127 majestatis
1226 4057 1335 4112 divinae
1354 4074 1404 4127 per
1422 4056 1550 4112 unionem
1574 4057 1650 4111 omni
1668 4056 1947 4118 communicataeIlli

199 4143 257 4197 sine
274 4140 332 4195 ullo
348 4138 403 4193 loci
420 4138 465 4193 vel
486 4137 616 4208 temporis
633 4143 767 4208 respectu.
805 4137 859 4194 Sed
878 4141 1028 4212 omniprae-
1056 4161 1135 4198 usum
1152 4143 1181 4196 in
1201 4142 1366 4199 exaltatione
1390 4143 1501 4197 demum
1522 4143 1607 4200 fuisse
1633 4144 1836 4214 subsecutum,
1862 4169 1892 4205 ac

199 4227 288 4284 sentis
315 4224 415 4281 Christi
444 4224 473 4278 in
501 4223 652 4295 posteriore
684 4224 886 4295 significatione
916 4237 1030 4301 accepts
1055 4229 1170 4301 proinde
1187 4229 1270 4284 talem
1288 4229 1555 4301 omnipraesentium,
1574 4231 1601 4288 h.
1622 4248 1644 4285 e.
1666 4232 1829 4303 plenarium
1848 4238 1890 4291 do

121 4319 122 4322 ’
188 4313 352 4374 ,οοοοοοοτίο
371 4313 406 4367 ad
425 4318 563 4367 creaturas
582 4310 713 4381 refertur,
732 4328 795 4366 cum
813 4313 850 4367 sit
866 4315 1029 4371 attributum
1056 4317 1132 4371 minii
1150 4333 1238 4384 usum,
1259 4316 1288 4368 in
1305 4315 1490 4371 exinanitione
1508 4317 1629 4372 nondum
1648 4317 1890 4377 babuisselocum.

198 4402 356 4463 relativum,
380 4399 447 4469 quid
472 4397 545 4452 enim
570 4404 612 4452 est
633 4398 864 4468 omnipraesentia
888 4418 971 4472 quam
992 4407 1028 4460 ad
1091 4410 1148 4459 219.
1184 4402 1329 4457 Caeterum
1355 4403 1503 4473 probamus
1527 4403 1628 4459 Christi
1657 4405 1778 4462 hominis
1808 4409 1889 4465 omni·

198 4503 292 4543 omnes
309 4491 450 4541 creaturas
471 4483 646 4557 praesentia?
675 4485 738 4539 ideo
762 4485 810 4541 illa
826 4488 918 4542 vocari
938 4496 1030 4560 potest
1056 4488 1255 4561 praesentiam,
1282 4489 1309 4543 b.
1328 4505 1351 4543 c.
1377 4506 1507 4560 praesens
1533 4507 1566 4544 ac
1590 4499 1688 4561 potens
1712 4492 1744 4547 in
1767 4497 1847 4551 coelo
1866 4505 1890 4551 et

197 4576 313 4643 intimo,
336 4573 405 4627 haec
431 4589 495 4627 sero
518 4572 627 4625 estimo.
644 4626 646 4630 ,
664 4577 688 4627 2.
709 4572 762 4626 Illa
789 4574 881 4645 coepit
905 4577 1028 4648 aprime
1055 4582 1129 4632 terra
1152 4575 1315 4630 dominium:
1346 4581 1366 4629 1.
1387 4592 1419 4628 es
1442 4577 1544 4630 anione
1563 4579 1720 4646 personali.
1760 4581 1890 4646 Quamvis

197 4659 393 4716 incarnationis
417 4666 554 4716 momento
575 4665 603 4715 et
618 4667 753 4731 perpetuo
770 4679 803 4716 ac
824 4662 1030 4721 immutabiliter
1056 4663 1128 4719 enim
1147 4668 1211 4733 post
1228 4661 1422 4717 exaltationem
1441 4663 1551 4718 demum
1570 4662 1695 4719 Christus
1714 4665 1745 4721 in
1764 4686 1847 4723 carue
1862 4675 1889 4724 et

196 4754 289 4803 manet
307 4747 413 4815 eadcnq
431 4746 500 4802 haec
517 4764 583 4801 vero
600 4747 707 4804 ratione
723 4748 840 4818 plenarii
858 4767 924 4805 usus
942 4751 1028 4808 inex·
1056 4766 1106 4821 per
1124 4765 1235 4803 carnem
1253 4747 1345 4803 omnia
1362 4748 1391 4802 iu
1410 4749 1486 4803 coelo
1505 4765 1537 4804 ac
1556 4756 1629 4805 terra
1646 4752 1757 4810 ratione
1775 4755 1889 4826 plenarii

196 4834 328 4890 altatione
347 4834 458 4888 demum
481 4839 523 4888 est
541 4838 644 4889 secuta.
681 4834 813 4899 Quamvis
830 4837 904 4891 enim
928 4838 956 4892 in
974 4857 1028 4893 me·
1055 4855 1121 4891 usus
1141 4835 1297 4908 gubernare
1314 4834 1442 4904 coeperit,
1462 4843 1554 4890 tamen
1571 4835 1599 4889 iu
1618 4837 1711 4893 medio
1730 4840 1889 4898 exinanitio

197 4921 243 4977 dio
274 4919 467 4976 exinanitionis
501 4925 577 4975 statu
608 4918 732 4975 Christum
761 4920 844 4992 hujus
877 4926 1029 4996 majestatis
1054 4924 1097 4977 nis
1127 4927 1202 4977 statu
1226 4922 1397 4990 majestatem
1427 4920 1674 4992 omnipraesentiae
1707 4928 1890 4995 personaliter

144 4996 153 5012 ‘
196 5007 249 5063 sibi
275 5006 493 5063 communicatae
517 5006 628 5077 plenam
649 5006 739 5061 lucem
766 5022 892 5065 exercere
909 5013 1030 5081 potuerit
1055 5008 1284 5065 communicatam
1298 5006 1403 5071 habuit,
1421 5023 1453 5060 so
1465 5007 1517 5061 nisi
1530 5013 1627 5078 sponte
1638 5017 1756 5081 propter
1768 5021 1890 5070 nostram

196 5098 224 5147 et
241 5111 270 5149 re
289 5093 350 5165 ipsa
367 5092 500 5163 quosdam
514 5092 639 5163 ejusdem
656 5093 748 5148 radios
760 5096 917 5161 exseruerit,
936 5103 1028 5155 tamen
1054 5097 1171 5152 salutem
1189 5112 1249 5151 sese
1267 5093 1469 5156 exinanivisset,
1487 5093 1623 5164 potuisset
1641 5095 1671 5150 in
1688 5098 1781 5168 primo
1800 5102 1889 5156 statim

197 5179 335 5249 plenarius
360 5178 419 5249 ejus
443 5194 510 5231 usus
536 5194 569 5232 ac
595 5179 679 5250 plena
697 5180 811 5236 dominii
833 5185 977 5255 usurpatio
1000 5186 1028 5241 in
1054 5180 1249 5238 incarnationis
1267 5187 1405 5235 momento
1418 5179 1572 5251 plenarium
1592 5182 1759 5240 universalis
1778 5187 1889 5244 dominii

197 5265 360 5320 mutatione
377 5266 487 5320 demum
506 5269 548 5320 est
564 5272 666 5321 secuta.
705 5272 728 5322 3.
753 5267 806 5322 Illa
823 5270 916 5338 unice,
935 5271 1028 5327 imme
1053 5287 1136 5343 usum
1153 5268 1181 5323 in
1201 5285 1282 5323 carne
1299 5274 1327 5323 et
1344 5285 1394 5339 per
1413 5284 1523 5323 samem
1540 5286 1679 5338 exserere,
1700 5271 1732 5326 in
1753 5275 1835 5345 cujus
1852 5273 1887 5330 rei

198 5350 286 5419 diste,
316 5353 470 5426 adaequate
489 5358 518 5408 et
540 5352 701 5423 simpliciter
720 5354 859 5427 dependet
884 5357 921 5412 ab
940 5358 1027 5430 hypo·
1053 5354 1237 5411 testimonium
1254 5355 1345 5409 radios
1364 5354 1497 5426 quosdam
1509 5354 1583 5409 illius
1598 5357 1753 5426 majestatis
1766 5362 1888 5431 quando

196 5436 295 5492 statica
318 5438 419 5495 unione
438 5445 466 5494 et
491 5439 628 5511 personoli
652 5442 847 5515 περνχυρήοει,
877 5444 944 5499 haec
963 5463 1028 5502 vero
1054 5458 1108 5515 que
1124 5447 1250 5507 exseruit,
1267 5441 1342 5513 quod
1362 5441 1453 5512 ipsum
1470 5442 1612 5497 evidenter
1628 5443 1738 5513 probat,
1759 5448 1888 5504 unionem

197 5531 272 5583 certo
295 5531 421 5594 respectu
446 5526 529 5582 etism
548 5526 585 5583 ab
610 5527 790 5600 exaltatione,
821 5530 913 5603 quoad
932 5531 1027 5602 plena·
1052 5529 1223 5603 personalem
1248 5545 1265 5583 a
1289 5526 1476 5583 fundamentis
1502 5528 1751 5601 omnipraesentiae
1778 5533 1890 5590 minime
