3984 6022
637 280 642 290 '
724 274 776 331 Da
794 275 1010 337 acuminat
1027 274 1160 335 SACRA.
1718 280 1777 342 let

77 448 102 489 e.
123 431 189 504 ligo
216 429 295 500 solis,
321 431 384 489 dist.
408 437 432 488 e.
459 432 597 504 allegatur
621 431 727 488 dietum
751 430 916 505 Augustini:
944 435 1021 501 quaed
1035 431 1259 499 (1141444444414,
1277 432 1402 505 lapidem
1418 430 1539 498 Lydiam
1556 429 1678 483 anniam
1694 431 1780 484 lomi·

82 520 146 588 Epo
169 518 241 574 solis
265 520 305 573 eis
323 519 536 588 Smptnrarum
560 520 656 585 libris,
681 519 732 589 qui
748 521 814 589 jans
833 536 916 574 4444-
943 537 1008 572 meni
1026 527 1083 572 mm
1101 520 1200 582 citam,
1228 526 1286 572 tam
1299 518 1401 586 fidem,
1421 524 1477 570 tam
1496 518 1654 570 doctrinam
1672 519 1781 585 ccipere

77 605 137 659 naci
156 605 351 675 appellantur,
377 605 449 659 lanc
472 607 598 660 timorem
621 615 648 660 st
668 607 800 660 tenorem
824 606 918 660 didici
943 615 1026 675 atque
1045 606 1206 659 eaominare
1224 605 1311 658 decet.
1329 602 1459 656 Bellarm.
1477 602 1525 659 lib.
1544 602 1634 673 primo
1647 603 1683 657 de
1696 602 1780 658 vebo

78 693 207 758 deser-re,
231 699 263 744 ut
284 691 393 745 nullum
414 708 510 746 somam
532 699 672 747 auctorem
694 693 841 747 mitanas
862 691 916 745 ali·
942 691 997 747 Dei
1012 691 1105 762 capite
1121 691 1210 762 primo
1229 698 1257 746 et
1274 691 1396 745 secundo
1413 688 1507 744 multis
1525 689 1698 759 argtrmentis
1715 706 1779 744 eoo-

78 780 150 849 quid
158 779 566 848 mmsefirmsbsimeeredam,
575 779 917 846 aliosautemitaleqo,ut
942 779 1045 848 firmat,
1063 779 1242 850 propheticos
1261 787 1287 833 et
1305 779 1476 848 apostolicos
1494 777 1582 830 libror
1599 793 1659 829 esse
1676 784 1780 831 certam

39 918 43 941 Ι
78 865 250 935 mantelibet
258 866 416 930 sanctitate,
434 867 620 936 doctrinaque
631 866 841 936 praepolleant,
861 882 917 919 non
943 885 979 920 oc
994 867 1123 920 nabilem
1141 866 1270 935 reputans
1287 866 1364 930 fidei.
1399 864 1433 919 si,
1446 863 1573 933 excipere
1593 861 1670 930 velit,
1688 879 1718 916 se
1736 863 1778 916 in-

78 953 143 1005 ideo
160 967 254 1004 aenam
271 960 373 1022 putem,
391 953 460 1022 qnia
477 953 536 1022 ipsi
551 954 594 1007 ita
611 960 763 1021 senserant,
780 952 832 1004 sed
849 951 917 1019 mia
943 953 1068 1021 tellipere
1090 954 1219 1021 reputant
1238 953 1406 1024 partialem,
1433 950 1597 1022 opponimus
1615 948 1656 1003 illi
1673 947 1780 1003 dietum

76 1038 148 1091 miti
170 1037 215 1091 441
231 1053 286 1107 per
308 1037 376 1092 illos
402 1046 531 1093 auctores
546 1039 696 1093 canonicos
712 1037 757 1092 acl
772 1036 919 1107 probabili
942 1039 1041 1094 Basilii
1057 1039 1105 1094 lib.
1124 1039 1213 1110 primo
1233 1045 1330 1094 contre
1345 1038 1462 1092 Eunom.
1486 1035 1597 1104 Reputo
1616 1043 1641 1088 et
1658 1036 1779 1089 aminsi}

77 1124 202 1192 ratione,
224 1124 547 1192 maenomenon
563 1126 727 1192 obteneat,
740 1124 917 1194 pasaadere
942 1127 992 1180 ati
1024 1127 1191 1196 imperfecta
1215 1127 1341 1195 suerint,
1372 1142 1407 1179 ne
1435 1123 1642 1195 appellationes
1667 1123 1778 1192 quiden

73 1217 224 1281 perimunt
241 1217 290 1264 etc.
309 1227 333 1264 e.
350 1207 488 1266 Relatum.
507 1212 571 1268 dist
592 1217 634 1267 et.
656 1228 690 1266 ax
714 1210 794 1280 epist.
819 1208 916 1279 quinte
943 1213 1025 1267 tasse
1043 1221 1118 1266 recte
1134 1213 1314 1282 susceperint.

77 1295 239 1352 Clausetia:
268 1297 403 1367 13414414
422 1298 580 1368 Scripturis
599 1315 709 1352 sermm
728 1312 828 1366 capere
845 1295 915 1349 veri
978 1304 1036 1355 448.
1055 1299 1211 1353 Antithesis
1230 1303 1254 1351 1.
1276 1298 1429 1365 Pontifici,
1448 1296 1516 1367 quia
1532 1294 1729 1366 perfectionem
1750 1275 1921 1369 etffiffi',

76 1384 144 1438 tatis
162 1390 278 1452 oportet
310 1382 348 1437 Et
366 1391 476 1453 postea:
497 1386 566 1440 0444
585 1402 618 1438 ea
634 1384 740 1439 divinis
760 1380 916 1452 Scrr‘pturie
943 1385 1170 1457 perspicuitatem
1195 1384 1356 1455 Scripturae
1382 1390 1500 1455 negant,
1528 1382 1594 1437 inde
1621 1383 1704 1436 etiam
1731 1396 1780 1448 na
1791 1381 1885 1420 eiomm.

77 1470 215 1537 iuuerunt
234 1470 350 1538 4414444
369 1478 395 1522 et
406 1471 523 1539 firmam
540 1471 667 1539 reculam
684 1470 811 1523 44414444
827 1484 916 1521 mec·
943 1479 1020 1545 gant,
1036 1489 1099 1528 eam
1117 1488 1177 1527 esse
1194 1472 1305 1527 unicam
1312 1470 1386 1535 fidei,
1401 1471 1502 1540 culum,
1515 1469 1597 1536 ritae,
1616 1468 1778 1539 dogmmum
1790 1465 1819 1505 Π·
1832 1461 1879 1504 ³⁵⁵·

73 1555 162 1625 perit,
191 1556 345 1609 absurdum
361 1574 418 1609 non
435 1557 503 1625 erit,
529 1558 557 1609 si
574 1557 686 1626 aliquid
704 1556 788 1609 etiam
805 1571 838 1608 44
854 1571 916 1607 era·
944 1565 972 1614 et
998 1559 1245 1614 controversiarum
1269 1559 1298 1613 in
1322 1558 1440 1614 eeclesia
1462 1573 1594 1612 nomam.
1639 1554 1779 1620 Quantum

77 1643 184 1697 dinone
205 1644 346 1696 communi
367 1660 402 1696 ec
427 1643 592 1696 literalibus
607 1643 724 1709 emin,
750 1658 821 1711 puae
834 1643 916 1710 sorte
944 1662 1009 1700 vero
1033 1652 1202 1701 momentum
1224 1645 1253 1699 in
1271 1645 1326 1699 hae
1343 1644 1504 1717 quaestione
1521 1642 1604 1697 situm
1621 1641 1672 1708 sit,
1698 1656 1780 1710 erpo·

78 1730 164 1784 441444
185 1729 362 1798 1444441114
384 1730 492 1798 ottipit,
521 1731 562 1783 ad
584 1730 766 1783 4444114444
785 1728 845 1781 veri
866 1728 916 1780 do·
943 1733 986 1787 nit
1001 1732 1147 1788 Tanusius
1164 1733 1193 1787 in
1211 1732 1290 1788 relat
1308 1731 1343 1786 de
1361 1731 1460 1802 colloq.
1478 1728 1621 1785 1144144411.
1639 1727 1733 1799 pagio.
1749 1731 1779 1781 tr

77 1815 180 1883 9444414
209 1817 352 1883 conferat,
384 1815 425 1869 ita
451 1824 555 1880 tamen,
582 1824 614 1869 nt
638 1816 687 1868 nli
709 1833 778 1868 nero
805 1814 916 1876 didicit,
946 1820 1015 1874 Cum
1038 1820 1090 1873 loc
1115 1821 1223 1889 ipsam,
1250 1836 1288 1872 an
1314 1817 1445 1874 videlicet
1469 1816 1613 1887 Scriptura
1636 1815 1673 1868 sit
1697 1813 1781 1868 unica

71 1902 159 1969 solra
183 1910 210 1955 st
233 1901 368 1955 mactata
386 1902 515 1957 declinet.
532 1919 556 1956 c.
576 1901 639 1958 Non
657 1901 808 1958 4114444444
827 1906 870 1956 24.
889 1918 917 1970 q.
944 1922 1040 1961 norma
1064 1912 1093 1961 st
1110 1906 1198 1976 judex
1217 1898 1339 1961 omnium
1358 1903 1620 1970 conmovcrsiarum,
1645 1903 1682 1955 sit
1699 1903 1780 1970 oripo

79 1995 101 2044 1.
119 1986 223 2042 citatur
241 1986 348 2042 dictum
362 1987 528 2059 Augustini:
547 1991 613 2043 Non
632 1991 917 2059 afferamessstateras
945 1994 1151 2062 quodammodo
1189 2000 1215 2046 et
1249 1992 1335 2045 raetia
1370 1991 1495 2045 etiamn
1529 1989 1781 2043 controversiarum

77 2074 195 2128 41414444
212 2082 261 2129 ete.
295 2073 416 2129 Thomas
436 2072 916 2146 testamenmentum
945 2080 1081 2147 omnium,
1107 2096 1164 2147 qua
1192 2077 1347 2146 composita
1369 2077 1561 2131 4114444444
1584 2076 1713 2144 componi
1733 2093 1780 2129 ne-
1852 2134 1855 2139 ,

38 2158 42 2173 ’
77 2166 168 2217 maoz
195 2162 337 2215 Doctrina
360 2162 554 2231 apostolorum
572 2170 597 2216 et
611 2162 814 2232 proplcmmm
832 2178 915 2214 cano·
944 2183 1050 2219 emaum
1067 2165 1112 2229 sit,
1131 2182 1187 2218 non
1204 2171 1296 2218 autem
1315 2164 1470 2232 composita
1480 2165 1598 2230 frastra
1615 2162 1693 2216 circo
1705 2162 1781 2216 olias

77 2248 143 2301 nica
160 2248 274 2315 dicitru,
293 2249 360 2317 quio
377 2257 418 2301 est
436 2249 521 2318 quasi
537 2248 691 2302 intellectus
708 2247 916 2315 nostis-epulo·
945 2252 1088 2305 consensio
1113 2259 1243 2318 tentetor,
1271 2268 1290 2302 a
1314 2250 1425 2305 ratione
1446 2266 1564 2319 prorue
1587 2248 1710 2301 alienum
1734 2254 1781 2317 est,

76 2334 211 2389 Testatus
233 2332 264 2387 in
287 2333 379 2404 capite
404 2339 429 2389 4.
454 2333 555 2389 Genea.
578 2335 675 2406 pagio.
701 2333 810 2390 decima
825 2339 917 2388 sexta:
944 2339 998 2392 lac
1022 2338 1211 2391 contoveraia
1231 2338 1433 2405 praetermisso
1457 2337 1492 2389 de
1512 2335 1580 2389 aliis
1596 2335 1667 2388 velle
1685 2335 1781 2404 disprs-

79 2421 149 2475 (1444
174 2420 206 2472 in
228 2420 306 2474 omni
329 2421 444 2474 ueritate
466 2423 570 2475 4441444
592 2422 690 2475 divino
712 2422 749 2474 sit
771 2421 874 2474 certior
892 2429 918 2473 et
944 2434 1014 2479 tare.
1050 2423 1151 2478 Postea
1174 2422 1265 2477 addit:
1292 2424 1391 2476 Petere
1408 2441 1426 2474 a
1445 2421 1612 2489 Catholicis,
1629 2430 1660 2474 ut
1679 2422 1781 2475 admit»

77 2505 293 2572 immutabilior,
317 2523 384 2575 erpo
403 2524 498 2561 omnes
514 2508 591 2561 aliae
607 2509 706 2561 debent
723 2507 851 2576 reputari
862 2523 918 2576 per
945 2519 1013 2580 tant,
1031 2528 1144 2565 sacram
1163 2510 1341 2579 Scripturmn
1358 2510 1449 2563 solam
1467 2525 1527 2562 esse
1537 2508 1668 2576 judicem
1680 2515 1708 2562 44
1719 2508 1781 2562 ani

76 2593 169 2661 iliani,
190 2600 218 2646 44
233 2593 264 2646 in
282 2601 415 2662 quantum
432 2595 647 2660 conformantia
662 2594 723 2658 1111,
742 2602 805 2647 sunt
820 2609 918 2662 eerae3
945 2615 1007 2651 casn
1023 2614 1152 2651 normam
1170 2597 1289 2650 omnium
1307 2595 1559 2650 controuersiarum
1572 2594 1681 2650 seclusa
1697 2596 1783 2650 44414·

78 2681 111 2733 in
129 2687 262 2749 mantum
280 2688 371 2734 autem
388 2681 501 2734 41441441
519 2681 554 2734 ab
573 2681 636 2749 illa,
654 2681 768 2734 deviant
781 2698 800 2733 a
814 2688 918 2733 notura
944 2685 1005 2738 siae
1036 2684 1201 2737 anctoritate
1230 2683 1394 2751 infallibili,
1425 2682 1497 2751 pate
1523 2682 1606 2736 alind
1632 2690 1672 2736 est
1697 2699 1783 2750 44444

78 2767 213 2821 4444144414.
247 2765 327 2822 Idem
344 2766 374 2821 in
392 2765 454 2822 Iud.
474 2772 530 2822 171.
550 2767 569 2821 1.
588 2767 620 2822 b:
643 2767 706 2821 Soli
722 2783 822 2820 sacrae
841 2767 918 2821 Scri·
939 2779 1050 2839 petere,
1074 2779 1105 2823 nt
1129 2788 1184 2824 suo
1206 2758 1294 2824 conso
1317 2777 1383 2824 ante
1403 2787 1508 2825 mnam
1526 2770 1682 2838 conflictam
1700 2770 1782 2824 nulla

74 2861 180 2922 pisanae
203 2861 230 2906 st
252 2870 309 2906 non
331 2854 387 2906 olii
408 2854 569 2908 adhibenda
588 2862 628 2908 est
638 2855 727 2923 firma
739 2856 823 2923 fides.
858 2852 918 2907 Du·
944 2857 1107 2910 necessitate
1123 2864 1227 2925 sponte
1249 2859 1357 2911 cedunt.
1401 2855 1529 2911 Ceterum
1555 2855 1661 2911 absum
1686 2854 1781 2910 Ponti·

78 2938 184 2994 raudus
205 2939 277 2995 libro
294 2941 376 2996 tertio
394 2947 462 2995 sent
482 2941 545 2995 dist
564 2947 605 2997 25.
625 2958 651 3011 q.
671 2946 700 2995 2:
728 2940 819 2994 Sacra
840 2940 916 2994 Scri-
943 2942 1000 2997 ficii
1023 2942 1100 2997 circa
1123 2942 1196 2997 banc
1212 2942 1427 2998 controversiam
1443 2942 1473 2997 in
1491 2943 1560 2997 duas
1579 2949 1679 3012 partes.
1715 2942 1781 3007 Qui·

74 3036 165 3097 ptura
183 3034 224 3079 est
243 3028 342 3094 reputa
354 3029 442 3097 fidei,
465 3029 511 3082 cui
527 3027 664 3081 nonlicet
679 3026 792 3096 aliquid
808 3028 917 3080 addere
945 3030 1009 3084 dam
1032 3030 1114 3101 plane
1137 3035 1257 3102 negant,
1282 3029 1455 3099 Scriptorum
1478 3045 1538 3084 esse
1559 3044 1696 3096 normam3
1720 3028 1781 3098 qui·

77 3112 123 3167 441
149 3114 268 3167 damme.
302 3112 424 3172 nGerson.
451 3113 486 3170 dc
511 3114 628 3169 examin
655 3113 770 3169 docuiu
794 3120 866 3184 part
892 3118 916 3168 2.
944 3117 1008 3171 dnm
1023 3117 1190 3184 concedunt,
1211 3133 1272 3172 eam
1289 3132 1352 3171 ease
1369 3131 1501 3183 normam,
1521 3114 1571 3169 sed
1588 3120 1701 3184 negent,
1719 3128 1781 3168 4444

14 3243 21 3256 .
77 3216 153 3254 uum
174 3205 220 3254 lt:
237 3200 490 3270 scripturaram
507 3202 711 3255 444114444ᾱῦ4
730 3209 770 3253 est
782 3208 916 3268 tenestem
943 3204 1043 3274 solam,
1069 3205 1187 3267 unicam,
1214 3202 1366 3272 perlectam
1387 3208 1414 3256 et
1433 3201 1546 3255 totalem
1564 3216 1696 3254 normam.
1731 3198 1779 3254 Aa

77 3287 179 3354 rapula
199 3287 346 3356 sufficiens
367 3296 392 3340 et
413 3287 581 3356 infallibilis
603 3304 658 3356 pro
680 3287 815 3354 sepimine
832 3287 917 3340 totins
943 3292 1063 3363 priorem
1085 3291 1202 3345 classem
1225 3288 1379 3358 pertinent,
1406 3289 1454 3358 qui
1475 3287 1645 3356 Scriptorum
1669 3302 1778 3356 compa·

77 3373 262 3427 4441441444ίοὶ
284 3375 412 3442 corporis
429 3382 456 3426 et
473 3375 656 3428 membrorum
672 3391 760 3443 usqae
779 3375 821 3427 od
833 3376 914 3438 finem
943 3383 1006 3433 rant
1030 3395 1101 3431 naso
1125 3393 1204 3430 cereo
1226 3393 1260 3430 ae
1278 3375 1393 3442 repulus
1416 3375 1542 3429 Lesbiae.
1577 3372 1659 3427 (lens.
1684 3372 1779 3428 Gelon

76 3458 175 3513 amuli.
211 3459 320 3516 Auctor
336 3460 414 3527 libri,
432 3460 477 3515 cui
495 3460 593 3514 titides
612 3459 689 3515 Onus
710 3459 852 3528 aeclesiae,
871 3476 916 3514 ea·
943 3471 1015 3519 cont
1032 3463 1181 3518 Monheim.
1195 3482 1224 3534 p.
1240 3470 1295 3519 tlt.
1314 3462 1441 3517 Caninius
1453 3462 1482 3517 in
1494 3476 1576 3533 opere
1590 3460 1695 3515 catech.
1707 3460 1726 3515 f.
1736 3466 1778 3516 44.

77 3543 137 3617 pita
153 3545 263 3601 decimo
282 3552 389 3603 octavo
409 3544 437 3621 ξ.
459 3553 497 3604 13.
515 3546 693 3617 reprehendit
711 3562 774 3615 eos,
792 3547 840 3618 qoi
859 3563 915 3600 non
942 3559 994 3607 stc.
1031 3552 1112 3617 Quod
1135 3551 1159 3605 si
1182 3549 1255 3606 enim
1273 3549 1416 3620 Scriptura
1436 3555 1479 3604 est
1497 3549 1526 3602 in
1544 3564 1653 3602 omnem
1670 3553 1778 3617 partem

78 3634 167 3686 smmi
190 3633 297 3686 1111144
323 3650 372 3687 cm
400 3642 491 3687 444444
514 3634 663 3687 doctr-inae
688 3642 714 3686 et
729 3635 914 3699 firmamento
943 3639 1042 3695 flexilis
1059 3639 1148 3692 mater
1164 3637 1238 3693 cerei
1249 3637 1310 3692 nasi
1323 3644 1351 3692 ct
1363 3635 1481 3692 lesbiae
1495 3635 1617 3706 regulae,
1634 3641 1709 3691 certe
1721 3650 1777 3689 non

77 3718 178 3774 4441411
194 3726 221 3773 et
235 3721 349 3773 veritati
363 3721 544 3774 inconscissas
562 3720 734 3788 incumbunt,
753 3721 805 3773 ssd
822 3720 852 3772 in
870 3737 915 3773 so·
942 3726 1045 3796 poterit
1068 3739 1243 3780 essenorum
1261 3730 1289 3779 et
1307 3722 1405 3794 regula
1424 3722 1586 3793 dogmatum
1606 3721 1635 3775 iu
1652 3720 1778 3785 ecelesia,

78 3804 145 3860 bulo
160 3807 297 3875 (14444444
314 3815 477 3860 samnitem
495 3824 557 3861 mac
569 3808 695 3871 minora,
713 3824 749 3859 aa
762 3806 916 3859 medulam
942 3829 1006 3866 cum
1029 3827 1141 3866 normae
1158 3810 1301 3881 proprium
1318 3809 1355 3863 ait
1371 3824 1433 3863 esse
1449 3815 1568 3871 sermm,
1593 3806 1779 3877 infallibilem,

78 3893 194 3948 41141444
214 3893 371 3962 sapientiae
390 3894 421 3945 in
439 3910 523 3946 sacra
545 3899 571 3946 et
587 3893 748 3946 cotinentiae
766 3892 915 3961 Scriptura
942 3896 1133 3952 invariabilem
1151 3905 1202 3952 444.
1225 3896 1272 3952 Ab
1289 3895 1344 3950 illia
1361 3911 1417 3948 noo
1434 3894 1553 3949 multum
1570 3894 1630 3948 abit
1647 3894 1777 3951 Bellon

78 3981 155 4033 ultro
178 3998 208 4033 44
231 3982 384 4049 offerentem
399 3988 598 4049 pertranseunt
616 3987 642 4033 ct
659 3979 849 4046 41494114τί144
865 3981 915 4032 do·
942 3985 1054 4055 quando
1078 3983 1143 4039 libri
1166 3991 1190 4040 4.
1218 3984 1254 4038 de
1278 3981 1364 4036 verbo
1391 3980 1445 4036 Dei
1471 3998 1494 4034 c.
1522 3986 1561 4037 12.
1590 3980 1630 4035 414
1655 3980 1779 4036 disserit:

78 4066 177 4120 etr-sitis
192 4067 356 4120 innituntur.
392 4066 520 4121 Andreas
536 4065 644 4119 Fricius
668 4064 739 4119 libro
760 4071 861 4136 quarto
879 4065 915 4120 de
944 4072 1107 4140 Scripturas
1119 4071 1189 4140 finis
1203 4069 1341 4140 proprius
1361 4076 1387 4121 44
1401 4067 1575 4137 praecipuas
1593 4085 1647 4121 nan
1658 4069 1728 4133 fuit,
1747 4074 1779 4120 at

77 4153 176 4211 444144.
202 4169 226 4208 e
251 4159 276 4208 t.
302 4153 376 4209 cuca
399 4154 488 4224 princ.
514 4159 660 4208 mecenset
677 4151 745 4216 illis,
770 4152 818 4223 qui
839 4151 915 4206 Scri·
943 4165 1012 4210 esset
1028 4157 1128 4224 reputa
1142 4157 1223 4225 fidei,
1241 4157 1293 4208 sed
1310 4163 1340 4207 nt
1357 4162 1429 4207 essct
1441 4155 1679 4208 commonitorium
1692 4153 1779 4223 qnod

73 4248 192 4310 pturam
220 4257 289 4294 naso
319 4257 398 4295 cereo
428 4243 458 4294 in
484 4250 633 4310 utramque
658 4248 771 4310 partem
794 4239 918 4308 fleaibili
942 4245 1010 4296 dam
1027 4243 1095 4296 utile
1113 4245 1154 4295 ad
1170 4243 1389 4295 comanendum
1407 4249 1433 4294 et
1445 4242 1603 4305 fovendam
1621 4241 1779 4293 (1444414444

77 4336 258 4397 conparans,
286 4346 341 4396 qno
364 4337 452 4398 pacto
479 4337 505 4382 ct
532 4327 724 4380 auctoritatem
751 4326 915 4395 Saeptaroe
942 4345 975 4381 ea
996 4329 1213 4397 praedicatione
1239 4313 1391 4396 acceptam.
1428 4325 1469 4380 At
1493 4332 1514 4381 1.
1533 4324 1697 4380 contradicit
1716 4325 1778 4379 Bel·

78 4414 235 4468 4144441144
251 4415 426 4481 najestatem
445 4415 605 4468 divinornm
624 4413 804 4466 oraculorum
822 4413 915 4466 obscu-
941 4413 1074 4468 larminus
1102 4412 1237 4483 expressis
1262 4413 1420 4482 Scriptorae
1442 4418 1470 4466 et
1492 4416 1602 4481 patrum
1625 4411 1721 4478 dictis,
1748 4410 1778 4464 in

77 4500 143 4554 rari
154 4501 267 4556 4444414.
287 4499 351 4557 Joh.
370 4500 458 4555 Ferus
469 4500 498 4553 in
510 4517 597 4554 exam.
609 4499 753 4554 ordinand.
768 4499 916 4568 Scriptura
942 4500 1044 4572 quibus
1062 4500 1234 4570 Scriptorum
1251 4507 1352 4554 vocant
1369 4514 1503 4554 emonem
1521 4504 1550 4552 ct
1562 4496 1695 4569 regulam,
1713 4516 1777 4552 con-

77 4589 186 4642 dicitur
211 4589 363 4650 canonico,
389 4589 423 4641 id
448 4596 487 4640 est
509 4587 666 4656 repuleris,
696 4587 764 4656 puio
787 4604 806 4638 a
830 4586 916 4640 DEO
941 4586 1055 4641 tradieit
1090 4585 1298 4656 vulgatissimae
1335 4585 1365 4640 iu
1402 4584 1536 4639 ecelesiae
1574 4583 1777 4653 scripturarum

76 4674 158 4729 44114
176 4675 247 4727 data
263 4675 337 4727 41444
355 4681 381 4728 et
397 4674 523 4726 veritatis
539 4672 648 4740 reputa,
666 4690 722 4742 qao
739 4672 835 4725 omnia
847 4688 914 4740 pro·
942 4672 1136 4743 appellationi,
1169 4688 1225 4742 qua
1254 4672 1384 4725 dicuutur
1413 4671 1577 4738 eanonicam
1613 4671 1778 4726 contradicit

77 4763 171 4816 lemos
194 4768 221 4814 et
236 4761 321 4830 jocata
344 4778 429 4830 quam
444 4761 577 4814 sinamus.
612 4760 672 4816 Jae·
690 4759 788 4830 Payva
805 4758 914 4812 Andra-
941 4758 1069 4829 sibiipsi,
1087 4757 1153 4829 quia
1171 4756 1235 4810 libri
1255 4764 1276 4812 1.
1291 4757 1423 4812 dererbo
1435 4755 1489 4811 Dei
1507 4773 1532 4811 e.
1554 4764 1574 4811 1.
1589 4761 1670 4812 atat.
1683 4756 1778 4811 multis

77 4848 141 4902 dius
165 4846 214 4901 lib.
240 4852 263 4902 1.
289 4846 395 4902 defens.
419 4846 519 4903 concil.
538 4846 663 4902 Trident.
684 4844 781 4899 scribit
802 4846 915 4898 minime
941 4844 1111 4917 argumentis
1129 4843 1286 4907 confirmat,
1307 4844 1489 4913 propheticos
1506 4851 1532 4896 et
1550 4844 1721 4911 apostolicos
1743 4843 1777 4895 li·

76 4935 135 4988 sili
161 4933 313 5003 displicere
339 4949 434 4986 somaro
462 4934 641 5000 sententiam,
673 4933 723 5000 pai
750 4930 915 5000 Scripturas
943 4934 1007 4985 bros
1033 4947 1093 4984 csse
1117 4938 1221 4983 certam
1240 4938 1266 4983 et
1291 4930 1418 4984 stabilem
1441 4930 1567 4996 requiam
1588 4929 1667 4998 fidei.
1704 4934 1728 4983 2.
1747 4928 1777 4984 Si

76 5022 166 5075 libros
199 5021 265 5072 ideo
298 5021 447 5073 romescot
472 5021 572 5073 uocari
595 5026 731 5083 statuant,
762 5018 831 5086 pitia
853 5020 914 5088 pis·
941 5017 1085 5088 Scriptura
1114 5022 1186 5072 meet
1212 5016 1348 5070 duntaxat
1364 5015 1615 5080 commonitorium,
1645 5031 1777 5086 quorsum

76 5107 146 5160 totis
162 5112 189 5159 44
203 5105 275 5175 fidei
292 5114 317 5158 44
333 5106 481 5174 relipionia
498 5121 646 5171 canonem,
667 5104 700 5155 id
718 5111 770 5171 eat,
787 5104 913 5172 reputans
941 5121 1011 5173 opus
1042 5103 1141 5158 fuisset
1168 5109 1224 5156 tam
1251 5102 1352 5155 multos
1378 5118 1395 5154 a
1421 5100 1563 5170 prophetis
1591 5106 1619 5155 et
1645 5103 1778 5172 apostolis

76 5200 163 5262 atque
180 5208 308 5245 normam
321 5208 336 5244 e
349 5193 435 5246 coetis
451 5209 556 5246 summo
576 5193 639 5245 Deo
657 5190 786 5259 laneficio
805 5191 846 5244 ad
864 5208 915 5246 nos
941 5190 1024 5244 scribi
1043 5190 1140 5259 libros,
1160 5205 1263 5261 eoaque
1280 5190 1309 5243 in
1327 5189 1421 5243 sedem
1438 5188 1588 5243 canonicae
1605 5182 1778 5245 auctoritatis

76 5279 205 5334 ddetam
229 5279 368 5332 condurat
390 5278 604 5347 amplissimam.
639 5275 771 5328 Matthias
793 5276 914 5332 Breden·
941 5282 1050 5334 evectos
1068 5277 1195 5332 omnibus
1213 5277 1274 5331 aliis
1293 5276 1444 5346 praeponi?

76 5363 195 5422 bachim
219 5364 248 5418 in
270 5364 343 5419 libro
368 5364 403 5418 de
428 5363 550 5417 dissidiis
568 5362 701 5418 eeclesiae
718 5363 913 5432 componendis
976 5370 1034 5420 449.
1059 5363 1204 5429 Quomodo
1226 5379 1292 5417 vero
1317 5361 1417 5431 probat
1436 5362 1620 5416 Bellarminos
1638 5377 1716 5417 suam
1734 5380 1777 5417 aa·

74 5454 117 5508 lit.
139 5450 174 5506 G.
196 5458 220 5506 e.
249 5452 426 5519 Smapmram
445 5452 580 5504 4441441444
597 5469 616 5502 a
636 5451 699 5502 Deo
715 5451 854 5503 traditam
873 5451 914 5503 ait
940 5450 1109 5506 sartionem?
1139 5449 1273 5504 Producit
1297 5450 1420 5521 quinque
1440 5454 1617 5518 argumenta,
1639 5451 1688 5506 sed
1708 5466 1777 5519 pcn-

73 5550 210 5609 tanqam
228 5538 369 5607 44441444,
385 5539 427 5590 ad
442 5554 526 5607 mam
543 5544 677 5608 tarpeiam
696 5537 846 5601 amussim,
864 5544 915 5590 nat
940 5535 1013 5590 deris
1030 5552 1165 5610 perquam
1182 5534 1283 5611 exigui.
1320 5541 1343 5594 1.
1369 5536 1405 5591 Si
1422 5535 1572 5606 Scriptus
1590 5538 1659 5590 ’44444
1676 5535 1776 5605 reputa
