3984 6022
616 182 620 201 ί
720 242 773 301 DE
792 243 1005 305 SOBIPI'URA
1024 244 1154 306 SACRA.
1723 254 1791 320 217,

96 394 270 452 comunem
285 395 402 465 pasin
423 394 492 451 nne
511 396 662 453 sensnm
697 397 728 456 si
744 397 822 454 nen
838 415 928 454 nnn-
956 400 1039 455 nam
1052 402 1182 472 smine.
1209 400 1244 457 In
1256 400 1377 477 spiuph.
1394 368 1576 463 sannen
1588 409 1611 463 1.
1619 421 1647 478 p.
1655 409 1696 464 ss.
1708 404 1787 463 use·

96 488 252 541 mentorum
278 498 389 537 suorum
415 498 509 538 omnes
535 483 668 542 ecelesiae
690 482 763 541 filios
789 485 851 542 vult
871 502 930 542 esse
957 490 1012 557 est,
1035 495 1141 544 coetum
1164 489 1313 545 msdmrum
1335 507 1396 544 cum
1419 490 1515 546 Paula
1535 490 1708 569 Bethlelcmi
1727 510 1788 547 osr-

95 570 258 643 purticipes,
284 568 381 642 quidni
402 569 486 626 etism
507 570 585 626 verbi
607 572 650 627 sui
668 571 782 645 scripti?
808 571 837 628 si
853 572 930 629 Deus
955 573 1077 629 santium
1094 574 1219 646 quotidie
1237 577 1273 631 de
1291 576 1447 649 Sanptscris
1463 578 1568 639 sanctis
1583 576 1698 649 aliquid
1713 578 1788 635 didi-

96 656 216 729 Spiritus
240 655 283 710 sui
309 671 403 712 omnes
426 655 560 713 ecclesius
584 655 656 714 filios
680 657 750 714 iecit
772 658 930 732 participes,
956 661 1035 718 cisse.
1062 660 1097 716 In
1115 677 1212 717 comm.
1229 660 1276 717 Ps.
1295 667 1341 720 86:
1362 664 1502 718 Dominus
1518 666 1647 721 namacit
1664 667 1694 719 in
1713 665 1789 721 Scri·

95 744 193 815 utique
216 759 233 798 s
256 741 349 798 verbis
366 741 485 814 Spiritus
508 749 537 799 et
561 743 715 802 divinorum
737 744 930 818 mysteriorum
951 748 1047 817 pturic
1060 749 1248 819 populorum,
1268 749 1299 803 in
1318 749 1474 820 Smpturs's
1492 751 1603 819 sanetis,
1623 768 1695 822 quae
1714 751 1789 808 Scri·

96 828 276 885 instructions
296 846 352 884 non
369 835 434 885 sunt
452 830 573 887 mendi
952 841 1040 904 ptura
1060 835 1186 889 omnibsss
1201 835 1317 906 populis
1334 835 1444 904 iepitur,
1462 845 1493 891 nt
1510 854 1604 893 omnes
1621 836 1788 909 intelliqant.

44 912 80 994 J·
132 922 191 978 490.
216 915 295 971 Idem
312 916 457 972 nobiscum
474 915 576 974 docent
592 917 632 990 pii
649 921 765 974 seimon
798 917 929 991 Polycar-
955 918 990 975 In
1007 936 1030 976 c.
1048 925 1072 975 3.
1090 918 1208 976 Coloss.:
1228 921 1285 976 Hic
1302 922 1464 993 ostenditur,
1483 923 1594 979 uerbum
1613 923 1789 993 Uir-istinon

94 1021 149 1075 pus
168 1003 196 1058 in
215 1001 294 1074 epist
312 1002 350 1057 sd
367 1001 489 1075 Philipp.
509 1002 584 1075 dicit,
604 1020 635 1061 se
652 1003 688 1060 ds
705 1002 929 1076 Philippensibus
955 1006 1046 1060 solum
1064 1006 1247 1076 missicienter,
1271 1010 1322 1062 sed
1338 1008 1421 1062 etiam
1439 1008 1616 1067 abundanter
1632 1010 1721 1066 laicos
1739 1010 1788 1066 bo·

95 1090 243 1159 confidere,
263 1090 339 1159 quod
355 1089 386 1143 in
401 1091 492 1145 sacris
510 1091 603 1146 literis
619 1091 675 1146 sint
692 1091 842 1147 wercitati.
863 1090 931 1147 Ter·
957 1093 1019 1146 bere
1042 1093 1138 1147 debere
1161 1100 1188 1146 et
1208 1094 1308 1148 docem
1324 1111 1353 1147 se
1370 1095 1453 1149 etiam
1470 1095 1593 1152 invicem.
1628 1094 1702 1153 “In
1721 1112 1744 1153 e.
1764 1102 1789 1154 3.

94 1175 228 1231 tullianus
249 1174 279 1230 in
295 1174 443 1247 Apoleget
470 1193 493 1231 e.
520 1182 563 1234 39.
585 1181 718 1247 testetur,
746 1192 841 1232 omnes
863 1178 930 1232 olim
955 1176 1080 1235 Nahum:
1107 1181 1144 1234 In
1161 1181 1280 1234 adoemu
1302 1180 1409 1235 Christi
1425 1189 1451 1236 et
1468 1183 1603 1239 remonis
1621 1183 1681 1239 Dei
1697 1190 1722 1237 et
1739 1184 1789 1238 do-

98 1261 274 1318 Cbristianoe
297 1263 338 1314 ad
362 1261 503 1317 lectionem
521 1263 684 1319 diuinarum
703 1263 849 1319 lituorum
866 1281 930 1318 oon-
956 1265 1063 1319 amnas
1079 1265 1284 1321 ecclesiasticae
1305 1274 1332 1321 et
1349 1267 1592 1323 consummationis
1600 1269 1711 1338 Ninive,
1728 1286 1788 1340 spe-

95 1349 208 1405 rauisse.
254 1346 386 1421 Origenes
411 1348 483 1405 bom.
510 1355 548 1408 12.
572 1351 602 1406 in
620 1350 708 1406 Exod.
729 1368 785 1407 nen
806 1351 889 1423 leuge
912 1367 930 1406 s
955 1351 1129 1406 oiosissimae
1146 1355 1290 1422 quondam
1306 1354 1467 1424 meretricie
1479 1355 1630 1410 elevabitur
1649 1363 1674 1410 et
1685 1373 1790 1427 prope·

92 1435 181 1509 prino.
204 1440 270 1493 ton.
290 1441 312 1491 l.
338 1453 365 1507 p.
383 1442 429 1493 99:
459 1437 494 1493 Si
510 1437 636 1492 omnibus
653 1437 757 1492 alienis
774 1445 853 1507 torpa
870 1453 928 1491 uer-
954 1438 1030 1492 rabit
1047 1439 1187 1511 populus,
1214 1440 1264 1509 qui
1286 1441 1335 1493 sub
1352 1441 1494 1508 mapistris
1511 1449 1595 1497 antea
1606 1443 1709 1510 fuerat
1725 1460 1789 1497 con·

93 1531 186 1577 tamus
210 1529 235 1576 et
253 1522 361 1592 studio,
387 1523 511 1593 actibus,
529 1532 631 1593 mente,
652 1524 830 1579 solicitudine
847 1525 928 1578 cubo
954 1524 1062 1595 sopitus
1075 1531 1101 1578 et
1116 1525 1166 1578 ibit
1179 1528 1221 1580 ad
1231 1533 1336 1581 montes
1346 1526 1558 1597 Scripturarum
1571 1528 1662 1599 ibique
1670 1528 1789 1585 inveniet

95 1609 155 1663 Dei
180 1624 296 1678 operam
322 1611 418 1663 demus
447 1617 472 1663 et
499 1610 530 1663 in
551 1611 611 1678 leqe
637 1611 697 1680 ejus
721 1611 767 1663 die
790 1627 825 1664 ac
849 1619 928 1664 nocte
955 1616 1058 1663 montes
1073 1612 1192 1679 Moysen
1209 1618 1236 1667 st
1251 1612 1349 1666 Jesum
1360 1613 1456 1680 filium
1470 1614 1585 1684 Nauem,
1602 1621 1707 1669 montes
1719 1632 1789 1687 pro·

94 1695 266 1765 meditemur,
285 1696 394 1750 onum
412 1697 535 1751 omnibus
552 1699 615 1753 Dec
632 1714 775 1764 uocemue,
803 1712 927 1751 cumaea·
950 1696 1060 1765 pletas,
1079 1704 1183 1751 montes
1197 1699 1237 1752 N.
1256 1698 1286 1751 T.
1301 1699 1443 1768 apostolos
1456 1707 1482 1754 ct
1495 1699 1679 1771 eoanqelirtas
1691 1710 1718 1756 et
1727 1719 1790 1757 cum

93 1799 159 1836 mur
177 1781 207 1835 in
225 1782 389 1836 testimoniis
406 1783 480 1852 ejsu,
504 1783 555 1837 boc
572 1791 613 1838 est
634 1800 793 1837 eonomsum
812 1799 871 1836 esse
888 1785 929 1837 ad
954 1781 997 1834 ad
1012 1781 1083 1837 tales
1099 1791 1204 1837 montes
1222 1784 1388 1853 oonfuperit,
1405 1786 1471 1839 etin
1484 1785 1647 1857 hujusmodi
1656 1790 1788 1844 montium
1819 1776 1822 1783 ⁵

95 1867 254 1922 Dominum.
290 1867 393 1923 Hamil.
413 1873 437 1925 9.
465 1869 496 1923 in
512 1869 600 1927 Lavit,
624 1876 689 1925 ante
712 1869 784 1926 med.
808 1886 835 1941 p.
862 1874 926 1925 153:
954 1867 1068 1922 lectione
1088 1869 1183 1936 fuerit
1208 1877 1348 1937 versatus,
1375 1871 1403 1923 si
1417 1887 1473 1924 non
1492 1872 1639 1942 inuenerit,
1659 1874 1709 1944 qui
1729 1892 1789 1929 eum

95 1953 246 2024 Optamus,
270 1962 299 2009 ut
322 1971 436 2025 operam
460 1956 546 2026 detis,
575 1974 631 2010 non
655 1957 744 2010 solum
762 1955 792 2008 in
810 1954 926 2009 ecclesia
954 1954 1053 2007 doceat
1069 1954 1184 2023 (messis
1201 1957 1273 2009 enim
1291 1956 1413 2027 copiosa,
1432 1959 1560 2026 operarii
1576 1968 1669 2013 autem
1682 1961 1789 2030 pauci)

93 2041 317 2096 audireuerbum
329 2043 395 2106 Dei,
409 2044 461 2096 sed
474 2042 540 2097 etin
554 2043 681 2097 domibus
697 2042 796 2096 uestris
808 2042 929 2095 exerceri
953 2048 1018 2094 tuac
1040 2048 1065 2093 et
1088 2041 1168 2095 illius
1191 2043 1313 2097 studium
1338 2045 1573 2115 comprobabitur,
1602 2047 1669 2116 quia
1693 2048 1791 2115 confu-

94 2134 121 2181 st
143 2127 278 2182 nieditari
297 2129 327 2182 in
348 2129 407 2197 leqe
424 2129 545 2183 Domini
562 2129 609 2183 die
626 2147 660 2182 ac
678 2135 769 2197 nocte,
798 2128 838 2181 ibi
855 2127 927 2181 enim
952 2126 1025 2194 perit
1044 2128 1213 2196 admontis,
1234 2137 1259 2182 et
1277 2131 1474 2199 maqistrorum
1494 2132 1790 2202 desidiacoarquetur,

96 2214 222 2271 obnisu
248 2223 288 2268 set
311 2222 337 2269 et
353 2215 452 2286 ubique
470 2217 551 2269 adest
577 2215 768 2285 quaerentibus
785 2231 822 2268 se.
855 2215 926 2268 Pro-
955 2212 1042 2280 infert
1061 2214 1145 2280 enim,
1164 2223 1191 2268 et
1208 2233 1263 2269 non
1282 2224 1343 2270 crat
1360 2218 1410 2287 qui
1424 2219 1576 2287 reinciperet
1594 2220 1675 2272 etad*
1705 2217 1791 2291 Chry-

89 2309 191 2373 pterea
220 2318 339 2372 nomm
367 2303 519 2356 mandatur
547 2302 576 2354 in
604 2301 677 2369 leqe,
708 2308 737 2354 ut
765 2301 927 2354 meditemur
955 2306 1063 2355 seston.
1086 2299 1179 2356 homil.
1203 2307 1243 2357 29.
1266 2301 1295 2356 in
1321 2319 1343 2358 o.
1366 2309 1391 2360 9.
1408 2301 1508 2359 Genus.
1534 2305 1633 2359 Etiam
1651 2306 1730 2359 domi
1746 2306 1790 2359 di·

93 2405 172 2456 eam,
196 2405 257 2441 cum
283 2388 353 2441 imese
372 2387 402 2440 in
425 2388 473 2441 via
491 2396 516 2442 ct
533 2406 594 2441 essm
611 2389 735 2441 sedemus
754 2387 784 2440 in
803 2389 884 2441 donno
903 2395 927 2439 ct
954 2387 1020 2439 vina
1047 2387 1134 2439 biblia
1161 2388 1191 2440 in
1218 2405 1317 2441 manus
1340 2389 1443 2444 unire.
1471 2388 1565 2446 homil.
1589 2395 1613 2446 2.
1638 2390 1667 2444 in
1691 2391 1789 2446 Mstth.

94 2493 156 2530 oum
168 2471 299 2543 jacemus
316 2473 347 2526 in
364 2473 450 2527 cubili
466 2481 491 2527 et
508 2492 568 2526 cum
586 2473 765 2544 excerpimus,
786 2481 810 2526 et
828 2473 878 2526 boc
887 2480 926 2527 est
957 2473 1018 2526 Hoc
1036 2473 1112 2527 illud
1129 2481 1176 2541 est,
1195 2476 1272 2544 quod
1288 2474 1382 2528 omnia
1399 2494 1457 2528 una
1474 2476 1559 2545 quasi
1571 2485 1649 2546 peste
1667 2496 1789 2531 omnism-

92 2576 158 2616 rero
181 2577 253 2630 prae
273 2560 385 2626 foribus
411 2568 570 2629 suspectare
589 2560 750 2630 pontificem
774 2567 926 2613 morantem
954 2543 1008 2627 pii,
1033 2561 1109 2629 quod
1131 2559 1274 2614 lectionem
1295 2560 1506 2631 Scripturarum
1524 2562 1631 2630 putatis
1655 2564 1697 2616 ad
1713 2563 1789 2616 solos

92 2648 171 2702 intra
193 2653 471 2701 sanctasanctorum
494 2655 518 2700 et
541 2647 620 2716 effici
637 2648 667 2700 in
686 2654 785 2700 sortem
802 2647 926 2701 Domini.
956 2644 1104 2698 monachos
1118 2645 1268 2713 pertinere.
1290 2645 1384 2701 homil.
1405 2652 1443 2702 10.
1462 2645 1489 2701 in
1508 2646 1572 2704 Joh.
1610 2648 1685 2712 Quid
1702 2649 1790 2718 iqitur

92 2732 197 2791 Homil.
226 2737 249 2788 2.
277 2731 306 2786 in
331 2732 442 2787 Essiam
470 2739 534 2805 post
558 2733 630 2789 med.
658 2752 686 2804 p.
716 2739 778 2789 556:
817 2734 926 2788 Utinam
955 2751 975 2785 a
990 2732 1067 2785 vobis
1085 2734 1294 2787 contendimus!
1321 2742 1351 2787 ut
1368 2752 1426 2787 una
1443 2734 1553 2788 dierum
1570 2735 1601 2788 in
1617 2735 1789 2790 hebdomade

93 2838 188 2876 omnes
200 2821 362 2886 formemus
379 2820 469 2887 illud,
489 2822 566 2890 quod
581 2819 713 2889 scriptun
730 2827 785 2873 est:
814 2818 927 2874 Semita-
955 2817 998 2870 vel
1022 2818 1120 2872 saltem
1146 2820 1262 2873 sabbato
1286 2837 1370 2874 curae
1392 2820 1429 2873 sit
1451 2820 1528 2874 uobis
1552 2822 1728 2889 euanqelicas
1751 2821 1789 2877 lc·

92 2909 165 2962 mini
183 2906 356 2976 Scripturas.
392 2905 605 2960 “Athanasius
629 2912 694 2962 tom.
718 2910 742 2962 2.
768 2905 835 2961 edit.
849 2904 927 2961 Com·
953 2920 1018 2970 pere
1044 2903 1187 2972 lectiones,
1214 2922 1262 2958 eas
1285 2913 1349 2959 ante
1372 2905 1423 2959 bas
1447 2908 1593 2960 conciones
1615 2907 1644 2960 in
1662 2906 1790 2960 manibus

92 2993 156 3049 mel.
185 2992 205 3047 f.
235 2998 297 3049 248:
330 2994 476 3047 Romanas
507 2992 579 3062 leqes
607 2993 667 3045 sine
692 2992 821 3063 periculo
850 3010 931 3061 nemo,
954 2989 1062 3053 labere,
1086 2991 1164 3044 domi
1185 2993 1346 3060 frequenter
1372 3000 1508 3061 repetere,
1527 3009 1623 3045 earum
1640 2992 1790 3059 diliqenter

93 3079 273 3150 iquorauerit.
312 3079 386 3142 Quas
410 3096 476 3148 erqo
498 3087 607 3149 parant
633 3079 768 3147 insidias,
794 3079 844 3149 qui
870 3098 928 3132 ma·
953 3092 1061 3128 sensum
1079 3077 1234 3145 inquirere,
1259 3078 1329 3146 quid
1347 3078 1469 3147 clarum,
1495 3080 1566 3148 quid
1583 3078 1727 3131 abscisorem
1744 3078 1789 3147 sit,

91 3185 210 3237 qnorum
243 3166 367 3220 coelestis
389 3167 463 3235 reqis
487 3167 666 3220 oraculorum
689 3184 757 3219 encra
783 3166 927 3235 studioque
954 3161 984 3214 in
1009 3162 1052 3214 bic
1077 3172 1213 3217 annotare
1237 3163 1336 3218 velitis.
1360 3162 1479 3234 praefat.
1499 3163 1577 3234 epist
1594 3163 1631 3216 sd
1649 3162 1726 3219 Rern.
1746 3162 1789 3218 iu·

92 3254 190 3309 nolunt
216 3254 415 3307 interdictum!
451 3253 572 3306 Animae
599 3253 675 3305 cibem
702 3260 742 3304 est
771 3251 927 3322 Scriptura.
952 3248 1056 3302 triber
1069 3247 1102 3302 τὰ
1119 3255 1207 3322 μυρία
1226 3247 1295 3303 κακὰ
1314 3247 1369 3304 ἀπὸ
1387 3252 1432 3317 τῆς
1450 3252 1505 3303 τῶν
1523 3251 1643 3322 γραφῶν
1663 3250 1786 3320 ἀγνοίας,

94 3340 201 3396 Desine
221 3357 295 3407 erqo,
315 3357 330 3391 a
351 3339 439 3400 bomo,
463 3339 540 3400 farne
561 3339 699 3392 internum
725 3339 859 3391 bominem
882 3355 927 3390 ac·
953 3336 1017 3388 binc
1041 3337 1128 3389 nsislta
1149 3337 1299 3390 haerescon
1326 3336 1384 3389 lues
1404 3337 1573 3406 pullulavit,
1600 3337 1664 3390 binc
1682 3338 1741 3391 cita
1759 3338 1788 3391 in

91 3444 158 3481 care
185 3427 334 3494 diramque
357 3443 412 3477 non
438 3426 523 3494 panis
548 3432 573 3476 et
588 3442 694 3494 aquae,
722 3427 772 3477 scd
790 3424 929 3478 audiendi
955 3421 1048 3473 multis
1079 3422 1216 3488 neplscta,
1247 3423 1311 3474 binc
1343 3423 1455 3477 inutiles
1488 3441 1522 3477 aa
1552 3423 1630 3476 lucro
1663 3433 1790 3478 carentes

92 3515 204 3567 uerbum
223 3512 338 3569 Domini
349 3514 460 3578 samem
480 3511 627 3565 attrahere.
653 3510 689 3565 Et
709 3516 818 3587 postes:
842 3513 926 3565 Reue—
955 3507 1073 3563 labores.
1117 3509 1194 3560 Nam
1225 3510 1458 3578 prensadmodum
1489 3509 1539 3578 qui
1566 3509 1680 3563 luminu
1707 3510 1789 3581 brq'us

93 3617 154 3654 rere
181 3599 331 3652 eunuchum
350 3598 430 3650 illum
448 3598 583 3650 sarrianis
603 3606 773 3666 amatorem,
790 3597 926 3651 universis
955 3611 1041 3645 emuna
1058 3593 1112 3646 sint
1125 3592 1243 3663 priuati,
1261 3611 1438 3663 nequaquam
1451 3602 1527 3647 recta
1540 3595 1653 3663 inqrcdi
1663 3605 1788 3666 possunt,

91 3688 214 3755 reqimen
236 3685 333 3753 opibus
356 3684 562 3753 praepositum,
589 3684 639 3752 qui
655 3701 689 3736 ne
706 3684 735 3736 in
754 3683 850 3736 itincre
869 3684 926 3752 qui·
954 3680 994 3732 ita
1018 3681 1068 3749 qui
1090 3682 1131 3734 ad
1154 3680 1314 3734 divinarum
1334 3681 1547 3751 Scripturarum
1572 3683 1671 3734 radios
1694 3683 1789 3737 ocellos

92 3775 155 3828 dem
177 3772 319 3826 lectionem
343 3771 468 3837 neqlcait.
506 3771 593 3839 Cujus
610 3770 786 3839 propositum
803 3787 925 3839 compro·
954 3785 1008 3820 uon
1034 3766 1196 3835 intendunt,
1222 3766 1378 3820 necessario
1404 3767 1433 3820 in
1456 3769 1546 3821 multa
1562 3769 1729 3838 frequenter
1747 3787 1788 3823 er·

93 3862 161 3915 bans
197 3858 338 3912 Dominus
374 3858 469 3910 statim
501 3856 548 3909 illi
582 3858 721 3910 doctorem
753 3856 842 3923 misit,
879 3857 928 3925 qui
953 3862 1018 3906 ram
1044 3854 1202 3916 incurrunt,
1225 3853 1347 3924 perinde
1370 3872 1404 3907 ac
1422 3854 1449 3906 si
1468 3854 1497 3907 in
1515 3855 1633 3907 tenebris
1647 3856 1789 3925 periendo·

92 3946 205 4001 leoboni
242 3943 424 4011 capnitioncm
466 3943 581 3996 addidit
616 3950 641 3996 ct
678 3960 734 4013 per
765 3941 927 4013 Scripturas
952 3941 1070 3994 sissinu‘s
1094 3940 1277 3994 ambularent.
1313 3938 1413 3993 Hamil
1433 3946 1455 3996 9.
1480 3938 1508 3993 in
1530 3940 1608 4010 epist
1629 3941 1664 3993 sd
1684 3939 1787 3996 Coloss.

92 4032 174 4086 illum
193 4031 340 4086 Salinatori
364 4031 489 4085 adducit.
525 4030 681 4098 Propterea
709 4029 811 4099 etipse
826 4030 926 4098 jussit:
955 4029 1069 4097 Audite,
1096 4028 1221 4096 obsecro,
1245 4027 1386 4080 seculares
1404 4044 1510 4094 oosrses,
1536 4036 1695 4095 comparate
1712 4029 1789 4081 uobis

93 4117 268 4174 Sumuntur·
293 4115 502 4186 Scripturas.ilii
537 4114 659 4169 Basilius
683 4114 712 4168 in
730 4115 776 4169 Ps.
797 4120 823 4170 1:
853 4115 928 4169 Seri·
954 4116 1039 4168 biblia
1063 4114 1173 4167 animae
1185 4115 1358 4183 pharmaca,
1387 4114 1414 4165 si
1434 4113 1507 4167 nihil
1531 4113 1614 4165 aliud
1631 4114 1726 4179 vultis,
1744 4113 1788 4165 vol

86 4215 176 4276 ptura
198 4212 237 4258 est
258 4203 409 4257 communis
428 4201 537 4255 medica
557 4202 713 4255 animarum
732 4201 850 4269 officina
856 4222 868 4271 ,·
898 4202 926 4256 in
955 4203 991 4256 N.
1013 4203 1043 4257 T.
1063 4200 1198 4270 acquirite
1217 4199 1407 4268 apostolorum
1427 4207 1507 4269 acta,
1534 4199 1687 4266 euanqclia.
1715 4198 1786 4252 lbid.

91 4288 301 4364 quaestiouibus
324 4287 487 4358 compendio
511 4287 655 4358 explicatis
675 4306 702 4360 q.
719 4293 766 4344 95:
793 4289 925 4341 Necessa-
954 4289 1067 4349 Audite,
1086 4287 1241 4357 quicunque
1258 4286 1323 4338 estis
1342 4286 1492 4353 mundani,
1511 4293 1536 4338 et
1554 4285 1638 4337 acori
1650 4285 1789 4353 praeestis

91 4377 166 4430 rium
188 4383 228 4431 est
254 4385 279 4430 et
303 4393 464 4437 consonum,
495 4381 525 4427 ut
548 4391 580 4426 as
603 4391 688 4427 sacra
712 4373 828 4443 quisque
851 4373 926 4428 Sori-
955 4384 979 4429 et
1002 4375 1111 4442 liberis,
1139 4374 1277 4443 quomodo
1294 4372 1372 4425 robis
1390 4388 1496 4442 qisoqice
1515 4372 1628 4424 mandet
1645 4369 1788 4439 apostolus

89 4469 176 4534 pusca
212 4462 317 4530 duca,
352 4461 430 4530 quod
455 4476 563 4513 necem
591 4467 630 4512 cst
658 4478 718 4513 ains
747 4460 788 4512 ad
809 4459 927 4529 pietatis
955 4463 1045 4530 leqere
1073 4460 1238 4529 Scripturas
1267 4466 1292 4512 et
1318 4477 1372 4512 nan
1400 4458 1496 4522 leviter
1522 4474 1571 4510 nec
1596 4464 1708 4526 temere,
1739 4458 1791 4511 sed

86 4548 421 4621 pinophan-tammam
434 4545 927 4600 assumcattraditionibusbumanis.
953 4564 1054 4616 maqno
1078 4546 1171 4599 studio
1198 4562 1233 4599 ac
1260 4544 1417 4613 diliqentia.
1454 4541 1663 4598 Hominemne
1679 4542 1788 4599 tertium

90 4634 279 4708 Hieronymum
304 4639 379 4690 totus
403 4630 491 4687 estin
510 4631 685 4688 exhortandis
704 4631 928 4703 quamplurimis
954 4634 1017 4691 Joh.
1051 4633 1234 4702 Perspicuum
1268 4639 1324 4695 est,
1353 4630 1500 4700 spirituali
1523 4629 1638 4683 lectione
1666 4631 1790 4683 animam

90 4716 308 4797 rirgInibus‘se
330 4718 422 4774 viduis
445 4719 482 4774 ed
511 4718 700 4789 quotidianam
724 4719 927 4790 Scriptursrum
953 4719 1127 4790 sanctificari
1152 4726 1177 4772 et
1199 4718 1323 4785 qratiam
1345 4716 1470 4788 Spiritus
1497 4733 1519 4769 s.
1544 4716 1654 4786 affatim
1676 4715 1789 4786 effundi.

44 4807 255 4874 sstscuonsn,
272 4812 305 4862 ut
322 4811 482 4863 constater
503 4806 563 4876 ejus
582 4805 703 4877 epistolis
721 4806 758 4860 sd
776 4805 928 4861 Demetriu-
954 4807 1057 4863 Hamil.
1069 4812 1094 4863 3.
1108 4805 1143 4860 de
1156 4804 1277 4859 Lazaro:
1298 4803 1409 4872 Maqna
1427 4805 1563 4857 adonem
1570 4810 1716 4872 peccatum
1730 4821 1788 4855 mu·

92 4897 168 4967 dem,
183 4895 315 4963 heum,
334 4892 482 4958 Salvinsm,
501 4893 623 4959 Furiam,
641 4891 812 4961 Geruntism,
834 4890 929 4947 Celan-
955 4894 1025 4948 nitio
1042 4900 1082 4946 est
1094 4891 1176 4946 lectio
1191 4888 1408 4960 Scripturarum.
1429 4887 1568 4957 Maqnum
1580 4896 1605 4941 et
1611 4889 1789 4958 profundum

92 4983 178 5052 um,
200 4979 383 5036 Eustochium
406 4980 441 5036 de
458 4978 632 5034 institutione
654 4977 727 5033 filise
751 4977 788 5033 sd
814 4977 928 5034 Laetam
956 4978 1116 5032 barathrum
1136 4976 1346 5046 Scripturarum
1361 4974 1509 5042 iqnoratio,
1528 4973 1596 5028 baec
1609 4990 1653 5027 res
1665 4973 1792 5029 haereses

93 5075 147 5126 su.
172 5066 241 5141 quin
266 5073 295 5123 et
319 5066 525 5123 lucubrationes
554 5065 671 5137 aliquot,
697 5065 797 5137 quibus
820 5074 931 5122 enarret
953 5065 1070 5136 peperit,
1082 5081 1114 5116 ea
1124 5063 1209 5116 uitam
1217 5060 1651 5130 corruptaminvenit,easureum
1660 5061 1790 5115 deorsum

92 5155 242 5228 plerosque
267 5153 352 5209 libros
379 5171 486 5219 meros,
512 5152 619 5207 Peulse
641 5151 791 5208 Eustochio
807 5170 840 5208 se
857 5152 929 5208 bler-
956 5151 1064 5207 micuit
1074 5149 1176 5203 omnia.
1194 5148 1292 5217 Neque
1304 5163 1375 5198 nunc
1384 5145 1734 5221 peripatestntquisqsmm
1744 5165 1790 5202 sa-

91 5240 181 5297 eellse
206 5238 332 5310 dedicat,
356 5241 436 5312 cujus
458 5239 527 5295 iscti
544 5238 678 5294 rationem
696 5238 789 5294 reddit
806 5239 835 5293 in
852 5256 930 5310 prse-
956 5240 1039 5293 tutem
1056 5243 1236 5307 assequatur,
1256 5232 1314 5286 uisi
1327 5236 1465 5303 perpetuo
1483 5239 1606 5284 eusdem
1627 5232 1655 5282 in
1673 5232 1790 5306 lectione

92 5326 145 5385 tm
175 5325 436 5384 eommmtsriorum
462 5325 499 5382 ed
517 5323 692 5396 Sophonism.
723 5323 786 5379 Lib.
816 5330 837 5380 1.
868 5326 929 5380 sdv.
956 5323 1108 5396 spirituali.
1135 5319 1207 5377 Ibid.
1227 5318 1342 5390 Semper
1359 5317 1457 5372 hortor
1474 5323 1500 5389 p
1520 5317 1632 5370 hortari
1648 5336 1704 5372 non
1718 5319 1791 5374 desi·

90 5413 186 5471 men
217 5432 245 5485 p·
270 5418 294 5470 9.
331 5412 429 5469 scribit
461 5410 644 5482 Pamphilum
676 5418 826 5478 martyrem
855 5410 931 5465 Scri·
956 5431 1031 5479 nam,
1048 5416 1079 5464 ut
1097 5425 1151 5462 non
1168 5407 1213 5460 bie
1226 5402 1550 5467 ununnmndatuiu,
1567 5405 1792 5475 praedicuntur,

87 5509 194 5575 pum
216 5501 350 5571 Mennim
372 5500 529 5558 trodids'ssc
556 5515 611 5554 non
641 5503 747 5553 mnium
773 5496 855 5564 uiris,
881 5499 933 5552 sed
959 5515 1050 5552 oerum
1073 5495 1156 5554 aian
1176 5512 1238 5549 mim
1256 5491 1335 5549 domi
1343 5488 1477 5565 fueritis,
1501 5488 1615 5549 ariane
1632 5491 1793 5547 diuinarum

1440 5598 1451 5627 Ι
