3984 6022
185 287 248 349 274
859 279 981 341 Locus
1000 278 1199 341 SECUNDUS

185 437 268 505 cuine
294 451 372 490 omne
394 452 479 504 nenas
500 433 640 488 hominnm
663 435 791 489 inhiare
813 453 897 506 caper
914 436 1022 490 unirer·
1044 439 1140 491 sancte
1156 433 1267 491 vivendi
1286 439 1314 490 et
1331 441 1412 506 grata
1423 434 1483 491 Dec
1501 435 1636 508 obsequia
1651 435 1815 507 praestandi
1829 452 1887 491 non

186 524 367 584 consociem
386 530 486 591 terrae,
504 522 639 585 definiens
656 530 763 577 statuta
780 530 906 593 tempora
924 530 951 577 et
968 530 1020 576 ter·
1045 526 1197 591 potuerunt
1213 521 1331 592 gentiles
1351 538 1385 576 ex
1409 522 1629 579 consideratione
1657 522 1815 578 divinornm
1839 521 1886 577 bc·

186 610 276 662 minoe
298 608 477 662 habitationis
503 623 596 662 eonem
621 612 709 675 ζητεῖν
732 606 780 664 τὸν
806 608 902 681 κύριον
929 608 1021 664 subin-
1045 606 1207 663 nunciorum
1231 607 1403 680 generalium
1428 608 1543 666 inune.
1569 608 1655 681 Ergo.
1677 609 1794 681 Maj0ris
1816 607 1885 665 vmi-

185 694 281 766 tellige
298 693 386 761 ἕνεκα,
403 700 434 746 ut
447 701 610 763 quaenunt
622 696 722 764 Deum,
742 695 770 748 si
786 697 864 761 forte
880 713 941 749 eum
959 713 1021 750 con-
1045 700 1089 748 tas
1107 693 1198 749 elucet
1214 710 1247 749 ex
1266 693 1434 750 connexione
1455 701 1547 751 textus
1564 695 1720 766 apostolici.
1749 694 1886 750 Minorem

186 789 333 835 trectcrent
352 788 377 834 et
396 781 562 850 invenirent,
587 780 637 835 nbi
652 779 737 836 linem
759 788 787 837 et
810 799 891 836 nsum
914 798 1021 838 conser-
1045 777 1209 833 confirmant
1226 778 1302 834 dicta
1326 779 1480 852 apostolica
1508 779 1587 836 Rom.
1612 786 1656 842 li.
1681 799 1707 835 v.
1725 785 1774 837 2³:
1805 779 1885 844 Quic-

184 866 301 923 vationis
324 867 433 939 generis
457 866 570 922 humani
595 873 623 922 et
646 867 819 937 politiarum,
844 867 1021 940 periodorum
1048 864 1118 934 qaid
1134 883 1191 918 non
1209 871 1248 918 est
1267 865 1383 932 enfide,
1404 874 1551 935 peccatum
1569 874 1616 920 ert.
1647 864 1736 922 Hebr.
1756 872 1799 936 ll,
1815 885 1841 922 v.
1858 870 1886 923 t:

186 954 214 1008 in
232 953 363 1028 imperiis,
380 953 617 1009 determinationis
634 953 839 1010 habitationum
857 961 885 1009 et
902 953 1021 1024 reliquo·
1048 950 1115 1005 Sine
1127 952 1190 1020 fids
1210 951 1380 1021 impcsribile
1401 960 1441 1006 est
1456 954 1572 1023 placere
1590 955 1662 1008 Deo.
1693 954 1823 1025 Itemque
1842 967 1887 1008 ex·

184 1058 246 1095 rum
270 1039 380 1097 divinae
405 1041 571 1113 sapientiae,
597 1040 729 1097 bonitatis
752 1048 780 1095 et
798 1027 938 1112 potentiae
957 1054 1021 1110 ope·
1046 1035 1152 1091 clusiva
1178 1035 1279 1092 Christi
1306 1037 1440 1103 toh.14‚
1465 1057 1491 1093 v.
1510 1045 1538 1096 6:
1562 1041 1651 1094 Nemo
1674 1041 1813 1095 cenitari
1829 1041 1886 1094 Ps-

184 1145 245 1181 rum
263 1126 403 1198 apostolus
421 1127 565 1189 constituit
588 1144 666 1196 eum,
693 1132 725 1180 ut
745 1126 943 1182 beneficiorum
960 1124 1021 1179 illo·
1047 1132 1127 1191 trcm,
1157 1124 1214 1177 nisi
1227 1142 1283 1194 per
1299 1142 1349 1179 me.
1377 1124 1443 1181 Jam
1460 1142 1524 1181 vero
1547 1124 1618 1182 tides
1636 1126 1666 1181 in
1684 1125 1826 1182 Christum
1844 1125 1886 1181 di·

184 1232 246 1269 rum
262 1213 481 1269 consideratione
499 1214 648 1269 excitemur
665 1214 702 1268 sd
715 1213 808 1268 Deum
823 1212 1021 1286 quaerendum.
1047 1209 1151 1265 scenda
1168 1216 1211 1265 est
1228 1227 1262 1266 ex
1285 1211 1442 1283 evangelio,
1469 1210 1544 1284 quod
1567 1229 1623 1268 non
1645 1218 1688 1268 est
1710 1218 1814 1268 natura
1838 1230 1886 1269 no

185 1301 227 1356 Ex
246 1317 301 1372 quo
323 1300 362 1354 sic
381 1300 585 1355 concludimus:
610 1300 691 1366 Quod
708 1301 744 1355 ad
762 1298 820 1356 veri
837 1300 892 1356 Dei
910 1298 1022 1354 investi·
1047 1300 1118 1365 tum,
1136 1295 1187 1350 sed
1207 1301 1250 1351 est
1266 1300 1425 1365 mysterium
1444 1298 1565 1351 oannis
1582 1299 1752 1369 temporibus
1770 1300 1886 1353 tuciann

185 1386 327 1459 gationem
352 1404 403 1441 nos
430 1387 556 1456 deducit,
584 1385 654 1442 illud
682 1394 724 1442 est
745 1387 868 1441 medium
890 1388 936 1456 τῆς
959 1393 1021 1440 trc—
1046 1381 1126 1438 Rom.
1153 1387 1196 1451 16,
1221 1400 1247 1439 ι.
1272 1388 1313 1438 tt.
1346 1388 1370 1438 ³.
1397 1381 1471 1438 Illud
1497 1400 1547 1454 per
1572 1386 1601 1438 ri
1629 1402 1763 1455 pannem
1792 1387 1885 1439 Dessrs

14 1516 18 1522 ,
186 1479 314 1544 γνωσίας.
346 1470 401 1528 Sed
419 1488 505 1544 opera
522 1478 551 1528 et
568 1472 703 1529 beneficia
713 1473 767 1529 Dei
779 1474 808 1528 in
821 1471 1022 1546 gubernatione
1047 1466 1222 1539 intelligitur,
1241 1467 1315 1539 quod
1334 1468 1431 1541 quovis
1451 1475 1575 1541 tempore
1594 1469 1717 1527 homines
1735 1488 1770 1526 ex
1786 1470 1885 1527 mediis

85 1566 125 1609 ux
138 1566 171 1609 st.
186 1559 282 1616 mundi
295 1559 436 1615 deducunt
447 1560 498 1614 nos
512 1559 549 1615 ad
560 1560 648 1630 ipsius
663 1559 913 1634 investigationem.
936 1559 1021 1630 Ergo.
1046 1554 1082 1609 ab
1109 1553 1234 1625 apostolo
1260 1555 1409 1626 propositis
1438 1563 1533 1626 petere
1559 1564 1684 1627 possunt.
1715 1557 1774 1614 Sed
1792 1566 1886 1615 smcts

187 1651 211 1704 3.
236 1646 346 1701 ibidem
369 1645 510 1718 apostolus
537 1645 606 1701 dicit
626 1649 719 1701 Deum
743 1666 800 1701 non
823 1647 904 1715 longe
927 1648 1022 1700 cicere
1046 1639 1150 1708 vivere,
1173 1647 1205 1695 ut
1221 1639 1299 1695 Deus
1316 1642 1469 1712 praecepit,
1491 1658 1546 1697 non
1564 1650 1681 1714 possunt
1697 1645 1796 1717 quovis
1815 1652 1883 1700 tem-

186 1734 221 1787 ni
238 1750 401 1803 unoquisque
420 1741 557 1802 nostrum,
582 1750 643 1786 cunr
665 1734 697 1788 in
719 1734 781 1804 ipso
804 1735 941 1801 vivamus,
963 1750 1021 1786 rno-
1046 1743 1113 1796 pore
1132 1726 1256 1791 homines
1275 1744 1307 1782 cx
1330 1726 1385 1782 illis
1409 1728 1508 1783 mediis
1534 1736 1642 1800 petere,
1668 1731 1735 1802 quis
1749 1729 1780 1785 in
1799 1731 1834 1789 V.
1850 1731 1884 1789 Τ.

185 1837 303 1874 reamur.
322 1826 348 1873 et
366 1820 466 1887 simne,
492 1820 567 1875 unde
591 1819 692 1892 aliquis
714 1819 860 1893 gentilium
876 1821 1022 1891 poitsrum
1046 1812 1168 1868 nondum
1183 1813 1261 1869 fuere
1278 1831 1373 1869 omnes
1392 1821 1490 1885 gentes
1502 1832 1553 1888 per
1563 1816 1799 1888 praedicationem
1809 1817 1886 1874 verbi

187 1905 316 1972 (Aratum
341 1912 410 1977 puta
431 1905 460 1960 in
479 1904 691 1974 Phaenomenis)
712 1906 812 1962 dixerit
833 1925 886 1961 nor
904 1922 961 1960 erre
978 1907 1021 1976 tp·
1047 1899 1083 1954 cd
1105 1899 1239 1955 ccclesiae
1256 1898 1424 1955 consortium
1443 1900 1593 1958 solenniter
1615 1910 1745 1975 romae,
1771 1903 1820 1960 sed
1838 1920 1884 1960 ne

186 1993 245 2046 eiua
262 1992 322 2045 Dei
339 2009 433 2060 genus.
464 1990 493 2048 si
519 1992 664 2064 gentilium
683 1995 783 2063 petitae
801 2010 834 2049 ex
852 1993 957 2048 lumine
974 2009 1021 2048 na·
1047 1985 1197 2041 cessarium
1219 1985 1287 2056 fuit,
1312 1995 1344 2043 ut
1362 1982 1533 2043 Imit'fiiicae
1554 1988 1689 2046 eculoeiae
1707 2007 1770 2048 tete
1786 1990 1885 2062 adjun-

186 2084 266 2133 turae
289 2094 439 2150 agnoscere
463 2085 613 2151 potueruut
641 2096 691 2134 nos
716 2096 777 2135 esse
805 2080 860 2136 Dei
883 2097 972 2152 genus
994 2085 1023 2134 et
1047 2083 1158 2145 gerent,
1180 2075 1229 2147 qui
1248 2092 1373 2131 normam
1392 2084 1488 2132 sancte
1507 2077 1620 2133 vivendi
1640 2085 1667 2134 et
1683 2094 1782 2134 rernm
1800 2077 1887 2135 dirisi

186 2164 216 2218 in
233 2167 297 2218 Deo
315 2167 418 2233 visere,
439 2166 545 2220 moveri
560 2184 594 2220 cc
610 2182 679 2236 esre,
698 2167 794 2238 utique
812 2167 894 2221 datur
910 2172 1022 2222 natura·
1046 2162 1138 2217 uultus
1155 2163 1267 2218 modum
1287 2163 1393 2220 discere
1413 2164 1568 2221 voluerunt.
1596 2163 1680 2237 Ergo.
1706 2164 1823 2237 Regerit
1839 2165 1885 2224 sc

185 2248 220 2305 lis
241 2251 377 2322 quaedam
396 2250 450 2306 Dei
470 2251 576 2308 notitia
606 2250 661 2307 Sed
679 2251 758 2310 illud.
786 2252 862 2324 Ergo
880 2260 909 2308 et
927 2252 987 2308 hoc.
1047 2246 1126 2303 cinus
1161 2250 1191 2302 in
1219 2250 1344 2304 omnine
1368 2249 1524 2305 bominibus
1553 2251 1725 2327 nmmiiter
1750 2268 1810 2307 cese
1833 2251 1886 2307 cii·

222 2344 264 2395 il.
291 2337 403 2409 Excipit
422 2336 537 2394 Socinm
560 2338 591 2394 in
613 2340 743 2411 praelect.
769 2359 796 2413 p.
821 2345 851 2396 a:
882 2339 1022 2404 Quaerere
1048 2336 1253 2405 nonjustae
1272 2337 1373 2406 injucti
1390 2338 1552 2407 ducamen,
1582 2345 1631 2393 cut
1653 2346 1729 2392 certe
1749 2339 1783 2394 ia
1800 2338 1885 2395 onni-

185 2425 342 2478 Dominam
359 2424 432 2478 attii
453 2425 537 2479 aliud
559 2442 626 2494 esee,
649 2444 733 2496 quam
754 2434 848 2481 sancte
870 2428 974 2495 vivere,
992 2435 1023 2481 ui
1047 2422 1097 2476 brec
1109 2422 1160 2476 doc
1171 2422 1253 2476 sitam
1266 2431 1323 2491 est,
1344 2431 1375 2478 nt
1390 2433 1558 2493 cognoscunt
1576 2432 1602 2479 et
1616 2427 1766 2491 fateamur
1777 2426 1885 2495 jartam

185 2511 246 2581 r’pse
264 2512 421 2582 praecepit,
450 2529 511 2566 eum
529 2519 621 2566 cutem
638 2513 762 2568 invenire
786 2521 827 2567 est
848 2514 904 2568 sihi
924 2514 1021 2583 propi·
1047 2509 1153 2577 injusto
1171 2511 1305 2579 anteponi
1320 2511 1432 2580 debere,
1453 2511 1595 2566 boantum
1613 2513 1705 2582 turpi,
1724 2513 1778 2567 boc
1795 2521 1884 2568 anun

184 2598 253 2651 tium
265 2598 394 2668 esperira
415 2597 527 2667 Psal.9,
544 2616 570 2656 v.
587 2603 627 2654 tt.
644 2598 774 2669 Pseiit,
792 2606 858 2657 nt.
876 2599 1022 2666 Psalmi,
1047 2596 1119 2649 citit
1141 2596 1225 2651 alind
1250 2614 1307 2651 esse
1330 2615 1415 2667 quan
1432 2599 1493 2652 Dei
1515 2599 1626 2652 verbam
1649 2600 1797 2669 meddam
1816 2601 1884 2654 iste

183 2700 210 2738 v.
229 2688 253 2740 3.
277 2683 342 2737 Esa.
361 2689 402 2751 55,
421 2700 447 2740 ι.
467 2690 496 2739 6:
514 2686 652 2757 ψηλαφῶν
668 2703 723 2740 non
742 2703 800 2740 aas
814 2687 952 2757 palpare,
970 2688 1023 2741 sed
1046 2683 1119 2751 rina,
1137 2684 1184 2736 cai
1202 2684 1251 2754 qui
1271 2685 1375 2753 obedit,
1393 2684 1450 2753 ipsi
1470 2685 1534 2738 Deo
1552 2684 1658 2752 obedi,
1686 2685 1800 2741 σιίαιιιιί
1814 2686 1884 2741 ulio·

186 2776 366 2823 contrectnrc.
399 2767 637 2834 1.J0h.1‚v.1.
664 2772 753 2825 Pauli
770 2773 858 2842 igitur
873 2773 946 2827 hunc
964 2790 1023 2827 esse
1047 2770 1097 2839 cui
1117 2770 1208 2838 sperem
1225 2772 1319 2824 Deam
1343 2789 1399 2825 non
1425 2787 1484 2824 erre
1507 2772 1618 2841 quidem
1645 2779 1696 2825 cat
1722 2774 1809 2842 reiut,
1836 2780 1883 2827 urst

185 2856 363 2926 sententium,
384 2856 445 2909 Dei
461 2856 605 2909 consiliam
616 2857 720 2927 sciere,
740 2865 770 2911 ut
788 2858 911 2913 nominer
927 2868 1022 2914 cuncte
1047 2857 1159 2926 cogitet,
1186 2873 1237 2911 nec
1262 2857 1376 2911 dubiam
1393 2864 1434 2911 en
1461 2857 1521 2926 iili,
1546 2857 1597 2926 qai
1618 2856 1671 2910 buc
1688 2860 1801 2913 ratione
1820 2861 1882 2914 Dea

184 2944 334 2996 secandum
352 2942 443 3013 ipsius
460 2943 628 2997 volantatem
651 2944 770 2999 viserent
797 2954 879 3016 atque
900 2947 941 2999 ito
960 2963 1021 2999 eum
1042 2945 1187 3012 paruerit,
1213 2944 1305 3012 iprum
1330 2950 1442 3012 pratum
1454 2944 1594 3011 satarum.
1628 2942 1685 2999 Sed
1704 2943 1758 2999 hac
1778 2946 1882 3002 raucus

184 3029 240 3082 eibi
251 3029 410 3098 propitium
423 3029 622 3099 experirentur,
629 3038 781 3101 propterea
795 3033 935 3102 sepum:
955 3034 1022 3087 Non
1048 3028 1163 3084 Socinus
1186 3028 1240 3084 sibi
1264 3028 1437 3084 contradicit
1469 3028 1499 3086 Si
1517 3029 1590 3084 enim
1608 3028 1638 3084 in
1655 3031 1785 3088 omnibus
1801 3031 1883 3089 homi·

185 3116 266 3183 lcnpe
285 3117 361 3169 aben
379 3117 414 3170 ci
431 3132 595 3186 omqacqne
613 3125 749 3186 nostrum,
769 3135 824 3187 per
839 3118 931 3187 speum
949 3120 1022 3173 enim
1046 3115 1129 3171 nibus
1153 3116 1316 3172 naturaliter
1340 3124 1382 3172 est
1400 3115 1514 3189 aliquod
1536 3115 1606 3188 justi
1626 3122 1654 3172 et
1674 3117 1773 3188 injusti
1791 3119 1883 3177 daui-

183 3202 313 3270 cisimus,
341 3218 480 3255 moremur
504 3210 531 3256 ct
552 3219 658 3271 mmor,
684 3220 710 3274 q.
739 3203 765 3258 d.
794 3222 851 3258 non
875 3213 916 3258 est
942 3206 1021 3260 dnbi-
1048 3219 1123 3270 men,
1148 3202 1244 3273 utique
1269 3202 1352 3258 etiarn
1374 3202 1403 3257 in
1423 3202 1550 3257 omnibus
1567 3201 1725 3258 hominibus
1745 3211 1789 3261 est
1805 3212 1884 3263 nstr-

184 3290 314 3357 tandnm,
343 3289 411 3357 quin
432 3288 569 3344 iream
585 3289 737 3343 sinentibus
751 3300 868 3359 prcerto
885 3293 935 3362 eit,
961 3311 1021 3346 cum
1046 3289 1113 3343 ralis
1134 3289 1271 3360 quaedam
1288 3288 1342 3343 Dei
1359 3287 1471 3358 notitia,
1488 3288 1560 3343 ratio
1579 3294 1634 3357 cst,
1653 3288 1720 3361 quia
1737 3290 1884 3349 discrimen

185 3374 215 3427 in
232 3392 326 3428 omnes
345 3375 467 3429 homines
486 3376 618 3445 beneficio
637 3393 691 3430 run
710 3378 852 3447 conserat,
879 3379 930 3433 hoc
949 3381 1021 3435 enirn
1042 3374 1114 3444 justi
1132 3380 1217 3446 atque
1237 3374 1335 3445 injusti
1351 3391 1407 3429 non
1424 3372 1601 3446 cognoscitur
1616 3374 1671 3429 nisi
1693 3393 1727 3431 ex
1742 3393 1882 3450 compars-

183 3460 290 3530 ipram,
318 3463 394 3532 qaod
416 3469 442 3517 et
462 3463 579 3516 virimar
603 3470 628 3517 et
653 3480 792 3518 nocemur
809 3473 835 3519 et
851 3484 957 3535 mnne,
985 3467 1021 3520 ab
1045 3460 1120 3517 tione
1149 3462 1185 3516 ad
1210 3461 1301 3533 legem
1327 3460 1462 3532 cinnam,
1489 3477 1562 3534 quae
1584 3468 1627 3517 est
1643 3463 1731 3517 omnis
1756 3465 1882 3536 justitiae

185 3547 366 3601 ec-bcbcmae.
389 3546 471 3620 Resp.
493 3552 515 3606 l.
529 3548 712 3616 concedimus,
728 3549 758 3604 in
770 3550 936 3622 quibusdam
949 3553 1020 3609 Suri·
1045 3563 1142 3603 norma
1159 3564 1192 3604 ac
1215 3547 1321 3621 regula.
1351 3545 1381 3603 si
1403 3564 1469 3620 ergo
1489 3547 1519 3602 in
1541 3547 1699 3605 hominibus
1719 3551 1881 3609 naturalius

183 3639 282 3704 pturae
302 3634 370 3690 locis
388 3650 522 3703 occanere
534 3637 627 3690 Deum
645 3637 812 3706 eandemque
828 3639 952 3693 invenire
963 3658 1019 3696 mc·
1044 3641 1088 3689 est
1100 3635 1170 3704 justi
1194 3641 1222 3690 et
1244 3634 1341 3705 injusti
1368 3634 1530 3704 discrimen,
1556 3634 1653 3707 utique
1676 3635 1762 3692 etiam
1783 3638 1881 3695 notitia

184 3718 326 3791 taphorice
351 3720 441 3792 accipi
467 3721 503 3792 de
527 3737 594 3776 vera
616 3722 653 3777 sd
678 3721 769 3777 Deum
791 3726 968 3783 conversione
991 3734 1020 3783 et
1044 3720 1114 3794 legis
1139 3721 1250 3777 divinae
1273 3721 1341 3793 ipsis
1365 3721 1529 3776 naturaliter
1550 3721 1630 3776 inest
1658 3721 1725 3778 Jam
1750 3739 1817 3779 vero
1833 3724 1881 3781 nbi

184 3805 336 3876 peccatoris
353 3823 424 3862 cum
448 3823 480 3862 eo
504 3807 739 3877 reconciliatione,
765 3810 815 3865 sed
839 3810 869 3866 in
891 3813 1017 3868 omnibus
1044 3814 1087 3863 est
1108 3808 1208 3874 notitia
1230 3807 1301 3879 legis
1322 3806 1449 3878 divinae,
1477 3806 1517 3861 ibi
1535 3823 1645 3879 quoque
1669 3807 1770 3864 notitia
1787 3810 1926 3884 aliquam*

183 3891 239 3946 illis
259 3891 340 3946 dictis
360 3892 452 3965 agitur
477 3892 510 3947 de
527 3892 683 3948 hominibus
705 3894 735 3949 iu
753 3896 883 3967 ecclesia,
907 3899 956 3971 qni
973 3917 1018 3956 ve·
1043 3894 1098 3951 Dei
1114 3901 1249 3967 tanquam
1267 3894 1432 3966 legislatoris
1449 3911 1483 3949 ex
1501 3900 1602 3949 natura
1621 3894 1773 3951 relatorum
1791 3902 1823 3952 et
1836 3914 1879 3954 ne-

183 3995 244 4033 rum
268 3977 359 4032 Deum
388 3995 421 4033 ex
445 3977 529 4034 verbo
552 3985 737 4050 agnoverunt,
762 3981 872 4038 interim
896 3983 1017 4040 debitam
1044 3980 1163 4036 cessans
1187 3997 1288 4037 cauma
1314 3987 1344 4036 et
1369 3980 1485 4036 effectus
1513 3979 1689 4038 connexione
1725 3981 1782 4048 Qui
1806 3982 1879 4041 novit

182 4065 338 4136 praeceptis
362 4064 449 4134 ipsius
467 4064 650 4120 obedientiam
668 4083 725 4121 non
744 4067 950 4137 praestiterunt,
967 4073 1018 4127 sed
1042 4067 1134 4139 legem
1160 4067 1296 4137 divinam,
1324 4065 1349 4120 is
1366 4065 1444 4121 norit
1466 4083 1526 4121 esse
1544 4066 1651 4136 Deum,
1677 4067 1746 4140 qnia
1760 4068 1825 4141 ipse
1840 4074 1879 4125 cst

182 4151 218 4206 ab
239 4158 339 4222 cuper
356 4156 472 4222 peccata
490 4158 556 4206 sunt
578 4151 680 4221 aversi,
709 4153 783 4208 unde
807 4170 858 4225 per
878 4173 970 4212 veram
989 4164 1018 4214 et
1043 4153 1141 4208 unicus
1163 4154 1320 4227 legislator;
1347 4153 1426 4208 novit
1449 4152 1541 4207 Deum
1565 4169 1624 4208 esse
1647 4152 1812 4226 colendum,
1835 4154 1878 4211 hio

182 4237 282 4293 seriam
297 4237 502 4292 conversionem
516 4237 652 4307 jubentur
669 4237 706 4291 ad
723 4255 785 4293 eum
800 4242 911 4312 reverti,
927 4242 1018 4314 ipsum
1043 4242 1117 4298 enim
1132 4239 1195 4296 finis
1214 4247 1256 4296 est
1272 4240 1357 4313 legis;
1373 4239 1451 4295 novit
1468 4239 1561 4295 Deum
1579 4256 1639 4296 esse
1653 4240 1765 4310 justum
1784 4241 1876 4299 atrise

183 4339 328 4395 quaerere,
353 4339 386 4378 ac
403 4322 541 4395 promittit
559 4322 637 4379 Deus
657 4341 687 4380 se
705 4325 776 4380 velle
794 4325 911 4382 inveniri
934 4331 970 4386 ab
987 4331 1018 4385 il·
1044 4329 1134 4384 dicem
1152 4327 1299 4397 scelerum,
1323 4325 1390 4398 quia
1409 4343 1443 4381 ex
1460 4326 1555 4382 innato
1576 4325 1625 4380 illo
1642 4325 1715 4397 justi
1739 4333 1768 4383 et
1784 4325 1877 4401 injusti

182 4410 230 4475 lis,
256 4409 304 4482 qui
330 4426 362 4465 eo
387 4409 468 4464 modo
492 4408 583 4480 ipsum
603 4418 748 4481 quaerunt.
777 4411 876 4485 Longe
893 4431 959 4471 vero
978 4417 1018 4472 di-
1044 4413 1201 4470 discrimine
1231 4412 1401 4468 conscientia
1428 4412 1535 4485 colligit
1561 4411 1654 4467 Deum
1684 4415 1788 4484 punire
1813 4413 1877 4487 legis

182 4512 263 4552 versa
283 4496 353 4550 ratio
378 4500 421 4551 est
444 4495 500 4550 loci
523 4493 605 4567 hujus
625 4496 783 4567 apostolici,
806 4498 908 4571 inquo
926 4502 1019 4573 agitur
1044 4508 1274 4573 hansgressores3
1303 4500 1381 4555 norit
1401 4499 1494 4554 Deum
1517 4499 1703 4556 essebonum
1728 4507 1758 4556 et
1780 4499 1877 4558 benet·

182 4580 387 4654 degentilibus
405 4589 483 4637 extra
500 4581 646 4637 ecclesiam
664 4583 819 4639 constitutis
836 4591 866 4641 et
882 4604 948 4643 vera
965 4588 1018 4644 Dei
1044 4607 1108 4644 cnm
1126 4603 1192 4660 erga
1211 4603 1266 4651 eos,
1284 4586 1333 4658 qui
1352 4585 1409 4658 legi
1421 4585 1607 4642 obedientiam
1618 4592 1771 4657 praestant
1803 4585 1878 4655 Quod

183 4666 482 4742 cognitioneexverbc
493 4667 615 4739 petenda
626 4668 778 4739 destitutis,
797 4671 837 4725 illi
855 4678 930 4728 certe
941 4675 1018 4746 prius
1044 4674 1068 4730 si
1095 4691 1161 4747 ergo
1187 4673 1287 4749 notitia
1313 4672 1383 4744 legis
1409 4679 1453 4728 est
1479 4672 1582 4728 homini
1607 4672 1759 4744 natrrralis,
1787 4674 1877 4746 utique

182 4757 219 4812 sd
239 4754 409 4828 agnitionem
430 4753 484 4809 Dei
504 4770 587 4826 quarn
605 4756 859 4814 reconciliationem
877 4777 941 4814 cnm
957 4761 1019 4818 Deo
1044 4762 1128 4819 etiam
1147 4760 1202 4816 Dei
1220 4759 1327 4817 notitia.
1350 4758 1516 4815 Ἀσύιιιαιον
1532 4758 1649 4831 proinde
1667 4766 1720 4831 est,
1740 4761 1818 4833 qnod
1835 4759 1877 4818 so

182 4850 247 4898 sunt
263 4840 399 4897 invitandi
417 4858 450 4896 ac
468 4841 634 4899 deducendi.
661 4848 684 4901 ².
700 4860 833 4915 quaerere
848 4862 914 4918 ergo
927 4847 1018 4904 Deum
1044 4849 1123 4904 cinus
1140 4846 1222 4916 dicit,
1240 4846 1304 4900 baie
1319 4846 1466 4916 principio
1483 4846 1625 4907 nobiscum
1640 4854 1723 4916 nato,
1744 4848 1824 4918 quusi
1833 4847 1876 4918 js

182 4945 237 4984 non
255 4933 347 4999 potest
364 4927 416 4983 hoc
439 4928 500 4983 loco
520 4927 593 4985 idem
617 4946 677 4986 esse
702 4932 776 5002 quod
800 4938 896 4988 sancte
917 4934 1018 5002 virere,
1043 4942 1115 4990 stum
1140 4934 1363 4997 anteponendam
1386 4934 1423 4986 eit
1449 4932 1570 5003 injusto,
1602 4933 1714 4988 obedis·
1734 4951 1822 5005 posse
1846 4931 1876 4989 si

182 5013 211 5069 id
229 5016 302 5086 qnod
321 5015 373 5070 hac
391 5015 498 5095 ratione
516 5016 694 5074 ostendimus.
725 5014 801 5072 Illud
818 5035 868 5089 per
886 5019 917 5075 ri
935 5039 1018 5092 quae·
1044 5039 1090 5090 eo,
1109 5021 1159 5091 qui
1175 5021 1266 5091 iprmn
1281 5021 1377 5073 Deam
1394 5037 1450 5074 non
1469 5036 1529 5074 csse
1547 5021 1660 5089 quidem
1676 5021 1751 5077 scint
1768 5030 1820 5077 aut
1837 5034 1875 5077 st·

181 5116 242 5156 rere
260 5100 351 5157 Deum
375 5101 420 5157 hic
445 5101 623 5175 intelligitur,
648 5103 724 5175 quod
748 5111 899 5175 potuerunt
923 5065 1116 5176 omnesigitct.
1148 5106 1292 5172 Quomodo
1314 5105 1388 5161 enim
1407 5105 1544 5177 principio
1565 5105 1612 5161 ish'
1635 5107 1762 5178 praedm
1779 5112 1810 5166 ct
1826 5104 1876 5179 legi

182 5188 293 5242 omnino
310 5186 434 5244 homiues
453 5188 537 5244 etiam
555 5189 673 5262 gentiles
693 5196 771 5245 extra
789 5191 935 5247 ecclesiam
953 5211 1017 5250 con·
1042 5193 1206 5249 naturaliter
1229 5192 1329 5248 insitae
1353 5192 1460 5249 obediri
1482 5199 1578 5264 posset
1595 5192 1703 5265 absque
1721 5194 1877 5252 minutim

181 5272 271 5327 stituti
289 5290 322 5330 ex
340 5274 512 5346 generalium
529 5272 727 5333 beneficiorum
745 5276 900 5333 divinorum
912 5279 941 5333 in
953 5297 1017 5335 con·
1043 5279 1212 5352 cogitatione
1234 5280 1322 5352 ipsius
1347 5280 1530 5352 legislatoris,
1556 5298 1621 5336 cum
1647 5280 1812 5339 obedientia
1835 5296 1876 5339 ne·

181 5359 349 5430 servatione,
367 5361 507 5419 societatis
521 5360 659 5421 humanae
671 5380 705 5420 ac
714 5364 873 5437 politiarum
885 5368 1017 5422 consutu-
1043 5366 1161 5422 wanno
1178 5365 1304 5423 includat
1324 5373 1481 5438 respectum
1499 5367 1636 5424 inferioris
1654 5383 1725 5440 erga
1742 5366 1875 5442 regnan

180 5445 264 5516 tione,
282 5448 482 5520 propagatione
499 5447 640 5504 hominurn
655 5456 707 5507 etc.
726 5451 777 5506 toti
788 5451 910 5508 humano
919 5452 1016 5524 generi
1042 5470 1100 5509 rem
1115 5458 1249 5527 tanquam
1267 5453 1457 5525 superiorem?
1487 5471 1538 5511 nec
1556 5453 1615 5509 nlla
1635 5454 1746 5511 ratione
1765 5455 1837 5528 justi
1851 5457 1877 5511 et

179 5531 367 5592 communium
390 5534 609 5593 consideratione
624 5536 751 5595 discere
786 5536 875 5610 Atqui
902 5537 1016 5597 modum
1042 5538 1153 5613 injusti,
1175 5539 1353 5607 bonestorum
1378 5556 1413 5597 sc
1436 5540 1560 5614 turpium
1583 5539 1735 5601 &odmen
1758 5536 1877 5617 κρατή
