3984 6022
179 294 240 358 em
847 283 971 343 Locus
991 282 1192 343 secuunus

164 431 291 496 'divinas
315 441 415 496 landis.
463 441 545 511 Ergo.
593 440 726 496 Neriene.
757 445 824 493 orat.
853 439 885 494 in
913 437 1014 493 Christi
1043 439 1126 493 etism
1163 439 1306 492 blanditus
1329 439 1400 507 fnit,
1430 455 1526 494 sensns
1566 438 1664 510 igitur,
1702 437 1777 508 quod
1804 436 1884 491 Dens

179 529 266 584 nativ.
285 533 331 594 38,
354 545 380 596 p.
404 532 462 581 533.
487 532 628 580 creaturae
653 526 777 580 nominat
799 543 918 580 canores
931 541 1015 595 prae-
1042 525 1096 580 illis
1123 525 1193 580 eceli
1216 524 1398 580 luminaribus
1422 524 1521 579 invitet
1544 530 1629 596 atque
1657 523 1764 577 alliciat
1787 539 1884 578 omnes

181 631 262 667 eones
293 621 319 667 et
346 613 444 667 tacitos
471 612 637 665 laudatores
663 613 737 678 Dei,
768 628 831 665 cum
862 611 1015 666 secundum
1043 619 1139 680 gentes
1164 612 1200 665 ad
1226 612 1268 665 sui
1295 611 1465 681 agnitionem
1495 627 1528 665 ac
1554 609 1777 666 celebrationem.
1825 609 1883 663 Au·

179 698 343 755 Theodorei,
367 715 446 752 serm.
469 705 493 753 t.
518 698 553 752 de
575 697 681 768 provid.
703 697 756 751 Dei
783 697 811 751 in
831 717 873 768 pr.
890 704 1015 752 tacentes
1043 702 1101 750 ctor
1134 696 1198 751 libri
1227 696 1385 767 Sapientiae
1411 715 1434 751 c.
1461 702 1505 766 13,
1540 715 1565 752 v.
1593 704 1617 752 l.
1644 703 1740 751 conus
1770 694 1884 750 idolola-

89 804 93 810 ’
179 784 265 837 ueluti
281 786 453 839 conditorem
465 785 635 852 praedicent
654 785 825 852 omniunsqne
843 785 955 852 linpeas
976 785 1017 835 od
1044 791 1113 851 tres,
1133 783 1181 854 qui
1199 783 1347 838 luminaria
1365 783 1434 839 coeli
1452 790 1619 854 putaverunt
1636 783 1717 850 deos,
1736 782 1886 853 disputans

178 870 391 925 uumoetomn
410 871 470 938 ejas
488 870 608 924 incitent.
631 870 706 941 Aug.
719 868 747 923 in
760 887 853 941 expos.
866 869 941 923 Psal.
958 875 1013 925 113.
1043 869 1146 939 inquit:
1176 871 1210 924 Si
1235 871 1362 924 virtatem
1385 878 1411 924 et
1436 872 1626 939 operationem
1654 870 1770 922 silerum
1798 868 1886 922 coele·

180 955 209 1010 in
227 955 342 1026 prisce
359 957 430 1010 Sunt
452 973 524 1025 quae
548 956 679 1025 spriritum
705 957 779 1010 citae
803 957 1015 1010 et'intetteetum
1044 957 1126 1008 stium
1152 956 1334 1010 luminarium
1352 957 1506 1026 mirantur,
1529 956 1687 1024 intelligant
1705 955 1742 1007 ab
1760 954 1822 1007 iliis
1842 956 1885 1021 (et

181 1043 223 1096 ad
241 1042 417 1096 laudandum
434 1047 525 1096 Deum
540 1060 597 1095 non
613 1043 728 1111 lrabeat,
753 1044 804 1096 sed
822 1043 890 1110 qnia
910 1050 935 1095 et
952 1044 1015 1111 ipsa
1044 1058 1077 1095 ex
1095 1041 1204 1096 illorum
1214 1041 1329 1110 intuitu)
1344 1053 1456 1113 quanto,
1477 1044 1527 1112 qui
1544 1042 1684 1096 constituit
1698 1041 1770 1110 epse,
1786 1047 1884 1109 peten-

182 1129 254 1181 bona
279 1137 344 1182 sunt
368 1136 392 1182 et
414 1129 515 1182 ordine
540 1146 589 1181 seo
617 1129 722 1195 inteprc
745 1129 886 1198 disposita
911 1136 974 1181 sunt
992 1137 1015 1180 et
1044 1128 1099 1181 tior
1121 1137 1172 1197 est,
1200 1134 1228 1182 et
1251 1129 1331 1184 addit
1349 1146 1375 1182 ν.
1396 1131 1438 1184 5:'
1451 1129 1496 1182 'Er
1515 1132 1655 1198 μεγέθους
1679 1132 1726 1181 καὶ
1751 1127 1888 1194 καλλονῆς

181 1215 224 1268 ad
243 1215 482 1283 pulchritudinem
509 1215 700 1268 uniumsitatis
725 1217 901 1281 referantur,
932 1232 1015 1283 quam
1045 1217 1090 1266 eal
1114 1213 1270 1287 κτισμάτων
1295 1214 1438 1284 ἀναλόγως
1455 1215 1470 1268 ὁ
1488 1213 1681 1287 γενεσιοι·ργὸς
1702 1209 1795 1266 αὐτῶν
1813 1218 1883 1266 θεον·

182 1301 309 1353 condidit
337 1303 429 1364 Deus,
459 1301 522 1370 ipse
551 1302 664 1370 quidem
687 1319 742 1370 per
766 1319 797 1353 sc
821 1318 886 1354 uoce
912 1319 965 1353 sue
992 1309 1016 1354 et
1045 1305 1156 1369 peiren·
1170 1300 1252 1355 docet
1274 1301 1361 1372 igitur
1385 1317 1419 1355 ex
1444 1300 1505 1370 ipso
1522 1298 1593 1354 coeli
1610 1305 1638 1353 et
1655 1314 1803 1369 corporum
1821 1312 1884 1353 coe·

182 1388 267 1441 eorde
283 1403 334 1439 suo
351 1404 408 1440 nen
434 1387 554 1440 taudmn
572 1389 677 1453 Deum,
701 1389 752 1440 sed
775 1405 836 1439 mem
859 1388 894 1439 ol>
916 1387 1017 1439 intelli·
1046 1384 1155 1439 lestium
1178 1384 1281 1439 intuitu
1306 1385 1397 1440 Deum
1425 1393 1576 1440 creatorem
1593 1384 1709 1456 agnosci
1733 1381 1770 1439 ab
1797 1382 1885 1437 idola·

181 1473 307 1541 pertitas
324 1473 548 1542 considerantur,
563 1490 619 1541 per
642 1474 706 1541 ipsa
724 1473 860 1525 laudatur
879 1473 975 1541 Deua·
993 1480 1017 1524 et
1046 1470 1123 1524 latris
1150 1472 1281 1540 potuisse.
1317 1472 1398 1546 Vidit
1425 1472 1498 1526 bunc
1525 1471 1681 1543 argumenti
1710 1469 1798 1526 nostri
1824 1486 1885 1524 ner·

182 1575 241 1611 enm
255 1576 311 1627 per
331 1558 394 1628 ipsa
414 1559 551 1612 incidatur
569 1560 661 1626 Deus,
687 1560 893 1628 quodammodo
912 1566 937 1611 et
954 1559 1016 1625 ipse
1045 1574 1109 1610 vum
1137 1555 1264 1625 Socinus,
1290 1558 1351 1613 ideo
1376 1558 1414 1612 11.
1436 1557 1540 1628 excipit
1568 1558 1737 1611 annuntiare
1762 1573 1834 1626 opus
1852 1573 1885 1610 ee

183 1643 306 1697 laudant
324 1646 425 1697 Deum.
463 1644 500 1698 Et
526 1651 639 1714 postea:
676 1642 778 1697 Omnia
802 1644 896 1712 (etiam
913 1643 1017 1697 irratio·
1047 1644 1075 1695 in
1102 1643 1164 1696 loco
1193 1645 1272 1712 apud
1292 1644 1431 1708 Pseltem,
1459 1661 1507 1698 nec
1532 1647 1656 1709 fortasse
1674 1643 1787 1712 uspiam
1806 1642 1885 1711 alibi,

183 1729 268 1797 nulia)
289 1731 410 1784 laudant
426 1734 523 1798 Deam,
542 1731 610 1800 qnia
627 1748 688 1783 cum
706 1731 762 1783 iste
780 1732 905 1784 uidemus
918 1737 944 1783 et
957 1748 1019 1783 con·
1046 1746 1102 1782 noa
1124 1729 1297 1796 sipnificare,
1323 1731 1451 1783 indicere
1479 1747 1536 1783 esse
1564 1747 1645 1798 epra,
1669 1731 1723 1782 sed
1747 1729 1831 1799 quale
1847 1727 1886 1781 sit

184 1816 341 1868 sideramus
360 1823 525 1884 creatorem,
542 1817 592 1885 qui
607 1833 640 1869 aa
654 1817 738 1885 fecit,
762 1819 798 1870 de
816 1817 876 1869 iliis
894 1815 1020 1869 nascitur
1048 1831 1117 1882 opas
1140 1831 1188 1866 sea
1212 1815 1353 1868 celebrare
1378 1833 1459 1886 opere.
1491 1813 1575 1886 Resp.
1603 1821 1625 1870 1.
1643 1814 1783 1871 imovero
1806 1813 1886 1868 abeo-

185 1901 214 1954 ia
231 1902 312 1955 nobis
327 1902 390 1955 laem
401 1903 462 1955 Dei
473 1910 498 1954 et
512 1920 573 1955 cum
584 1903 707 1971 ι’νιοονιινι
722 1902 946 1955 consideratione
959 1901 1019 1954 tau·
1046 1899 1104 1954 luta
1123 1898 1246 1971 loquitur
1264 1900 1388 1955 Psaltes:
1410 1902 1629 1955 Firmamentum
1647 1903 1797 1955 annuntiat
1816 1919 1887 1971 epus

185 1989 272 2041 datur
290 1989 378 2057 Dan,
397 1989 492 2041 omnia
510 1988 631 2041 lauabat
648 1990 749 2042 Deum.
1049 2003 1178 2039 meeum
1195 1988 1363 2051 diuinarum,
1381 2003 1437 2041 non
1456 1995 1548 2042 autem
1568 1985 1730 2057 qualitatem
1748 1986 1887 2042 duntaxat

220 2079 261 2129 68.
287 2073 399 2143 Excipit
421 2073 537 2128 Secinus
561 2073 587 2129 d.
612 2074 630 2128 l.
651 2072 673 2128 1.
697 2073 727 2127 in
744 2074 860 2126 Psalmo
884 2090 938 2141 pro
956 2088 1019 2124 con·
1047 2072 1146 2140 operis.
1181 2079 1204 2128 2.
1224 2089 1258 2126 ex
1282 2072 1469 2127 subordinatis
1497 2072 1583 2144 igitur
1611 2089 1667 2127 non
1694 2073 1799 2128 debesa
1825 2071 1887 2128 fieri

186 2175 261 2212 seem
280 2161 353 2213 cumi
373 2160 465 2212 Deum
483 2176 592 2212 creasse
609 2160 713 2227 cocles,
739 2161 824 2228 idque
844 2158 947 2225 abiis,
973 2158 1021 2225 qui
1047 2158 1209 2227 pugnantia.
1245 2158 1462 2214 Firmamentum
1479 2165 1627 2230 utrumque
1646 2159 1806 2229 annuntiat,
1825 2164 1887 2213 tum

185 2261 232 2298 eos
245 2246 414 2315 adspiciunt,
435 2245 520 2313 credi,
539 2253 568 2297 ut
584 2245 614 2297 in
631 2245 701 2298 ioes's
725 2243 786 2297 iltis
804 2244 952 2309 eveniebat,
973 2244 1022 2295 ubi
1048 2243 1123 2314 quod
1149 2243 1186 2297 sit
1211 2261 1281 2315 opus
1300 2244 1449 2314 Altissimi,
1477 2245 1524 2316 qui
1544 2250 1594 2301 aut
1622 2251 1664 2300 cst
1685 2262 1702 2299 a
1725 2261 1755 2299 se
1779 2253 1830 2300 aut
1848 2243 1887 2299 ab

185 2332 286 2384 Dauid
310 2340 408 2384 auctor
434 2331 544 2401 psalmi
570 2339 638 2384 eret.
683 2333 724 2384 Et
749 2348 845 2384 sensus
871 2337 925 2382 est:
952 2328 1020 2381 Cum
1048 2329 1118 2396 alio,
1143 2334 1202 2383 tnm
1226 2331 1300 2401 quod
1324 2331 1503 2403 magnificum
1527 2339 1555 2387 et
1571 2332 1745 2402 praeclarum
1762 2349 1833 2402 opus
1849 2331 1887 2386 sit

187 2418 250 2486 mess
273 2418 365 2472 coelos
389 2418 512 2487 adspicit
536 2435 570 2470 ae
590 2416 904 2485 contemplatar,eq1eos
928 2418 1019 2468 Deum
1048 2416 1192 2479 creatoris,
1218 2421 1250 2469 ut
1272 2425 1379 2473 constat
1404 2434 1438 2472 ex
1463 2417 1604 2488 parallelis
1624 2417 1784 2488 Scripturas
1810 2417 1886 2474 loeis.

185 2520 294 2557 creasse
318 2505 401 2573 need,
421 2505 481 2557 Dei
496 2503 666 2573 sapientiam
685 2510 767 2571 atque
781 2504 936 2571 potentiam
955 2502 1020 2555 inde
1049 2499 1152 2554 Eecles.
1173 2507 1214 2569 43,
1232 2520 1258 2555 ν.
1277 2508 1307 2557 2:
1337 2505 1477 2573 Superbia
1501 2504 1661 2558 altitudinis
1676 2505 1888 2571 firmamentum

180 2591 333 2659 percipere.
376 2592 452 2643 Nem
476 2591 533 2643 nisi
554 2592 647 2644 Deum
666 2607 722 2658 pro
746 2589 871 2657 ipsorum
895 2597 1020 2642 creatore
1049 2589 1203 2641 munditiae
1220 2590 1325 2657 speeies
1344 2591 1417 2643 coeli
1433 2592 1463 2644 in
1482 2591 1766 2658 ursioneploriae.v.
1786 2590 1889 2646 2:801
1938 2575 1943 2581 ’

184 2684 333 2744 epitescat,
361 2678 411 2745 qui
422 2677 529 2745 peterit
550 2692 582 2729 aa
600 2675 670 2744 spese
688 2676 748 2728 Dei
764 2662 897 2743 tanquam
916 2682 1019 2728 creato-
1048 2673 1077 2726 in
1095 2675 1229 2743 eeiepecte
1246 2677 1415 2728 annuntians
1442 2677 1473 2729 in
1491 2678 1616 2745 pluriora
1641 2695 1691 2729 aas
1714 2677 1887 2731 admirabile

183 2762 225 2814 ris
243 2761 366 2828 pieriam
384 2763 555 2828 apnoscerel
587 2760 670 2831 Resp.
692 2766 714 2816 1.
733 2777 789 2815 non
805 2760 919 2815 desolis
932 2758 1021 2814 Israii·
1048 2775 1118 2825 opus
1151 2760 1290 2814 altissimi.
1318 2779 1343 2815 v.
1363 2769 1385 2816 1.
1414 2780 1530 2830 mepnus
1559 2763 1712 2825 Dominus,
1742 2764 1793 2833 qai
1817 2764 1889 2828 feeit

183 2845 256 2916 litis,
283 2846 384 2918 quibus
409 2847 571 2918 mysterium
589 2846 736 2901 creationis
760 2862 794 2900 ex
816 2847 893 2903 verbi
917 2848 1020 2902 revela-
1048 2845 1129 2898 illem
1148 2853 1199 2901 etc.
1229 2853 1252 2902 3.
1270 2847 1365 2903 Verba
1391 2848 1459 2902 haec
1483 2850 1636 2919 posteriora
1659 2856 1724 2904 sunt
1742 2848 1888 2921 ἐξηγητιιιοὶ

184 2932 260 2988 tione
277 2940 373 2987 notum
391 2938 459 3002 erat,
477 2931 587 2989 Psaltes
597 2933 728 3004 loquitur,
749 2933 846 2990 sedin
864 2950 967 3004 genere
986 2933 1020 2989 dc
1048 2938 1075 2985 et
1095 2931 1265 3003 alrsotoynni
1281 2932 1520 3004 praecedentium,
1546 2935 1609 2990 ideo
1626 2940 1710 3007 atque
1730 2935 1796 2991 inde
1813 2936 1887 2992 coeli

184 3019 312 3076 omnibns
339 3019 509 3089 bominibus,
536 3020 651 3075 additur
677 3020 750 3074 enim
778 3038 802 3075 ν.
832 3027 864 3074 l:
888 3022 954 3074 Non
981 3029 1020 3073 est
1047 3026 1176 3073 enarrant
1195 3019 1311 3091 gloriam
1329 3020 1397 3085 Dei,
1423 3020 1489 3091 quia
1512 3020 1713 3076 mmamentum
1737 3023 1887 3080 annuntiat

185 3123 358 3172 carmanos
374 3108 466 3177 umba,
485 3106 604 3160 utinen
624 3107 740 3160 ereditur
758 3124 809 3160 soe
823 3123 929 3175 eorem3
948 3125 974 3162 v.
991 3113 1021 3161 5:
1048 3120 1117 3174 opus
1144 3122 1276 3160 manuum
1302 3107 1369 3176 ejus.
1393 3106 1443 3161 lu
1468 3107 1579 3179 Excipit
1602 3108 1733 3164 Socinus:
1771 3109 1889 3164 Verbum

184 3193 216 3247 iss
233 3211 340 3248 omnem
358 3201 462 3248 terrem
479 3193 561 3247 seivit
577 3193 653 3246 linea
673 3209 767 3245 eorum
784 3200 810 3246 et
828 3193 857 3245 in
874 3199 1021 3246 extremum
1048 3191 1194 3247 annuntiat
1217 3195 1259 3246 ad
1280 3211 1377 3246 ironica
1403 3194 1525 3261 pieriam
1551 3186 1678 3264 superius
1699 3195 1824 3263 positum
1845 3213 1889 3251 re-

185 3280 261 3333 erbie
280 3281 394 3350 eloquia
413 3297 515 3334 eorum
544 3285 569 3334 2.
588 3278 720 3342 Quamvis
739 3278 842 3334 creatio
860 3278 1023 3349 propriesic
1041 3279 1123 3343 ferri
1144 3287 1236 3348 potest
1263 3287 1288 3334 et
1312 3297 1410 3333 norrun
1430 3282 1635 3349 firmamentum
1654 3298 1711 3350 per
1731 3283 1888 3352 appetitio·

188 3365 265 3420 dieta
284 3371 313 3420 et
329 3365 520 3437 inSeripturis
538 3365 680 3436 patefacte
698 3382 755 3420 nen
771 3364 856 3420 fuerit
876 3373 944 3420 nota
955 3381 1022 3438 gen·
1048 3381 1110 3416 nere
1140 3365 1278 3433 replicari
1305 3366 1356 3420 tec
1379 3376 1481 3435 pacto:
1512 3368 1552 3420 Et
1576 3385 1646 3436 epus
1666 3385 1799 3422 manuum
1816 3370 1888 3438 ejus,

84 3450 282 3518 aradibus
302 3468 335 3506 ex
353 3451 457 3506 lumine
470 3458 604 3515 naturas,
622 3458 715 3507 umen
732 3456 882 3522 potuerunt
898 3469 949 3522 per
965 3468 1023 3506 sca·
1050 3467 1146 3519 nempe
1151 3453 1366 3521 firmamentum,
1384 3455 1529 3506 annuntiat
1544 3454 1665 3521 ploriom
1680 3455 1747 3518 Dei,
1759 3454 1809 3508 ubi
1824 3473 1888 3528 pri>

186 3537 241 3591 lam
259 3543 448 3592 creaturarum
472 3538 641 3593 adscendere
662 3539 699 3592 ad
716 3538 902 3609 cognitionem
925 3554 1013 3592 summ
1049 3542 1132 3591 vocat
1150 3537 1186 3590 ad
1205 3538 1333 3608 Zwinglii
1352 3538 1522 3607 versionem,
1541 3538 1589 3610 qni
1607 3555 1640 3593 eo
1657 3540 1740 3594 modo
1759 3539 1888 3597 reddide-

186 3624 305 3694 alicnjus
322 3630 351 3678 et
374 3623 489 3679 increati
511 3625 594 3693 entis,
620 3641 637 3678 a
666 3640 721 3695 quo
739 3624 832 3680 omnia
850 3641 927 3679 suam
948 3640 1025 3680 aece-
1050 3623 1093 3677 rit
1124 3621 1208 3693 Resp.
1226 3631 1246 3678 1.
1267 3624 1395 3679 dissentit
1411 3624 1480 3679 haec
1499 3625 1633 3695 expositio
1651 3641 1668 3678 a
1679 3625 1781 3696 priore,
1801 3625 1889 3698 eligat

186 3708 279 3780 perint
302 3709 451 3780 originem,
479 3715 629 3779 potuerrmt
654 3708 741 3781 igitur
767 3726 799 3765 ex
828 3710 966 3765 coelorum
983 3708 1024 3762 in·
1052 3726 1118 3780 ergo
1138 3709 1255 3764 Soeinns
1275 3726 1367 3778 ιιιιιιιιι,
1387 3711 1432 3765 cui
1450 3711 1576 3766 insistere
1595 3711 1669 3765 velit
1701 3717 1725 3766 2.
1745 3719 1789 3766 est
1806 3712 1846 3783 pii
1860 3718 1889 3768 st

186 3794 261 3851 tuitu
284 3794 401 3866 gloriam
418 3794 473 3849 Dei
495 3810 653 3866 agnoscere.
689 3801 713 3850 3.
737 3795 955 3868 Conjungsndns
978 3793 1023 3848 hic
1050 3795 1156 3850 cordati
1170 3794 1329 3864 Scripturas
1346 3796 1503 3866 interpretis
1521 3814 1577 3851 non
1590 3812 1731 3868 quaerere,
1749 3798 1888 3868 momoda

188 3880 266 3935 locus
285 3870 453 3950 ipostoliens
472 3879 555 3951 longe
573 3880 749 3935 clarimimus.
779 3880 858 3938 Rom.
882 3888 910 3950 1,
927 3899 953 3935 v.
974 3883 1021 3933 20:
1052 3878 1195 3950 Scriptura
1207 3882 1282 3936 varie
1298 3882 1421 3953 torqueri
1438 3883 1534 3951 possit,
1552 3883 1601 3937 sed
1620 3882 1683 3953 quis
1705 3882 1741 3937 sit
1759 3885 1887 3955 proprius

187 3967 350 4023 Invisibilia
377 3968 438 4020 Dei
462 3985 481 4019 a
506 3975 638 4021 creatura
666 3967 765 4021 mundi
800 3974 858 4027 τοῖς
890 3965 1021 4039 ποιήμασι
1051 3973 1079 4020 et
1097 3967 1234 4037 genuinus
1252 3984 1356 4023 sensus.
1392 3968 1457 4024 Sine
1476 3967 1534 4021 nlla
1554 3968 1598 4022 vel
1616 3966 1756 4038 probabili
1780 3971 1888 4026 ratione

186 4053 328 4127 νοούμενα
343 4053 560 4122 conspiciantur,
579 4055 749 4122 sempiterna
768 4071 876 4123 quoque
894 4054 955 4122 ejas
966 4053 1022 4106 uir·
1050 4052 1165 4123 lingitur
1184 4052 1230 4106 hic
1245 4053 1390 4123 appositio,
1409 4061 1437 4108 et
1453 4053 1564 4107 nativus
1583 4071 1679 4108 sensus
1699 4055 1846 4111 deseritur.
1863 4061 1887 4112 3,

185 4148 229 4194 tus
246 4149 271 4195 et
290 4140 437 4203 diuinitas,
455 4138 503 4193 nbi
522 4157 556 4194 ex
576 4145 765 4195 creaturarum
784 4138 955 4209 inspectione
973 4156 1022 4194 no·
1049 4137 1147 4193 Priora
1165 4138 1251 4193 verba
1269 4155 1320 4209 per
1336 4145 1482 4193 accentum
1500 4138 1633 4205 athnacb,
1657 4139 1706 4210 qui
1724 4147 1768 4194 est
1792 4141 1887 4197 distin·

184 4226 277 4282 titiam
292 4225 445 4280 divinitatis
462 4224 566 4280 hauriri
583 4242 664 4295 posse
678 4226 788 4281 disertis
800 4225 891 4281 ambis
904 4225 1023 4280 adstrui·
1050 4223 1139 4278 ctivus
1157 4226 1252 4293 major,
1271 4224 1308 4278 ab
1325 4224 1376 4280 hoc
1389 4223 1539 4294 posteriore
1557 4224 1678 4278 membro
1696 4233 1886 4282 seemnuntm.

184 4318 238 4367 tur.
283 4312 408 4377 t.-Quin
437 4312 492 4368 imo
520 4312 629 4367 Psaltes
654 4312 707 4366 hcc
731 4311 792 4384 ipso
815 4311 844 4366 in
866 4311 927 4366 loco
953 4311 1022 4365 illud
1051 4316 1074 4364 t.
1095 4309 1185 4363 LXX.
1203 4310 1243 4363 sic
1261 4309 1457 4365 reddiderunt:
1476 4307 1634 4381 atalpero}
1657 4311 1821 4380 turpavimus
1840 4311 1885 4366 st·

186 4398 339 4455 clarissime
355 4400 445 4467 docet,
464 4397 544 4453 addit
562 4398 652 4453 enim:
672 4400 711 4452 Et
729 4416 799 4468 opus
814 4415 943 4450 mannum
961 4399 1022 4466 ejus
1049 4400 1100 4457 ξαν
1128 4398 1199 4450 Θεοῦ
1223 4401 1267 4450 sai
1293 4404 1406 4463 ποίησιν
1427 4398 1531 4467 χειρῶν
1554 4394 1639 4449 αὐτοῦ
1664 4394 1832 4468 ἀναγγέλλει
1855 4396 1885 4452 ri

184 4486 295 4540 indiam
305 4488 521 4555 firmamentum,
540 4483 589 4538 ubi
608 4482 662 4554 ipsi
675 4483 849 4538 firmamento
869 4481 926 4537 sive
945 4483 1022 4537 coelo
1049 4487 1199 4555 στερέωμα.
1236 4482 1285 4537 IV.
1313 4483 1438 4552 Excipit:
1466 4483 1667 4552 Appellatiens
1686 4486 1777 4537 crenis
1795 4493 1886 4539 arrae

183 4570 295 4641 tribuit,
319 4571 394 4643 quod
422 4570 527 4624 indicet
553 4585 623 4640 opus
652 4585 784 4623 manuum
814 4569 883 4638 Dei,
911 4568 941 4622 id
971 4574 1021 4636 eet,
1049 4570 1290 4638 intromittimus,
1305 4571 1589 4639 praesertimveroin
1602 4569 1885 4636 Psatmndndecon

185 4658 260 4729 qued
278 4675 309 4713 se
326 4672 344 4710 a
361 4656 424 4711 Deo
442 4655 548 4710 sactum
566 4672 627 4709 sese
646 4661 764 4711 testetur
791 4656 907 4725 ejusque
925 4659 1021 4724 poten·
1048 4664 1151 4709 terram
1171 4657 1294 4724 irrtsltipi
1310 4658 1409 4713 solere.
1446 4654 1546 4710 Psslm.
1567 4660 1598 4725 1,
1618 4673 1642 4710 r.
1661 4660 1684 4712 3,
1720 4655 1827 4711 ΡιιιΙιιι.
1844 4662 1885 4725 tt,

184 4744 252 4799 tiam
268 4748 297 4799 et
315 4741 433 4815 gloriam
451 4741 617 4811 manifestet,
636 4741 802 4796 undePsal.
819 4747 843 4809 8,
862 4758 888 4795 v.
908 4747 932 4795 1.
952 4739 1021 4796 coeli
1048 4759 1073 4793 r.
1096 4749 1134 4797 11.
1169 4741 1271 4796 Psalm.
1294 4749 1349 4805 1115,
1369 4760 1395 4796 v.
1414 4749 1437 4797 1.
1473 4741 1559 4811 Resp.
1575 4748 1596 4795 1.
1613 4741 1635 4794 si
1654 4741 1700 4795 rel
1718 4743 1838 4799 maxime
1856 4741 1886 4797 in'

188 4829 319 4884 dicuntur
338 4845 409 4898 optes
427 4829 580 4896 digitorum
593 4828 659 4880 Dei.
695 4826 936 4893 Quemadmodum
948 4825 1021 4880 enim
1048 4829 1109 4882 aliis
1138 4829 1296 4899 Scripturas
1322 4828 1390 4882 locis
1418 4829 1618 4896 συνεκδοχικῶς
1643 4843 1694 4896 per
1722 4813 1885 4904 'ffltffl’bq

185 4915 305 4971 artilicm
332 4915 361 4970 in
386 4913 572 4970 subtilissimis
602 4912 720 4984 opificiis
753 4914 904 4985 digitorum
937 4929 1021 4984 spera
1047 4914 1157 4970 iudaea
1174 4913 1279 4969 alicubi
1299 4914 1486 4986 intelligatur,
1504 4913 1627 4967 nondum
1645 4919 1739 4969 tamen
1759 4915 1884 4986 sequitur
1893 4916 1956 4970 mtt

186 5008 315 5057 accmats
332 5001 458 5057 adhibita
477 5007 607 5069 utuntur,
634 5000 674 5055 sic
704 5000 773 5056 coeli
796 5000 927 5055 dicuntur
951 5016 1021 5070 opus
1048 5002 1163 5057 eandem
1181 5000 1299 5071 liguram
1318 5001 1400 5055 etiam
1421 5000 1474 5055 hoe
1495 5000 1525 5054 in
1549 5001 1610 5055 loco
1638 5001 1824 5056 statuendam.
1859 5007 1881 5057 2

185 5086 334 5158 digitorum
358 5088 425 5156 Dei,
452 5087 519 5160 quia
540 5087 609 5143 iacti
639 5093 704 5141 sunt
729 5087 850 5160 πξπηῆ
872 5086 903 5138 in
921 5085 1021 5138 inteili-
1047 5085 1294 5156 Empbeticeenim
1308 5085 1620 5156 Psaltesipseexpcnit,
1633 5084 1883 5157 quidperdmnem

183 5175 286 5241 postia.
320 5173 397 5229 Pssl.
419 5180 482 5242 136,
499 5193 524 5227 ν.
551 5181 574 5230 5.
609 5172 674 5229 Huc
696 5172 793 5228 referri
818 5177 923 5243 potest,
943 5170 1020 5241 quod
1047 5181 1147 5227 terram
1170 5172 1214 5225 hic
1235 5172 1303 5227 velit
1326 5171 1504 5226 intellectum.
1546 5174 1612 5226 Non
1637 5179 1677 5224 cst
1700 5188 1807 5242 screno,
1830 5191 1884 5227 non

183 5257 268 5313 Dent.
286 5265 310 5328 t,
330 5278 357 5314 v.
377 5265 417 5315 19.
435 5260 472 5315 de
490 5261 560 5324 sole,
585 5260 652 5315 luna
669 5265 699 5316 et
717 5258 805 5314 stellis
821 5257 930 5322 dicitur,
951 5273 1022 5327 quae
1047 5261 1144 5326 irata,
1169 5259 1218 5311 ubi
1236 5278 1292 5312 non
1311 5261 1426 5311 auditur
1447 5277 1497 5312 roa·
1521 5276 1625 5311 sermm
1661 5257 1737 5330 Ergo
1762 5261 1883 5315 omnium

184 5327 249 5414 Pili
277 5346 370 5400 munit
395 5347 524 5417 detonet
548 5349 628 5400 Deus
655 5353 718 5400 ιιιιιν
747 5345 872 5399 amnites
905 5343 1021 5413 populis
1046 5347 1204 5416 linguarum
1215 5344 1420 5415 populishosce
1435 5344 1546 5399 divinae
1563 5344 1717 5416 majestatie
1731 5360 1884 5415 praecones

183 5431 246 5485 snt,
262 5431 354 5498 coeto,
384 5438 416 5487 nt
447 5432 555 5488 scilicet
577 5431 633 5486 illis
664 5432 786 5488 serviant
811 5437 839 5486 st
870 5428 1019 5484 utilitatem
1046 5431 1196 5486 constituit.
1232 5430 1309 5485 Idem
1331 5419 1397 5498 ¹2:3¹1]
1418 5431 1513 5505 ³32³,
1534 5432 1733 5484 incursatum
1746 5432 1884 5487 artista-

156 5584 157 5588 ἵ
183 5515 239 5577 illis
273 5523 424 5588 praestent
487 5518 544 5574 Sed
579 5516 739 5573 Hebraeum
774 5501 837 5586 Pili
880 5517 1022 5589 significat
1049 5518 1171 5572 bitatilis
1201 5516 1342 5585 eloquiam
1368 5516 1528 5586 pertinpere
1556 5517 1647 5571 docet.
1695 5516 1825 5575 Ambrae.
1853 5518 1886 5579 in
