3984 6022
224 242 285 307 aot
905 232 1246 324 accusescunous

223 392 260 447 sit
284 407 432 448 enumero
457 390 584 461 plurium
618 396 641 448 3.
669 391 894 464 distinguendum
919 390 991 446 inter
1013 407 1059 444 ro·
1089 391 1167 443 auus
1185 391 1376 459 praeponitur
1396 390 1503 444 nomini
1521 391 1575 444 s'ati
1606 389 1685 445 Haec
1701 389 1832 446 Socinus:
1855 406 1928 462 quae

226 496 285 536 cem
311 477 420 532 Elabim
448 476 575 531 absolute
600 477 717 547 positam
746 486 773 534 et
801 479 829 532 in
858 476 1062 534 constructione
1088 477 1180 532 omnia
1197 493 1229 531 eo
1247 476 1374 545 tendunt,
1392 483 1423 530 ut
1440 483 1634 548 argumentum
1652 494 1703 547 pro
1720 475 1833 534 Dema
1848 476 1927 532 Chri·
1942 482 1977 524 tu

226 582 288 623 cum
306 563 444 634 adjectivo
462 561 507 616 vel
526 563 610 617 verbo
629 564 738 634 plurali.
768 565 797 621 Si
811 566 855 620 vel
869 563 1061 619 maximscon·
1089 565 1123 618 sti
1144 580 1176 618 ex
1194 580 1263 618 voce
1282 562 1375 634 κύριος
1394 563 1544 618 deductum
1562 570 1715 618 enervetur.
1743 563 1799 620 Sed
1816 578 1928 633 respon·

226 652 371 710 cederetur
396 665 491 702 rocem
517 648 626 702 Elobim
651 650 778 706 absolute
796 652 915 722 positam
934 651 982 705 uni
1001 667 1062 721 per·
1088 650 1199 716 demus,
1225 667 1275 703 nos
1301 648 1383 703 facile
1410 648 1575 718 concedere,
1604 648 1679 719 quod
1704 653 1781 704 certo
1806 648 1929 720 quodam

226 753 309 793 sonae
325 735 493 807 quandoque
506 752 554 805 per
566 737 712 808 enallageu
730 737 823 806 tribui,
841 744 934 792 tamem
951 735 1064 808 quanda
1088 741 1214 805 respectu
1229 740 1257 789 et
1274 735 1301 788 in
1319 733 1483 806 generaliori
1502 733 1704 805 significatione
1717 751 1819 790 nomeu
1836 734 1927 804 κύριος

226 838 289 876 cum
306 820 390 875 verbo
408 821 452 874 vel
469 821 608 891 adjectivo
627 822 728 890 plurali
747 823 930 891 construitur,
955 838 1063 891 semper
1089 820 1227 875 tribuatur
1248 821 1332 875 etiam
1356 821 1505 888 creaturis,
1532 820 1641 876 interim
1667 828 1759 875 tamen
1784 821 1876 892 primo
1898 837 1928 877 se

225 913 303 963 notat
320 906 414 976 plures
432 923 570 977 personas.
605 913 628 962 t.
647 908 876 979 distinguendum
894 908 965 964 inter
982 926 1063 962 usum
1090 906 1293 977 principaliter,
1312 907 1340 960 in
1357 907 1530 962 eminentiori
1546 924 1579 961 ac
1596 907 1708 977 propria
1725 906 1928 978 significatione

225 993 336 1063 linguae
355 1000 480 1059 sanctae,
505 993 550 1047 cui
568 994 674 1063 puritas
691 1001 720 1050 et
736 993 899 1064 simplicitas
921 1000 963 1048 est
980 1011 1062 1064 pecu·
1089 1010 1189 1047 nomen
1207 992 1299 1064 κύριος
1319 993 1354 1047 de
1380 992 1438 1046 solo
1463 1009 1528 1047 vero
1548 991 1608 1048 Deo
1628 999 1789 1064 usurpatur,
1815 1009 1849 1048 ae
1868 1008 1927 1064 pro

225 1078 311 1140 liaris,
339 1085 368 1133 et
392 1096 472 1132 usum
496 1079 613 1133 abarum
637 1079 802 1151 linguarum.
836 1078 864 1134 Si
882 1080 925 1135 rel
945 1080 1063 1134 maxime
1090 1079 1154 1132 inde
1175 1079 1222 1149 qui
1245 1094 1279 1133 ea
1302 1078 1407 1132 ratione
1435 1077 1529 1146 κύριος
1551 1078 1721 1149 appellatur,
1745 1078 1768 1132 is
1794 1097 1877 1135 verus
1900 1086 1928 1136 et

226 1166 254 1220 in
275 1164 337 1219 aliis
360 1163 463 1236 linguis
481 1182 611 1219 numerus
628 1166 744 1235 pluralis
762 1182 812 1236 pro
830 1167 964 1238 singulari
986 1166 1062 1236 poni·
1089 1172 1216 1220 aeternus
1236 1164 1313 1219 Deus
1333 1181 1393 1219 esse
1411 1173 1485 1220 recte
1503 1165 1643 1235 arguitur:
1662 1165 1747 1219 Marc.
1768 1170 1814 1233 12,
1832 1184 1859 1219 v.
1880 1170 1925 1220 29:

226 1257 283 1314 tur,
311 1249 371 1315 (ubi
396 1257 489 1304 tamen
517 1268 618 1306 nomen
644 1268 777 1321 personae
804 1260 898 1307 manet
922 1253 1062 1323 singulare
1091 1248 1181 1323 κύριος
1199 1252 1278 1304 Deua
1293 1259 1358 1304 turra
1376 1249 1470 1323 κύριος
1488 1245 1526 1311 εἷς
1545 1251 1609 1304 lass.
1627 1250 1728 1322 Ephes.
1749 1257 1774 1318 4,
1792 1268 1818 1307 s.
1837 1257 1868 1305 5:
1890 1244 1927 1311 εἷς

226 1335 338 1391 mutatis
358 1337 494 1391 duntaxat
509 1336 601 1391 verbis
622 1353 655 1390 ac
675 1337 896 1408 pronominibus:
922 1337 979 1393 Nos
998 1337 1061 1390 Fer·
1090 1334 1181 1403 seipsos
1204 1355 1273 1390 unru
1300 1338 1468 1390 Dominus·
1490 1341 1510 1391 l.
1530 1336 1591 1392 Cor.
1612 1340 1640 1399 8,
1664 1354 1691 1389 v.
1711 1342 1742 1390 6:
1774 1337 1842 1390 Etsi
1865 1344 1926 1390 ruat

228 1423 365 1478 dicandus
390 1423 564 1487 mandamus,
588 1440 640 1477 nec
658 1423 686 1477 iu
708 1423 789 1477 tertia
808 1440 926 1494 persona
949 1422 1062 1476 adhibe·
1090 1424 1139 1490 qui
1160 1423 1291 1475 dicautur
1315 1423 1368 1475 Dii
1390 1423 1518 1476 incaelo
1543 1429 1569 1474 et
1592 1431 1681 1489 terra,
1707 1424 1848 1490 siquidem
1864 1421 1926 1475 aunt
1969 1460 1973 1466 .

228 1515 274 1563 tur
289 1507 413 1578 pluralis,
433 1508 481 1563 sed
501 1508 529 1562 iu
540 1508 640 1578 prima)
653 1507 721 1562 nihil
733 1516 825 1563 tamen
840 1508 868 1562 id
883 1511 972 1578 ipsum
986 1525 1062 1578 prae·
1092 1509 1146 1561 Dii
1164 1509 1246 1561 multi
1263 1517 1288 1560 at
1306 1509 1424 1562 Domini
1443 1508 1535 1575 multi,
1557 1509 1636 1561 notra
1658 1515 1748 1561 tamea
1768 1517 1809 1562 ost
1826 1503 1864 1569 εἷς
1882 1507 1926 1563 at

223 1594 335 1664 judicat
361 1594 423 1648 usui
450 1594 563 1666 liuguae
590 1600 710 1648 sanctae.
745 1593 881 1649 Theodor.
911 1611 936 1663 q.
965 1601 1005 1649 20.
1035 1593 1062 1646 iu
1089 1615 1149 1667 ριος
1167 1613 1237 1647 ilaus
1253 1596 1400 1661 Dominus,
1421 1594 1449 1646 id
1468 1594 1542 1666 quod
1562 1594 1781 1648 demonstramus
1798 1611 1833 1649 ex
1853 1612 1885 1650 eo
1904 1600 1926 1650 1.

226 1679 339 1736 Genea:
359 1680 393 1736 Si
405 1682 486 1734 Deus
499 1689 616 1749 propter
631 1682 828 1734 ortatoritatem
840 1699 874 1734 ae
892 1681 1063 1748 majestatem
1091 1681 1156 1752 quia
1176 1679 1257 1735 LXX
1275 1680 1439 1749 interpretes
1456 1685 1485 1734 et
1502 1696 1549 1734 eos
1567 1679 1653 1734 secuti
1672 1679 1790 1748 apostoli
1804 1680 1834 1733 in
1846 1680 1882 1736 N.
1893 1680 1925 1736 T.

226 1768 261 1820 cle
277 1784 306 1819 aa
324 1768 353 1820 in
368 1767 484 1835 plurali
500 1784 614 1820 numero
634 1766 801 1836 lopaeretur,
818 1768 985 1835 oportuisset
1003 1783 1062 1819 erem
1091 1781 1190 1819 nomen
1214 1764 1341 1820 dehovab
1365 1764 1544 1819 reddiderunt
1560 1782 1610 1834 per
1634 1762 1735 1835 κύριος,
1755 1770 1788 1818 ut
1811 1764 1925 1820 infinitis

226 1853 266 1906 ita
290 1853 371 1922 loqui
390 1853 433 1906 ael
455 1870 563 1921 semper
580 1852 624 1905 ael
651 1859 682 1903 ut
703 1853 872 1922 plurimum,
895 1854 1063 1920 praesertim
1091 1851 1221 1920 exemplis
1247 1850 1357 1921 probari
1377 1858 1477 1920 potest.
1511 1851 1576 1905 lam
1594 1867 1657 1904 vero
1681 1866 1784 1904 nomen
1801 1851 1924 1906 deborae

226 1956 288 1992 cum
306 1940 394 2005 lupam
416 1941 498 1992 claret
522 1939 551 1990 in
574 1937 651 1991 Sina.
680 1937 724 1991 De
743 1936 900 1992 hominibus
920 1937 1064 2008 dignitatis
1092 1943 1132 1991 est
1151 1936 1203 1991 Dei
1222 1936 1375 2007 proprium,
1401 1943 1432 1991 ut
1449 1936 1620 1990 ostendimus
1640 1937 1781 2006 superius,
1807 1943 1836 1991 et
1855 1935 1928 1994 Soci-

226 2041 289 2079 eum
315 2024 450 2094 pluralem
479 2024 540 2078 loco
570 2023 718 2095 singularis
745 2040 921 2093 usurpamus,
950 2024 1000 2078 sed
1029 2025 1063 2078 de
1091 2041 1141 2076 nus
1161 2023 1220 2092 ipse
1238 2023 1348 2077 videtur
1365 2023 1524 2078 concedere.
1555 2022 1635 2086 Qrsod
1658 2022 1774 2077 Sociuus
1794 2022 1864 2078 dicit
1880 2041 1928 2076 no-

225 2112 287 2166 Deo
314 2109 366 2164 boc
390 2110 504 2165 concedi
531 2109 643 2181 nequit,
673 2110 733 2179 ejus
757 2126 863 2163 summa
887 2109 1009 2180 dignitas
1034 2116 1065 2164 ut
1091 2127 1151 2162 maa
1177 2109 1272 2178 κύριος
1299 2111 1363 2162 Deo
1391 2110 1552 2162 attributum
1581 2126 1677 2162 carere
1707 2110 1845 2177 articula,
1878 2112 1929 2164 sod

227 2203 407 2269 agnoscatur,
432 2195 522 2266 qualis
539 2202 588 2250 est.
621 2195 699 2249 Deus
717 2212 824 2266 semper
843 2212 931 2267 aeque
949 2195 1064 2251 honora·
1091 2194 1200 2248 Uiriato
1220 2197 1380 2249 attributum
1399 2197 1500 2248 labere
1519 2196 1649 2248 additum
1667 2194 1833 2264 articulum,
1857 2195 1928 2250 idsi

226 2287 271 2336 tus
296 2287 338 2336 est
355 2289 383 2336 et
403 2288 496 2336 tamen
513 2299 568 2336 non
590 2297 698 2349 semper
716 2281 838 2350 loquitur
857 2280 891 2333 de
909 2298 937 2335 se
957 2281 985 2334 iu
1005 2281 1064 2353 plu·
1091 2281 1257 2352 generaliter
1283 2281 1450 2351 accipiatur,
1475 2287 1622 2351 utrumque
1640 2280 1742 2334 falsum
1762 2288 1812 2336 est.
1846 2280 1928 2336 Prius

226 2368 277 2422 rali
295 2385 414 2422 numero.
445 2367 477 2421 R.
496 2366 577 2422 Aban
596 2366 668 2420 Ezra
687 2366 715 2418 in
735 2383 757 2420 c.
777 2371 817 2419 st.
849 2365 949 2421 Ganos.
971 2367 1064 2437 plura·
1091 2375 1168 2438 patet
1187 2384 1220 2422 ex
1239 2368 1336 2422 Matth.
1360 2375 1385 2435 l,
1410 2385 1434 2419 v.
1457 2372 1496 2420 22.
1523 2384 1546 2422 c.
1566 2372 1595 2434 2,
1619 2385 1645 2422 v.
1670 2373 1706 2422 15.
1733 2384 1756 2420 c.
1776 2373 1821 2435 22,
1843 2385 1869 2423 v.
1888 2374 1928 2423 lt.

167 2511 169 2514 ,
225 2454 260 2507 lis
283 2470 411 2509 numerus
435 2454 470 2508 ad
496 2451 707 2523 significandam
726 2451 890 2522 dignitatem
911 2458 1017 2507 tautum
1037 2453 1064 2505 in
1092 2455 1159 2508 Luc.
1181 2460 1202 2521 t,
1219 2472 1244 2507 v.
1263 2460 1287 2508 6.
1305 2453 1367 2508 Act.
1390 2459 1427 2520 Π,
1447 2471 1471 2504 v.
1492 2452 1759 2522 2¹1.ctc.,posterius
1778 2470 1811 2507 ex
1829 2453 1928 2511 unuh.

226 2540 349 2596 secrmda
366 2546 394 2594 et
411 2538 500 2606 tertia,
518 2554 573 2592 non
589 2545 682 2592 autem
700 2538 729 2592 iu
746 2538 835 2608 prima
853 2536 1064 2608 parsona'usur·
1093 2548 1115 2610 7,
1136 2559 1161 2598 v.
1183 2546 1223 2596 21.
1243 2556 1267 2594 θ.
1287 2545 1309 2607 8,
1328 2558 1353 2592 v.
1374 2545 1399 2595 2.
1419 2556 1441 2592 c.
1461 2544 1502 2606 22,
1521 2557 1547 2592 v.
1565 2544 1606 2594 43.
1627 2537 1706 2592 Rom.
1723 2545 1743 2606 1,
1761 2556 1787 2594 v.
1807 2545 1831 2595 7.
1849 2557 1874 2595 θ.
1891 2546 1929 2609 14,

226 2631 317 2698 patur.
349 2632 372 2681 5.
389 2626 578 2694 Quaecunque
594 2623 719 2693 exempla
735 2624 861 2695 usurpati
879 2625 985 2678 numeri
1003 2624 1063 2694 plu·
1091 2646 1115 2681 v.
1139 2633 1176 2683 14.
1195 2633 1246 2681 etc.
1277 2631 1299 2681 2.
1321 2625 1433 2696 quaudo
1452 2624 1545 2694 κύριος
1562 2625 1606 2679 vel
1624 2623 1790 2679 honorificae
1809 2626 1930 2696 compel-

226 2713 293 2767 ralis
317 2728 367 2782 pro
392 2709 527 2780 singulari
553 2709 720 2779 afferuntur,
747 2727 781 2766 ea
804 2711 838 2765 de
863 2710 996 2765 creaturis
1020 2711 1063 2765 vel
1089 2713 1199 2767 lationis
1221 2712 1265 2767 vel
1289 2711 1464 2782 particularis
1488 2710 1607 2782 alicujus
1630 2710 1744 2764 dominii
1770 2728 1857 2767 causa
1880 2712 1928 2766 ho·

226 2797 308 2852 idolis
335 2797 486 2868 loquuntur
504 2800 533 2850 et
551 2795 682 2865 explicari
700 2803 815 2866 possunt
839 2796 883 2852 rel
901 2812 952 2866 per
970 2812 1064 2869 papio·
1091 2800 1157 2853 mini
1175 2798 1326 2866 tribuatur,
1350 2814 1382 2852 ex
1402 2797 1616 2852 circumstantiis
1634 2801 1725 2851 textus
1744 2795 1830 2853 facile
1848 2798 1929 2853 iutel-

225 2882 283 2957 po'r
310 2883 356 2938 vel
380 2899 431 2952 per
457 2880 576 2952 figuram
595 2881 734 2951 quandam
752 2882 902 2950 sermonis,
931 2883 1064 2953 syllepsin
1089 2885 1140 2956 ligi
1152 2889 1255 2954 potest:
1276 2884 1320 2938 vel
1338 2883 1412 2938 euim
1432 2883 1544 2938 additur
1562 2882 1705 2945 restrictio,
1724 2888 1757 2936 ut
1776 2886 1930 2939 secundans

226 2969 333 3028 scilicet
352 2967 396 3023 sel
415 2967 562 3039 enallagen
580 2967 699 3035 numeri,
724 2969 774 3022 aad
801 2970 912 3040 quaudo
930 2985 982 3022 vox
1000 2969 1063 3024 Elo-
1091 2973 1160 3040 prid
1169 2970 1306 3024 Dominus
1324 2969 1460 3039 appellari
1477 2968 1651 3040 intelligatur
1663 2967 1762 3025 Matth.
1778 2975 1818 3038 15,
1836 2987 1862 3023 v.
1881 2975 1929 3026 27:

225 3056 283 3111 him
301 3056 336 3110 de
354 3054 415 3110 Deo
439 3054 550 3124 proprie
575 3060 737 3124 usurpatur,
765 3055 830 3109 talis
856 3054 947 3125 figura
972 3056 1063 3110 locum
1093 3057 1195 3112 Catelli
1212 3058 1296 3110 edunt
1314 3057 1349 3109 de
1366 3056 1446 3108 missa
1466 3056 1642 3110 dominorum
1660 3072 1781 3108 auorum
1809 3055 1873 3109 Act
1891 3061 1929 3126 lt,

226 3159 281 3197 non
302 3141 401 3210 habet3
426 3138 467 3194 ibi
492 3139 566 3194 euim
591 3155 643 3194 nec
667 3140 756 3195 civilis
775 3139 921 3213 cujusdam
940 3158 1063 3196 reveren·
1090 3161 1114 3197 v.
1135 3149 1174 3211 19,
1199 3142 1243 3197 val
1269 3141 1432 3212 adjungitur
1450 3139 1612 3210 descriptio,
1639 3157 1711 3212 quae
1733 3139 1856 3197 ostendit
1873 3158 1929 3196 nou

226 3228 283 3283 tiae
309 3243 408 3294 causa,
437 3243 488 3280 nec
514 3225 651 3280 rhetorica
679 3225 800 3296 quadam
829 3225 920 3298 figma
950 3227 1063 3297 pluralis
1091 3229 1125 3283 de
1146 3232 1253 3283 summo
1271 3235 1299 3282 et
1317 3227 1444 3282 absoluto
1463 3226 1583 3280 Domino
1606 3244 1665 3282 esse
1682 3242 1844 3282 sermonem.
1877 3227 1930 3283 (lo

226 3331 356 3370 uumems
377 3312 412 3367 de
430 3312 491 3366 Deo
510 3318 673 3381 usurpatur,
698 3312 747 3366 sed
769 3319 881 3383 proptor
904 3330 1016 3367 causam
1035 3313 1063 3366 in
1091 3316 1153 3369 loss.
1177 3321 1205 3381 3,
1230 3332 1255 3367 v.
1282 3319 1328 3368 22:
1356 3314 1449 3380 Servi,
1476 3314 1583 3366 obedite
1611 3314 1733 3366 dominis
1755 3313 1927 3367 carnalibus.

227 3398 295 3469 ipsis
303 3397 461 3469 'Scripturis
479 3396 546 3452 alibi
561 3402 748 3453 monstratam.
779 3403 801 3452 6.
820 3396 937 3461 Quando
955 3399 1064 3453 Elobim
1095 3407 1115 3456 l.
1134 3400 1196 3454 (lor.
1219 3406 1249 3468 S,
1278 3417 1302 3451 v.
1322 3406 1349 3454 5:
1386 3398 1456 3452 Sunt
1483 3399 1526 3450 dii
1554 3398 1636 3452 multi
1663 3405 1688 3450 et
1712 3400 1821 3452 (lamini
1847 3400 1931 3453 mnus

228 3483 403 3539 distributive
420 3487 577 3553 usurpatur,
596 3499 651 3537 non
670 3481 771 3537 desinit
788 3500 848 3538 esse
865 3483 981 3553 plurale,
1000 3485 1065 3556 quia
1091 3485 1249 3556 lampsaci,
1265 3484 1309 3539 vel
1326 3484 1481 3539 annectitur
1498 3483 1571 3537 illins
1583 3483 1695 3538 Domini
1708 3501 1776 3555 erga
1789 3501 1929 3540 summum

229 3569 386 3625 distributio
408 3576 451 3623 est
474 3567 620 3623 indefinita
638 3569 775 3639 quaedam
798 3569 955 3638 pluralitas,
980 3571 1066 3625 lixod.
1092 3572 1254 3639 Dominam,
1282 3570 1329 3641 qui
1353 3574 1396 3624 est
1413 3569 1549 3624 Dominus
1569 3569 1755 3637 dominorum,
1782 3571 1928 3640 subjectio.

228 3662 274 3725 20,
295 3673 321 3710 v.
342 3661 370 3710 2:
388 3673 445 3709 non
463 3655 516 3708 erit
533 3655 584 3707 tibi
604 3655 659 3708 Dii
676 3656 771 3721 alieni,
794 3655 819 3708 b.
839 3673 862 3711 e.
883 3657 975 3711 nullus
993 3658 1064 3712 Dec·
1095 3664 1114 3714 l.
1134 3659 1206 3714 Tim.
1226 3663 1255 3725 6,
1273 3674 1298 3713 v.
1320 3663 1358 3712 15.
1385 3656 1471 3726 Apoc.
1493 3663 1531 3724 ll,
1551 3674 1576 3710 v.
1599 3663 1637 3712 tr.
1660 3672 1682 3710 c.
1707 3663 1750 3724 19,
1768 3675 1794 3713 v.
1816 3663 1861 3727 163
1885 3657 1930 3713 rel

227 3759 289 3796 rum
306 3741 467 3796 alienorum.
499 3738 617 3803 Quando
634 3740 720 3797 Exod.
740 3747 782 3809 32,
799 3760 825 3796 v.
844 3748 867 3797 4.
888 3738 916 3798 et
934 3749 957 3798 8.
979 3743 1065 3797 vitula
1092 3762 1125 3798 ex
1151 3744 1212 3814 ipso
1238 3748 1367 3798 contextu
1388 3742 1553 3813 intelligitur
1576 3760 1631 3797 non
1656 3744 1691 3798 de
1709 3761 1815 3799 summo
1833 3748 1864 3799 et
1882 3743 1929 3798 ab

228 3827 257 3882 iu
275 3825 477 3881 idololatricum
495 3827 600 3881 cultum
618 3833 709 3882 erecto
729 3827 872 3897 tribuitur,
895 3829 991 3883 itidem
1010 3848 1064 3884 non
1095 3831 1184 3886 soluto
1203 3829 1322 3884 Domino
1342 3827 1382 3883 ibi
1397 3828 1458 3899 agi,
1479 3829 1591 3900 quando
1609 3828 1716 3884 scilicet
1732 3829 1802 3884 talia
1820 3819 1929 3901 praedi-

229 3913 331 3969 desinit
353 3929 412 3967 esse
439 3913 563 3982 plurale,
590 3913 657 3985 quia
680 3931 735 3968 uon
756 3914 846 3984 ipsum
864 3915 989 3984 vitulum,
1016 3917 1064 3971 sed
1093 3924 1156 3973 cata
1182 3916 1222 3970 illi
1249 3916 1420 3983 tribuuntur,
1447 3931 1519 3985 quae
1544 3933 1598 3969 non
1628 3915 1796 3970 conveniunt
1822 3933 1929 3972 summo

226 4017 322 4055 rerum
354 3999 502 4067 dehoram,
542 4000 589 4070 qui
618 4016 651 4054 er
681 3999 813 4071 Aegypto
847 4017 893 4055 eas
923 4001 1064 4067 eduxerat,
1092 4003 1225 4070 Domino,
1252 4017 1317 4056 vero
1340 4018 1373 4055 ao
1398 4005 1509 4057 aeterno
1524 3990 1604 4069 Deo}
1628 4000 1738 4055 interim
1761 4001 1791 4055 in
1808 4003 1930 4074 propris,

225 4086 371 4143 lsra'elitae
389 4085 418 4138 iu
435 4084 483 4139 illo
500 4084 587 4141 vitulo
605 4085 695 4142 colere
714 4085 869 4155 voluerunt,
886 4105 910 4142 v.
930 4093 954 4142 5.
973 4103 1064 4143 eono-
1094 4088 1238 4159 principali
1269 4093 1298 4141 et
1325 4087 1455 4142 eminenti
1484 4085 1685 4158 significatione
1712 4105 1814 4143 nomem
1839 4087 1930 4161 κύριος

226 4174 300 4230 mine
317 4172 502 4243 appellarunt.
1094 4175 1146 4230 Dei
1169 4172 1310 4243 proprium
1334 4179 1435 4229 manet.
1467 4178 1490 4227 3.
1511 4173 1618 4228 Nomen
1642 4172 1734 4246 κύριος
1756 4173 1797 4228 ita
1821 4175 1929 4245 praedi·

261 4261 301 4317 54.
328 4260 436 4315 Nomen
454 4258 583 4311 Jeloaalr
603 4265 628 4312 at
648 4258 767 4311 Adonai
784 4258 868 4313 LXX
886 4259 1065 4315 reddiderunt
1092 4269 1171 4316 catur
1186 4261 1220 4315 de
1233 4258 1355 4320 Christo,
1375 4265 1406 4313 ut
1425 4277 1459 4314 ex
1477 4274 1510 4313 ea
1528 4259 1708 4328 praedicandi
1721 4259 1831 4315 ratione
1844 4259 1929 4331 ipsius

223 4365 273 4419 per
291 4345 392 4419 κύριος,
416 4344 489 4399 sicut
507 4344 622 4397 Elolrim
641 4360 692 4414 per
709 4343 781 4404 θεός.
812 4343 960 4408 Quaeritur
972 4351 1064 4400 autem
1093 4347 1222 4402 divinitas
1241 4350 1316 4400 certo
1335 4345 1428 4416 colligi
1448 4345 1548 4415 possit3
1574 4351 1689 4400 vocatur
1709 4346 1783 4400 euim
1803 4347 1930 4402 absolute

224 4435 260 4489 de
278 4432 388 4487 nomine
407 4430 501 4504 κύριος
518 4449 555 4483 an
573 4431 610 4482 ait
628 4430 683 4483 soli
696 4438 808 4483 aeterno
821 4431 884 4483 Deo
897 4433 1066 4500 proprium!
1094 4432 1187 4504 κύριος
1205 4433 1265 4486 siue
1282 4430 1407 4494 articulo,
1425 4431 1500 4500 quod
1512 4430 1601 4486 Socin.
1618 4437 1699 4501 putat
1716 4449 1776 4487 esse
1795 4432 1940 4489 iudicium

223 4521 318 4592 Negat
335 4518 450 4576 Socinus
468 4523 566 4572 contra
584 4515 716 4571 Wielxum
733 4532 756 4572 c.
777 4520 799 4570 6.
817 4515 898 4571 class.
918 4523 941 4571 l.
962 4534 1020 4588 arg.
1042 4524 1063 4572 2.
1092 4518 1210 4573 nominis
1233 4517 1349 4587 proprii3
1377 4517 1533 4588 appellatur
1555 4518 1697 4570 Dominus
1726 4519 1928 4574 dominantium

223 4626 250 4679 p.
270 4613 334 4663 395:
353 4607 462 4658 Nomen
473 4602 601 4656 Jetoron
615 4601 728 4671 (inquit)
740 4608 780 4654 est
797 4620 893 4654 namen
906 4605 1064 4672 proprium,
1093 4605 1147 4674 Ap.
1169 4610 1208 4672 17,
1227 4621 1251 4657 ν.
1268 4610 1307 4658 tt.
1325 4620 1349 4658 c.
1368 4610 1407 4667 19,
1425 4622 1450 4659 v.
1468 4609 1509 4670 163
1528 4603 1659 4658 tribuitur
1675 4603 1701 4657 ei
1716 4611 1843 4672 potestas
1860 4606 1930 4660 oaols‘

224 4691 320 4762 arripior
342 4707 407 4745 aero
430 4707 479 4744 seu
497 4688 638 4743 Dominus
664 4687 865 4756 appellativum
888 4697 913 4742 et
931 4689 1065 4757 plurimis
1093 4689 1418 4758 accaronitarum,
1442 4707 1467 4742 r.
1490 4695 1528 4744 19.
1556 4705 1588 4744 ac
1613 4689 1729 4760 proinde
1753 4696 1799 4745 est
1816 4691 1886 4747 eceli
1902 4698 1929 4747 et

223 4781 305 4848 culpo
331 4779 475 4844 tributum,
500 4777 608 4829 ideirco
631 4774 676 4827 vel
700 4773 751 4825 loa
773 4775 807 4826 ab
832 4775 922 4828 solum
943 4775 1064 4844 ineptum
1093 4784 1181 4832 terrae
1208 4775 1358 4838 Dominus,
1392 4776 1467 4847 quod
1497 4775 1583 4830 solius
1614 4777 1672 4831 veri
1701 4776 1757 4830 Dei
1786 4778 1927 4849 proprium

224 4868 266 4923 ad
280 4883 378 4920 nomen
390 4863 514 4917 Jehooae
532 4861 749 4930 suprimendum.
776 4858 877 4913 Canuti
893 4868 987 4914 tamen
1003 4871 1065 4915 eunt
1094 4863 1190 4917 Matth.
1219 4870 1262 4930 ll,
1287 4879 1311 4914 v.
1332 4869 1378 4928 253
1405 4869 1520 4916 vocatur
1545 4862 1626 4916 simul
1649 4868 1676 4916 et
1699 4862 1794 4928 κύριος
1816 4871 1844 4919 et
1868 4861 1927 4924 θεός

224 4949 480 5008 LXXlruiomalo
499 4947 680 5001 lucratione
700 4947 818 5014 merlam,
846 4954 876 5000 ut
893 4947 999 5000 scilicet
1016 4965 1063 5001 no·
1092 4948 1155 5004 Joh.
1174 4956 1220 5010 20,
1240 4966 1265 5002 v.
1285 4953 1325 5003 28.
1354 4947 1438 5002 Dicta
1450 4947 1484 5003 V.
1502 4948 1544 5016 Τ,
1563 4964 1634 5018 quae
1653 4948 1688 5001 de
1707 4948 1767 5002 solo
1785 4966 1852 5005 vero
1869 4950 1925 5005 Das

225 5059 285 5094 men
303 5038 394 5113 κύριος
406 5038 475 5102 sore
492 5050 609 5103 semper,
633 5051 694 5085 aum
714 5033 839 5085 Jstovas
860 5033 921 5085 loeo
937 5034 1064 5101 ponitur,
1092 5041 1191 5105 agunt,
1217 5035 1246 5088 in
1263 5035 1298 5090 N.
1315 5033 1347 5087 T.
1367 5034 1622 5102 accommodantur,
1645 5038 1673 5088 et
1691 5033 1828 5090 attributa
1845 5052 1927 5108 opera

224 5127 261 5179 rit
287 5128 346 5180 sino
368 5123 503 5189 articulo,
527 5138 581 5190 quo
604 5119 776 5173 commodius
799 5136 896 5172 nomen
913 5122 1064 5188 proprium
1091 5136 1124 5174 ac
1141 5121 1231 5174 cultus
1249 5138 1313 5175 vere
1331 5118 1440 5173 divinus
1461 5118 1513 5189 ipsi
1531 5118 1703 5187 tribuuntur3
1723 5119 1828 5176 frustm
1844 5122 1926 5194 igitur

223 5213 331 5278 referre
350 5209 450 5280 possit.
487 5209 584 5276 Neque
606 5208 677 5261 anim
701 5205 791 5259 solent
815 5205 992 5275 appellativa
1015 5225 1063 5259 no·
1090 5212 1285 5277 argumentum
1309 5221 1343 5259 ex
1364 5205 1474 5260 nomine
1499 5212 1595 5272 raptor
1623 5205 1773 5261 deductum
1800 5207 1925 5264 anoti·

224 5296 301 5349 mina
321 5295 483 5361 iaGraeea
505 5294 615 5361 linqua,
642 5310 703 5344 cum
720 5292 837 5360 sabjecti
855 5291 948 5344 locam
965 5299 1061 5359 mnam,
1092 5291 1182 5345 nianis
1200 5291 1393 5362 impugnatur,
1411 5291 1478 5361 quia
1498 5291 1597 5362 regula
1618 5297 1660 5345 est
1679 5290 1849 5348 firmissima:
1877 5292 1926 5349 eui

224 5382 321 5454 offerri
336 5382 395 5435 aas
413 5380 542 5434 articulo.
575 5380 615 5431 At
628 5378 754 5432 Uiriatus
772 5396 833 5432 aum
851 5375 944 5451 κύριος
958 5379 1062 5447 subjec-
1092 5377 1173 5432 modo
1197 5395 1229 5432 ac
1250 5377 1355 5432 ratione
1375 5378 1436 5447 jam
1461 5377 1585 5448 exposita
1603 5393 1704 5432 nomen
1721 5374 1816 5450 κύριος
1832 5379 1926 5436 tribuu-

223 5468 289 5534 trba,
315 5475 344 5520 ut
363 5467 404 5520 aio
426 5466 560 5533 diarriae,
585 5464 761 5534 appellatur,
777 5465 845 5530 scra
864 5480 973 5535 sempor
992 5465 1061 5518 arti·
1093 5469 1150 5529 tur,
1170 5463 1193 5517 is
1212 5471 1254 5519 est
1272 5481 1353 5519 verus
1371 5469 1399 5518 et
1417 5468 1545 5518 aeternus
1564 5462 1649 5518 Deus.
