3984 6022
177 227 219 287 24
253 229 257 238 ’
882 217 1165 279 uocusrumue

180 377 290 433 oblatae
319 395 373 432 non
399 375 499 432 tollunt
525 379 661 431 internum
685 374 822 431 scribendi
847 375 1030 451 mandatum,l
1044 393 1117 444 eam,
1139 391 1172 431 ac
1194 374 1263 429 illud
1282 373 1464 445 apostolicum
1483 380 1507 431 2.
1526 374 1587 431 Cor.
1608 382 1632 442 3,
1651 393 1676 429 v.
1697 381 1720 431 3.
1741 374 1873 447 Epistola

182 465 232 520 sed
251 464 431 535 illudpotius
448 461 600 529 stabiliunt,
617 478 681 515 cnm
699 461 817 516 mirabili
830 462 940 516 divinae
954 479 1015 532 pro·
1041 469 1139 515 nostru
1158 479 1206 516 vos
1224 462 1290 515 estis
1306 463 1414 532 empta
1432 480 1450 515 a
1466 462 1546 515 mobis
1561 480 1617 515 nors
1636 469 1807 529 atramento,
1823 465 1875 518 ced

182 549 320 606 videntiae
333 548 511 620 dispositione
524 562 682 602 occasiones
692 547 895 618 illaeapostohs
905 547 1015 603 oblatae
1042 548 1153 618 Spiritu
1173 549 1231 602 Dei
1248 548 1319 616 cici,
1346 565 1403 602 soe
1424 549 1455 601 irs
1478 548 1582 602 tabulis
1606 548 1745 618 lapideis,
1770 549 1858 603 sed'
1844 568 1875 604 ιιι

182 637 298 705 fuerint,
323 642 351 691 et
375 636 412 690 ad
437 650 484 689 eae
501 634 614 689 interior
631 634 750 704 Spiritus
773 635 861 688 sancti
881 634 1015 705 impulsus
1041 635 1146 688 tabshs
1166 635 1261 688 cordis
1279 636 1395 699 camah,
1413 635 1558 706 exquibus
1571 634 1714 707 colligunt,
1735 635 1875 692 C'hrs‘stssss

184 721 445 795 posteaaccesscrit,
459 738 513 792 quo
526 720 642 791 permoti
657 737 768 774 manum
783 720 926 790 scriptioni
939 718 1015 774 adhi·
1040 739 1096 774 aaa
1119 721 1237 775 coluisse
1263 721 1407 775 ecclesiam
1432 738 1512 774 suam
1535 739 1554 774 a
1582 720 1739 776 chartaceis
1761 723 1875 794 scriptis

184 811 309 866 buerunt.
350 814 374 863 3
399 806 544 876 Ejusmodi
568 805 727 861 occasiones
752 804 780 859 in
802 805 863 877 ipsa
880 805 1016 876 apostolo·
1040 808 1177 876 pendere,
1203 824 1253 861 acc
1276 808 1443 861 ιιιιιιιόιιιιιιι
1464 809 1597 876 mysteria
1621 827 1674 861 aaa
1699 809 1874 864 commmsrc.

184 913 244 951 rum
264 892 469 966 praedicatione
487 891 589 947 alicubi
609 897 763 946 occumuut.
790 892 853 945 Act
873 898 912 960 11,
931 910 955 945 v.
978 897 1015 947 16.
1042 892 1225 948 Bellarnunus
1248 893 1363 948 crudum
1387 894 1455 949 illud
1475 895 1682 964 pronuntiatum
1701 894 1740 949 sic
1763 895 1875 951 emollit

184 983 289 1037 Paulus
304 998 366 1035 cum
380 979 496 1035 Athenis
512 979 597 1033 Silam
611 985 639 1033 et
651 977 827 1034 Timotheum
839 984 1017 1049 exspectaret,
1044 979 1173 1033 Dicimus
1198 981 1234 1034 N.
1258 981 1289 1032 Τ.
1313 980 1468 1051 praecipue
1494 981 1524 1033 irs
1550 981 1635 1035 corde
1657 980 1745 1035 scribi
1768 982 1876 1050 dedere,

184 1069 354 1122 incitabatur
367 1067 493 1136 Spiritus
511 1068 571 1134 ejas
589 1067 618 1118 ιἰι
635 1067 697 1135 ipso
716 1066 813 1119 uideas
832 1065 1017 1119 idololatriae
1042 1082 1092 1119 aec
1110 1066 1267 1119 ιιιιιιιιιιιο
1285 1066 1400 1135 ccipere,
1418 1073 1447 1119 ut
1464 1066 1604 1120 scribatur
1621 1067 1652 1120 ie
1670 1067 1758 1122 libris.
1790 1068 1874 1141 Resp.

176 1139 310 1209 'deditam
339 1154 483 1207 cs'citotam.
527 1151 630 1207 Contu
653 1157 740 1207 totam
763 1159 885 1207 actorum
910 1157 1017 1222 aposto
1046 1152 1068 1208 1,
1094 1150 1252 1222 Scripturas
1281 1152 1407 1222 nomine,
1438 1168 1521 1224 qnam
1552 1150 1646 1223 phrasi
1680 1152 1878 1223 Snencieldiqa

186 1241 301 1296 licorum
320 1239 470 1294 historiam.
506 1238 571 1294 ham
589 1256 654 1294 vero
673 1237 857 1295 Bellmminus
884 1237 1018 1307 concedit,
1048 1237 1135 1291 libros
1161 1238 1322 1293 chartaceos
1342 1247 1367 1292 et
1385 1241 1560 1294 membranas
1578 1257 1627 1311 per
1645 1245 1814 1297 contemtum
1831 1259 1877 1312 ap·

186 1328 323 1399 apostolos
349 1345 381 1382 er
406 1325 536 1381 mandato
562 1325 616 1381 Dei
639 1326 823 1397 praedicasse.
877 1324 1021 1396 Agnoscat
1046 1313 1168 1394 pellant,
1186 1325 1393 1396 complectimur
1410 1341 1464 1380 non
1482 1326 1570 1383 solum
1590 1332 1715 1382 ιιιιιιιοι
1735 1328 1877 1385 literarum

186 1402 276 1486 igitnr'
288 1413 446 1470 occasiones
465 1414 501 1467 ad
526 1413 702 1469 scribendum
726 1412 834 1468 oblatas
857 1428 921 1467 curn
944 1428 1019 1466 man·
1045 1409 1138 1480 apices
1157 1416 1184 1465 ιι
1201 1411 1384 1477 characteres,
1411 1413 1562 1469 sedetiam
1582 1430 1625 1469 res
1642 1413 1716 1484 ipsas
1740 1431 1792 1486 per
1815 1415 1878 1471 cha·

186 1501 252 1556 dato
274 1499 414 1555 scribendi
439 1499 550 1555 minime
574 1517 708 1572 pugnare.
751 1507 775 1555 4.
801 1498 883 1564 Quod
905 1497 1022 1554 ecclesia
1047 1501 1166 1551 rectem
1186 1496 1323 1569 signatas,
1342 1497 1371 1552 id
1392 1505 1448 1561 est,
1472 1498 1562 1566 ipsum
1581 1498 1635 1554 Dei
1654 1499 1768 1555 verbum
1787 1517 1820 1556 ac
1839 1502 1879 1555 di·

186 1587 261 1643 illins
277 1586 408 1657 temporis
427 1584 464 1640 ab
483 1585 661 1657 evangelistis
681 1591 709 1641 ιι
728 1585 860 1656 apostolis
880 1584 974 1656 petiit,
991 1584 1020 1638 id
1046 1581 1138 1636 vinam
1163 1582 1376 1652 patefactionem
1401 1584 1518 1640 externis
1542 1584 1747 1641 characteribus
1772 1588 1879 1642 ineru-

186 1672 239 1728 fuit
257 1672 366 1727 divium
385 1670 520 1727 voluntati
546 1670 692 1726 conforme.
727 1670 802 1742 Ergo
828 1670 938 1756 Deus
930 1687 1021 1741 ipsum
1047 1671 1179 1742 πωμένηι
1198 1676 1225 1725 ιι
1248 1686 1415 1741 expressam,
1440 1671 1502 1725 ut
1494 1689 1522 1725 ιιι
1545 1671 1693 1745 ὁμωιιμιᾳ
1715 1675 1880 1731 monuimus

187 1758 307 1814 voluisse
326 1757 479 1813 censendus
496 1763 545 1811 ιιι.
1046 1754 1112 1810 dam
1123 1771 1188 1810 vero
1204 1771 1248 1810 res
1266 1756 1371 1813 illae
1349 1775 1407 1813 srve
1426 1757 1551 1814 doctrina
1570 1759 1723 1814 ιιιΙιιιίι
1716 1777 1744 1814 ιιι
1757 1759 1880 1834 Scriptu-

85 1856 127 1901 tu.
140 1854 174 1898 ts.
223 1851 264 1900 31.
300 1848 326 1898 2.
353 1843 388 1898 Si
411 1843 536 1913 apostoli
558 1843 716 1896 doctrinam
742 1860 821 1896 suam
846 1842 936 1896 literis
958 1859 1019 1895 cau·
1046 1840 1084 1895 ris
1102 1842 1243 1912 proposita
1258 1842 1298 1898 ita
1317 1851 1475 1915 comparata
1493 1852 1548 1912 est,
1571 1853 1602 1901 ut
1625 1845 1661 1901 ab
1679 1846 1808 1903 interiore
1831 1849 1881 1905 illa

187 1932 302 2000 siphara
322 1947 354 1984 ea
368 1933 501 2000 professo
519 1930 686 1998 ιοιιιιιιιιιι,
713 1937 786 1984 certe
805 1928 956 1983 catechesis
973 1935 1022 1981 aut
1050 1928 1209 1999 Scriptura,
1234 1928 1309 1984 facta
1325 1946 1375 2001 per
1400 1931 1532 2003 Spiritum
1550 1933 1707 1987 sanctum
1699 1951 1728 1987 ιιι
1750 1933 1881 1992 cordibus

188 2017 308 2072 simdem
333 2016 434 2070 liberam
461 2016 651 2084 ccasccs'sseet.
688 2017 727 2069 As
744 2016 803 2086 ipsi
816 2015 861 2069 cci
877 2014 1022 2069 historiam
1047 2014 1206 2080 hominum,
1225 2016 1410 2073 essentialiter
1426 2018 1537 2074 minime
1556 2018 1684 2087 differat,
1700 2037 1762 2074 cum
1784 2021 1881 2079 eadem

187 2104 368 2174 scripserunt,
396 2110 427 2155 ut
452 2101 652 2170 eoorqslistae,
679 2102 724 2156 ccl
741 2102 876 2172 epistolas
894 2118 926 2155 ec
943 2117 1022 2155 occa·
1049 2102 1195 2172 mysteria,
1219 2117 1290 2173 quae
1306 2101 1425 2173 Spiritus
1447 2111 1559 2159 sanctus
1581 2105 1657 2160 cordi
1673 2106 1806 2162 ccclesiae
1823 2107 1882 2164 siva

188 2191 265 2244 ιιοιιι
290 2189 389 2260 aliqua
407 2196 438 2243 ιιι
455 2190 570 2258 Petrus,
601 2190 727 2257 Paulus,
753 2189 891 2257 Jacobus,
917 2189 1022 2256 Judas,
1048 2187 1220 2243 credentium
1247 2187 1389 2252 inscribit,
1421 2189 1502 2244 edam
1531 2189 1617 2245 literis
1645 2190 1727 2245 scribi
1756 2193 1883 2250 voluerit

189 2277 347 2340 Jchasrses,
366 2283 391 2329 et
409 2276 439 2328 ιἰι
456 2275 493 2328 iis
509 2292 565 2329 aco
586 2276 644 2328 sisi
663 2275 750 2328 ohs'ter
768 2275 971 2344 disputationes
986 2276 1022 2328 ds
1047 2271 1110 2329 Joh.
1130 2278 1171 2342 20,
1191 2292 1218 2331 v.
1237 2278 1278 2329 31.
1316 2274 1395 2329 Rom.
1419 2280 1444 2342 t,
1470 2294 1495 2330 v.
1518 2281 1548 2331 13
1566 2282 1617 2331 ιιι.
1637 2282 1720 2348 atque
1737 2278 1882 2335 ecclesiam

190 2363 364 2432 docmatihrcs
376 2370 571 2417 hactaoeuat.
591 2362 719 2432 Denique
730 2362 774 2416 cel
785 2361 892 2430 mapali
903 2360 1024 2431 apostoli
1050 2358 1086 2412 ab
1104 2375 1138 2414 ca
1157 2360 1277 2429 pendere
1297 2360 1398 2416 debere
1417 2360 1519 2416 diserte
1531 2362 1711 2433 praeceperit.
1730 2363 1884 2432 Cantent,

191 2450 344 2504 edidissent
360 2448 495 2518 scriptam
509 2448 674 2515 ἀιιιιιιιιιιι,
693 2464 753 2500 cum
771 2448 879 2517 ιιιιιιιι·
894 2447 1023 2501 habereut
1050 2463 1076 2500 v.
1094 2450 1118 2500 2.
1152 2444 1217 2501 lass.
1236 2452 1260 2508 8,
1279 2464 1305 2501 v.
1323 2452 1362 2502 20.
1397 2446 1466 2502 Luc.
1489 2453 1528 2517 16,
1547 2465 1573 2501 v.
1594 2453 1634 2504 29.
1671 2448 1734 2505 Joh.
1754 2457 1778 2519 5,
1795 2469 1821 2505 v.
1842 2457 1883 2508 tt)-

191 2553 286 2589 curam
312 2535 436 2606 alicujus
455 2535 637 2605 provinciae,
665 2535 710 2588 rel
732 2542 803 2588 certe
827 2551 919 2588 ommes
940 2533 1024 2587 mmuh
1050 2537 1074 2587 2.
1092 2530 1165 2585 Ριιι.
1187 2539 1215 2595 1,
1241 2549 1265 2586 v.
1286 2538 1324 2587 19.
1362 2537 1385 2587 2.
1406 2532 1440 2587 ln
1458 2533 1531 2587 dicto
1548 2534 1708 2604 prophetico
1731 2536 1825 2608 agitur
1849 2537 1885 2594 de

191 2621 359 2691 couprcpcts',
376 2627 523 2689 autequam
539 2620 714 2674 ds'sccdererst
725 2621 755 2673 iu
770 2637 837 2675 assas
851 2621 1024 2691 provincias,
1053 2617 1210 2673 discrimine
1227 2616 1337 2673 Veteris
1361 2636 1395 2673 ac
1415 2619 1488 2675 Novi
1505 2618 1685 2675 Testamenti.
1720 2622 1804 2677 med.
1820 2640 1883 2679 cen·

192 2725 359 2762 communem
378 2707 500 2776 aliqrssm
516 2706 619 2760 librum
637 2706 801 2777 edidissent,
826 2708 897 2761 sicat
919 2713 1026 2762 coastat
1051 2704 1121 2759 tinet
1139 2704 1293 2759 doctrinam
1311 2705 1503 2759 mandatorum
1520 2706 1652 2777 scriptam
1669 2707 1698 2761 in
1718 2708 1821 2765 tabulis
1845 2711 1885 2766 la·

193 2813 239 2848 cos
262 2793 441 2848 communiter
461 2793 614 2861 symbolam
626 2794 701 2863 fidei
717 2795 909 2863 coraposuisse.
941 2793 1025 2863 Resp.
1052 2791 1157 2861 pideis,
1185 2807 1235 2861 per
1260 2807 1344 2862 quam
1370 2791 1455 2847 corda
1481 2791 1596 2847 interius
1623 2810 1678 2848 nou
1703 2803 1884 2852 renovantur:

192 2881 260 2936 baec
278 2879 370 2935 omnia
383 2878 506 2933 nondum
523 2877 657 2949 probant,
675 2878 1026 2950 apostoloasinemandatc
1052 2878 1104 2932 hoc
1122 2893 1187 2932 vero
1212 2876 1334 2934 continet
1351 2877 1560 2949 promissionem
1582 2880 1701 2951 gratiae,
1727 2898 1885 2953 perquam

193 2967 286 3022 divino
310 2964 466 3036 Scripturas
491 2965 616 3020 edidisse.
661 2973 682 3020 1.
707 2965 904 3037 Evangelistaa
925 2964 1026 3020 Christi
1053 2964 1136 3018 datur
1152 2962 1270 3035 Spiritus
1288 2971 1399 3019 sanctus
1411 2964 1496 3019 corda
1512 2981 1677 3037 regenerans
1695 2972 1724 3021 et
1740 2984 1886 3035 renovans,

194 3054 271 3107 dicta
288 3058 316 3108 et
333 3051 409 3107 iacta
426 3051 511 3106 literis
530 3051 670 3115 mandare,
688 3069 744 3107 non
759 3056 851 3106 autem
869 3051 1026 3107 catechesin
1052 3050 1101 3106 sed
1118 3066 1151 3105 ex
1171 3068 1203 3106 eo
1220 3050 1316 3105 inferri
1334 3051 1445 3122 nequit,
1471 3051 1624 3108 doctrinam
1643 3053 1678 3108 N.
1696 3052 1729 3107 T.
1755 3072 1812 3109 non
1837 3055 1885 3111 de·

192 3139 314 3211 aliquam
332 3138 443 3193 uadem
467 3143 495 3192 et
516 3137 661 3193 voluerunt
684 3143 713 3192 et
735 3136 902 3207 debuerunt,
924 3137 973 3193 sed
997 3137 1026 3191 in
1051 3136 1145 3192 buisse
1164 3136 1251 3193 literis
1273 3138 1459 3193 commendari
1495 3144 1519 3194 3.
1544 3138 1622 3203 Quae
1651 3139 1723 3194 enim
1749 3138 1818 3196 baec
1842 3145 1886 3198 est

160 3214 163 3219 ¹
193 3225 247 3281 illis
265 3225 333 3296 ipsis
350 3223 451 3280 Christi
469 3221 646 3277 concionibus
664 3239 758 3279 omnes
776 3222 842 3279 fidei
853 3223 1026 3279 Christianae
1052 3224 1269 3295 consequentia?
1288 3224 1365 3280 Deus
1385 3225 1413 3278 in
1426 3225 1461 3280 N.
1473 3224 1505 3280 T.
1516 3241 1566 3295 per
1585 3242 1654 3297 opus
1667 3227 1886 3297 regenerationis

194 3311 303 3368 articuli
326 3316 524 3382 proponuntur.
566 3308 658 3365 Videl.
687 3309 764 3364 Cant
795 3317 816 3365 1.
841 3309 1025 3382 Magdebnrg.
1051 3316 1081 3366 et
1097 3310 1280 3366 renovationis
1296 3310 1394 3365 scribit
1410 3310 1500 3382 legem
1518 3311 1546 3366 in
1561 3312 1690 3367 cordibus
1706 3312 1886 3369 credentium.

194 3387 223 3454 et
236 3398 390 3469 Syntagma
401 3394 544 3467 wigandi.
571 3400 595 3450 2.
613 3395 740 3467 Apostoli
751 3411 926 3467 nequaquam
936 3395 1027 3450 obiter
1051 3397 1126 3467 Ergo
1150 3395 1268 3467 apostoli
1291 3413 1347 3451 non
1370 3396 1526 3452 habuerunt
1552 3397 1713 3452 mandatum
1737 3399 1886 3470 sedbendi,

193 3485 329 3539 duntaxat
345 3489 373 3538 ιι
392 3480 428 3542 ὡς
446 3483 476 3535 ἐν
494 3480 623 3552 παρόδῳ,
643 3483 691 3538 scd
712 3501 744 3538 ex
764 3481 887 3554 professo
906 3499 1025 3538 summos
1050 3483 1095 3538 vel
1120 3499 1186 3554 crgo
1204 3483 1321 3538 ecclesia
1340 3499 1395 3537 non
1413 3482 1516 3553 pendet
1534 3500 1551 3538 a
1568 3483 1646 3538 libris
1668 3485 1836 3558 propheticis
1857 3491 1887 3543 et

193 3571 259 3627 fidei
286 3568 415 3624 articulos
439 3574 574 3636 ιιιιιιιιι,
604 3574 635 3623 ut
664 3584 698 3623 er
724 3567 884 3624 inductione
914 3568 1024 3640 probari
1050 3568 1228 3641 apostolicis?
1257 3569 1347 3624 Deum
1374 3569 1575 3640 perspiritum
1601 3577 1727 3626 sanctum
1749 3579 1885 3645 tauquam

194 3664 293 3730 potest.
339 3655 481 3710 Atticulae
509 3655 543 3710 de
566 3654 763 3724 justificatione
787 3655 816 3708 in
842 3654 965 3724 epistolis
988 3657 1025 3712 ad
1051 3657 1198 3712 salutarem
1216 3655 1333 3723 dipitrrm
1351 3673 1432 3709 suum
1449 3655 1546 3710 Matth.
1567 3659 1606 3725 12,
1625 3674 1650 3709 ι.
1673 3662 1715 3712 at.
1752 3657 1820 3713 Luc.
1844 3664 1924 3728 11,ιι.

194 3744 345 3811 Romanos,
369 3741 484 3797 Galatas
507 3748 534 3797 et
559 3740 693 3813 Ephesios
713 3741 956 3797 fundamentaliter
981 3761 1024 3799 ex·
1053 3763 1077 3798 v.
1097 3749 1139 3799 211.
1160 3743 1274 3798 verbum
1300 3742 1437 3814 evangelii
1459 3742 1578 3797 scribere
1600 3743 1628 3796 in
1650 3742 1779 3798 cordibus
1797 3743 1884 3800 homi·

194 3830 321 3902 plicatur.
359 3829 501 3884 Articulus
527 3830 562 3885 de
584 3828 749 3884 eucharistia
774 3835 794 3883 t.
815 3827 876 3883 Cor.
895 3835 926 3884 10
946 3837 974 3885 et
995 3835 1022 3886 11
1051 3846 1134 3896 uum,
1159 3835 1243 3901 atque
1269 3828 1341 3883 idem
1366 3845 1416 3899 per
1435 3829 1573 3898 apostolos
1599 3829 1681 3899 velut,
1701 3845 1885 3887 amanuenses

193 3917 326 3972 articulus
343 3916 379 3972 dc
391 3914 493 3972 Christi
510 3920 539 3970 et
555 3920 650 3970 nostra
665 3915 865 3971 resurrectione
881 3921 902 3972 1.
915 3914 976 3971 Cor.
995 3923 1025 3974 te
1051 3914 1218 3970 membranis
1238 3915 1296 3970 sive
1315 3914 1417 3969 chards
1437 3912 1601 3982 inscribere,
1629 3932 1805 3988 nequaquam
1825 3934 1886 3975 sese

196 4012 247 4060 etc.
294 4010 318 4060 3.
347 4002 476 4074 Singulos
495 4001 634 4072 apostolos
653 4001 807 4056 doctrmam
826 4014 904 4057 suam
923 4003 1026 4074 scripto
1053 4008 1148 4057 mutuo
1159 4001 1268 4067 tollunt,
1288 4000 1336 4055 sed
1354 3999 1470 4055 invicem
1488 3999 1574 4071 probe
1592 4001 1741 4057 consistere
1760 4010 1895 4075 possam,

194 4088 341 4162 complecti
352 4089 397 4143 vel
409 4104 503 4143 omnes
517 4103 689 4142 communem
704 4087 825 4159 aliquem
833 4087 933 4143 librum
946 4089 1027 4145 edere
1052 4086 1211 4158 praesertim
1229 4101 1292 4141 cum
1311 4092 1374 4156 post
1393 4085 1497 4140 editam
1516 4086 1551 4142 N.
1563 4087 1596 4141 Τ.
1618 4086 1787 4158 Scripturam
1807 4090 1886 4146 Deus

195 4194 250 4233 non
274 4176 328 4232 fuit
350 4173 555 4242 necessarium,
583 4174 649 4246 quia
674 4191 857 4246 quaecunque
880 4191 973 4231 omnes
999 4183 1028 4231 et
1052 4189 1228 4245 nequaquam
1249 4172 1317 4229 volit
1343 4169 1500 4227 imme'diate
1531 4173 1674 4228 nobiscnm
1704 4189 1805 4246 agere,
1834 4176 1885 4232 aad

193 4262 296 4336 singuli
314 4262 483 4330 docuerunt,
508 4259 621 4315 fuerunt
644 4260 761 4316 invicem
780 4261 952 4317 exactissime
973 4262 1027 4317 sibi
1053 4259 1172 4314 mediate
1195 4258 1324 4314 videlicet
1349 4257 1534 4329 perverbum
1558 4275 1638 4312 suum
1665 4259 1832 4332 propheticis
1857 4267 1886 4318 at

194 4348 361 4417 conformia,
384 4362 417 4401 ac
437 4347 511 4419 quod
531 4363 603 4401 unus
622 4346 745 4418 ipsorum
763 4346 889 4417 scripsit,
917 4349 1026 4403 nomine
1053 4345 1211 4416 apostolicis
1247 4344 1324 4399 libris
1358 4343 1584 4415 comprehensum
1614 4362 1665 4401 nos
1695 4363 1828 4402 renovare
1857 4353 1886 4404 at

196 4436 317 4492 omnium
336 4433 453 4505 scripsit.
492 4433 632 4489 Johannes
653 4433 819 4504 reliquorum
844 4434 1026 4506 evangelista·
1052 4434 1141 4505 legem
1160 4449 1237 4488 suam
1255 4431 1385 4487 cordibus
1411 4432 1512 4487 nocuis
1535 4432 1691 4489 inscribere.
1728 4434 1886 4492 renium.

196 4539 256 4577 rum
274 4520 380 4592 scripta
396 4520 573 4592 approbavit,
589 4524 618 4575 et
636 4521 782 4575 canonicas
799 4520 834 4575 N.
851 4518 884 4575 Τ.
903 4520 1026 4593 Scripta·
1052 4519 1081 4575 in
1106 4537 1202 4575 comm.
1246 4519 1328 4575 Nunc
1351 4524 1443 4574 autern
1468 4519 1497 4573 in
1519 4520 1662 4592 evangelio
1686 4527 1749 4592 post
1773 4538 1886 4577 crucem

195 4625 240 4664 ras
259 4592 385 4679 collegit,
401 4606 538 4663 refereme
555 4605 674 4662 Eusebio
693 4605 755 4661 libr.
779 4613 801 4663 3.
831 4605 903 4663 Hist.
921 4607 1026 4665 Eccles.
1052 4605 1278 4662 resurrectionem
1298 4611 1325 4661 et
1345 4605 1533 4661 ascensionem
1555 4606 1622 4662 dare
1641 4625 1671 4663 sc
1690 4613 1804 4678 pactum
1828 4626 1885 4665 non

195 4712 218 4750 c.
240 4701 281 4752 ιι.
307 4692 464 4764 Epiphanio
483 4692 587 4749 haeres.
610 4699 639 4748 31
660 4698 757 4748 sonna
775 4692 892 4764 ἀλόγους
911 4701 963 4749 etc.
1002 4702 1026 4750 4.
1052 4693 1081 4747 in
1097 4691 1201 4748 tabulis
1219 4691 1352 4762 lapideis,
1378 4690 1474 4746 sedin
1493 4691 1596 4771 tabulis
1617 4693 1707 4748 cordis
1725 4693 1885 4751 carnalibus

196 4779 359 4853 Symbolum
384 4778 566 4849 apostolicum
588 4784 630 4834 eat
654 4777 741 4833 instar
764 4779 883 4851 alicujus
902 4780 1026 4837 cateche
1051 4779 1205 4851 pollicetur.
1240 4776 1366 4849 Cumque
1388 4775 1521 4848 scriptum
1544 4777 1629 4835 tuerit
1651 4778 1765 4834 Domini
1787 4779 1885 4836 Testa·

195 4884 263 4924 seos.
303 4864 391 4936 Atqui
415 4864 484 4919 illud
501 4871 590 4920 totum
610 4862 766 4936 in‘scriptis
784 4865 943 4936 apostolicis
963 4882 1026 4922 con·
1052 4864 1220 4921 mentumis
1244 4868 1335 4918 mente
1358 4863 1545 4935 credentium,
1580 4865 1670 4938 ipsum
1700 4882 1760 4922 esse
1788 4866 1828 4922 eis
1856 4866 1886 4922 iu

75 4950 78 4955 ’
194 4953 298 5009 ιίιιιιιιι
324 4952 398 5023 Aug.
423 4949 485 5005 libr.
513 4956 524 5006 1
555 4950 589 5006 de
615 4948 727 5021 Symb.
746 4951 807 5005 illa
833 4953 931 5020 amba,
956 4970 1028 5023 quac
1052 4952 1160 5019 Deum,
1190 4955 1219 5005 ιι
1247 4949 1307 5004 illos
1333 4966 1393 5005 ease
1420 4950 1449 5004 in
1473 4952 1622 5022 populum,
1648 4958 1680 5006 ut
1707 4969 1884 5025 nequaquam

195 5039 326 5103 audiatis,
344 5055 397 5109 per
416 5038 528 5092 diuinas
548 5036 712 5106 Scripturas
728 5055 831 5108 sparsa
849 5047 933 5092 ιιιιιι
953 5040 1027 5113 Ergo
1051 5037 1185 5094 ,Iudaicos
1207 5043 1342 5109 quaerant
1359 5037 1506 5109 magistros
1525 5043 1553 5092 et
1569 5037 1731 5094 traditiones
1755 5045 1784 5094 et
1810 5055 1885 5095 men·

195 5123 348 5180 catechesis
389 5124 484 5196 aliqua
510 5124 547 5179 ab
578 5123 711 5246 apostolis
741 5124 845 5197 scripta
877 5125 1027 5182 desiderari
1053 5124 1120 5179 data
1137 5121 1291 5190 hominum,
1316 5122 1365 5178 sed
1385 5123 1537 5178 doceantur
1559 5141 1576 5177 a
1597 5122 1702 5195 Spiritu
1728 5130 1840 5194 sancto,
1863 5125 1886 5180 si

192 5210 296 5283 nequit
1052 5217 1145 5265 tamen
1172 5208 1268 5264 audire
1300 5215 1472 5264 mereantur:
1501 5210 1634 5280 templum
1665 5209 1732 5264 DEI
1762 5210 1827 5266 setis
1859 5217 1888 5268 et

229 5303 272 5353 32.
289 5301 312 5354 3.
335 5242 666 5366 Andradius,1indanus
686 5303 714 5351 et
734 5295 864 5355 Costerus
884 5297 1029 5353 adducunt
1055 5295 1172 5368 Spiritus
1189 5295 1244 5351 Dei
1260 5294 1414 5350 habitatin
1433 5294 1526 5360 vobis,
1552 5295 1671 5366 Spiritus
1688 5303 1781 5353 autem
1799 5297 1888 5368 spirat

196 5384 299 5439 dictum
324 5381 514 5455 propheticum
538 5382 596 5439 Jer.
621 5388 666 5450 31,
697 5402 722 5437 v
749 5386 790 5439 33.
834 5384 919 5438 Dabo
943 5385 1028 5453 lepore
1054 5381 1103 5438 ubi
1131 5383 1191 5436 vult
1219 5387 1248 5437 ιι
1273 5382 1395 5436 diversas
1419 5379 1503 5435 habet
1531 5382 1643 5454 gratias.
1679 5385 1757 5437 aeq,
1785 5383 1887 5440 Modus

118 5502 124 5508 ·
196 5471 326 5526 meamis
339 5471 429 5526 corda
444 5470 637 5535 commetes
650 5470 781 5524 interiori
797 5487 891 5525 eorum
908 5470 1028 5524 scribam
1056 5469 1194 5526 scribendi
1215 5469 1419 5541 metaphoricae
1437 5484 1493 5523 non
1510 5469 1598 5538 tollit,
1623 5470 1672 5526 sed
1690 5470 1783 5545 potius
1808 5487 1888 5546 prae
