<?xml version="1.0" encoding="UTF-8"?>
<!DOCTYPE html PUBLIC "-//W3C//DTD XHTML 1.0 Transitional//EN"
    "http://www.w3.org/TR/xhtml1/DTD/xhtml1-transitional.dtd">
<html xmlns="http://www.w3.org/1999/xhtml" xml:lang="en" lang="en">
 <head>
  <title>
</title>
<meta http-equiv="Content-Type" content="text/html;charset=utf-8" />
  <meta name='ocr-system' content='tesseract 3.04.00' />
  <meta name='ocr-capabilities' content='ocr_page ocr_carea ocr_par ocr_line ocrx_word'/>
</head>
<body>
  <div class='ocr_page' id='page_1' title='image "./locitheologicic00gerhgoog/locitheologicic00gerhgoog_0390.png"; bbox 0 0 3984 6022; ppageno 0'>
   <div class='ocr_carea' id='block_1_1' title="bbox 748 288 1753 360">
    <p class='ocr_par' dir='ltr' id='par_1_1' title="bbox 748 288 1753 360">
     <span class='ocr_line' id='line_1_1' title="bbox 748 288 1753 360; baseline 0.014 -14"><span class='ocrx_word' id='word_1_1' title='bbox 748 290 799 347; x_wconf 81' lang='grc' dir='ltr'><strong>ιι</strong></span> <span class='ocrx_word' id='word_1_2' title='bbox 816 290 977 351; x_wconf 73' lang='lat' dir='ltr'><strong>usuum</strong></span> <span class='ocrx_word' id='word_1_3' title='bbox 995 291 1071 347; x_wconf 83' lang='grc' dir='ltr'><strong>ιιι.</strong></span> <span class='ocrx_word' id='word_1_4' title='bbox 1635 301 1638 310; x_wconf 76' lang='grc'><strong>’</strong></span> <span class='ocrx_word' id='word_1_5' title='bbox 1694 288 1753 360; x_wconf 79' lang='lat' dir='ltr'><strong>aar</strong></span> 
     </span>
    </p>
   </div>
   <div class='ocr_carea' id='block_1_2' title="bbox 10 442 1860 5617">
    <p class='ocr_par' dir='ltr' id='par_1_2' title="bbox 10 442 1860 5617">
     <span class='ocr_line' id='line_1_2' title="bbox 65 442 1756 519; baseline 0.003 -19"><span class='ocrx_word' id='word_1_6' title='bbox 65 443 188 500; x_wconf 89' lang='lat' dir='ltr'><strong>actiones</strong></span> <span class='ocrx_word' id='word_1_7' title='bbox 213 442 369 499; x_wconf 82' lang='lat' dir='ltr'><strong>intellectus</strong></span> <span class='ocrx_word' id='word_1_8' title='bbox 385 448 414 499; x_wconf 93' lang='lat' dir='ltr'><strong>et</strong></span> <span class='ocrx_word' id='word_1_9' title='bbox 428 445 593 515; x_wconf 83' lang='lat' dir='ltr'><strong>voluntatis,</strong></span> <span class='ocrx_word' id='word_1_10' title='bbox 617 451 649 501; x_wconf 91' lang='lat' dir='ltr'><strong>ut</strong></span> <span class='ocrx_word' id='word_1_11' title='bbox 665 445 788 503; x_wconf 76' lang='lat' dir='ltr'><strong>homines</strong></span> <span class='ocrx_word' id='word_1_12' title='bbox 806 452 834 503; x_wconf 89' lang='lat' dir='ltr'><strong>st</strong></span> <span class='ocrx_word' id='word_1_13' title='bbox 850 463 897 501; x_wconf 87' lang='lat' dir='ltr'><strong>an·</strong></span> <span class='ocrx_word' id='word_1_14' title='bbox 923 451 1013 518; x_wconf 79' lang='lat' dir='ltr'><strong>gaunt</strong></span> <span class='ocrx_word' id='word_1_15' title='bbox 1030 445 1102 502; x_wconf 86' lang='lat' dir='ltr'><strong>inter</strong></span> <span class='ocrx_word' id='word_1_16' title='bbox 1121 445 1261 519; x_wconf 77' lang='lat' dir='ltr'><strong>duplicem</strong></span> <span class='ocrx_word' id='word_1_17' title='bbox 1277 451 1386 503; x_wconf 88' lang='lat' dir='ltr'><strong>creatae</strong></span> <span class='ocrx_word' id='word_1_18' title='bbox 1410 445 1542 504; x_wconf 87' lang='lat' dir='ltr'><strong>bonitatis</strong></span> <span class='ocrx_word' id='word_1_19' title='bbox 1561 446 1756 505; x_wconf 78' lang='lat' dir='ltr'><strong>consideratio</strong></span> 
     </span>
     <span class='ocr_line' id='line_1_3' title="bbox 64 529 1757 608; baseline 0.003 -22"><span class='ocrx_word' id='word_1_20' title='bbox 64 530 138 603; x_wconf 79' lang='lat' dir='ltr'><strong>geli,</strong></span> <span class='ocrx_word' id='word_1_21' title='bbox 166 545 238 601; x_wconf 86' lang='lat' dir='ltr'><strong>quae</strong></span> <span class='ocrx_word' id='word_1_22' title='bbox 262 529 317 585; x_wconf 91' lang='lat' dir='ltr'><strong>sint</strong></span> <span class='ocrx_word' id='word_1_23' title='bbox 334 530 489 588; x_wconf 85' lang='lat' dir='ltr'><strong>accidentia</strong></span> <span class='ocrx_word' id='word_1_24' title='bbox 505 533 541 589; x_wconf 90' lang='lat' dir='ltr'><strong>ab</strong></span> <span class='ocrx_word' id='word_1_25' title='bbox 560 532 646 605; x_wconf 86' lang='lat' dir='ltr'><strong>ipsius</strong></span> <span class='ocrx_word' id='word_1_26' title='bbox 664 533 785 590; x_wconf 72' lang='lat' dir='ltr'><strong>essentia</strong></span> <span class='ocrx_word' id='word_1_27' title='bbox 801 533 897 589; x_wconf 90' lang='lat' dir='ltr'><strong>distin·</strong></span> <span class='ocrx_word' id='word_1_28' title='bbox 922 549 999 591; x_wconf 85' lang='lat' dir='ltr'><strong>nem:</strong></span> <span class='ocrx_word' id='word_1_29' title='bbox 1028 537 1052 590; x_wconf 88' lang='lat'><strong>1.</strong></span> <span class='ocrx_word' id='word_1_30' title='bbox 1069 535 1167 603; x_wconf 79' lang='lat' dir='ltr'><strong>quoad</strong></span> <span class='ocrx_word' id='word_1_31' title='bbox 1183 550 1241 588; x_wconf 84' lang='grc' dir='ltr'><strong>ιιιι</strong></span> <span class='ocrx_word' id='word_1_32' title='bbox 1257 532 1408 604; x_wconf 77' lang='lat' dir='ltr'><strong>possibile,</strong></span> <span class='ocrx_word' id='word_1_33' title='bbox 1430 532 1516 588; x_wconf 88' lang='lat' dir='ltr'><strong>etsie</strong></span> <span class='ocrx_word' id='word_1_34' title='bbox 1534 540 1643 608; x_wconf 83' lang='lat' dir='ltr'><strong>amatur</strong></span> <span class='ocrx_word' id='word_1_35' title='bbox 1660 552 1678 590; x_wconf 90' lang='lat' dir='ltr'><strong>a</strong></span> <span class='ocrx_word' id='word_1_36' title='bbox 1694 534 1757 591; x_wconf 92' lang='lat' dir='ltr'><strong>Deo</strong></span> 
     </span>
     <span class='ocr_line' id='line_1_4' title="bbox 64 615 1759 694; baseline 0.003 -22"><span class='ocrx_word' id='word_1_37' title='bbox 64 623 126 685; x_wconf 88' lang='lat' dir='ltr'><strong>eta,</strong></span> <span class='ocrx_word' id='word_1_38' title='bbox 149 616 197 673; x_wconf 90' lang='lat' dir='ltr'><strong>sed</strong></span> <span class='ocrx_word' id='word_1_39' title='bbox 222 622 301 672; x_wconf 89' lang='lat' dir='ltr'><strong>actus</strong></span> <span class='ocrx_word' id='word_1_40' title='bbox 318 615 475 674; x_wconf 90' lang='lat' dir='ltr'><strong>intellectus</strong></span> <span class='ocrx_word' id='word_1_41' title='bbox 496 624 525 676; x_wconf 86' lang='grc' dir='ltr'><strong>ιι</strong></span> <span class='ocrx_word' id='word_1_42' title='bbox 540 621 689 675; x_wconf 83' lang='lat' dir='ltr'><strong>voluntatis</strong></span> <span class='ocrx_word' id='word_1_43' title='bbox 707 626 750 675; x_wconf 87' lang='lat' dir='ltr'><strong>est</strong></span> <span class='ocrx_word' id='word_1_44' title='bbox 766 620 829 691; x_wconf 87' lang='lat' dir='ltr'><strong>ipsa</strong></span> <span class='ocrx_word' id='word_1_45' title='bbox 843 618 898 675; x_wconf 91' lang='lat' dir='ltr'><strong>Dei</strong></span> <span class='ocrx_word' id='word_1_46' title='bbox 922 618 1076 674; x_wconf 86' lang='lat' dir='ltr'><strong>necessario</strong></span> <span class='ocrx_word' id='word_1_47' title='bbox 1094 636 1189 673; x_wconf 87' lang='lat' dir='ltr'><strong>amore</strong></span> <span class='ocrx_word' id='word_1_48' title='bbox 1208 619 1346 689; x_wconf 76' lang='lat' dir='ltr'><strong>simplicia</strong></span> <span class='ocrx_word' id='word_1_49' title='bbox 1364 620 1599 691; x_wconf 63' lang='lat' dir='ltr'><strong>complacentiam</strong></span> <span class='ocrx_word' id='word_1_50' title='bbox 1616 627 1642 677; x_wconf 78' lang='lat'><strong>2.</strong></span> <span class='ocrx_word' id='word_1_51' title='bbox 1660 622 1759 694; x_wconf 75' lang='lat' dir='ltr'><strong>quoad</strong></span> 
     </span>
     <span class='ocr_line' id='line_1_5' title="bbox 64 701 1756 778; baseline 0.003 -18"><span class='ocrx_word' id='word_1_52' title='bbox 64 702 191 760; x_wconf 75' lang='lat' dir='ltr'><strong>amenta</strong></span> <span class='ocrx_word' id='word_1_53' title='bbox 216 701 425 775; x_wconf 74' lang='lat' dir='ltr'><strong>Falrumigitur</strong></span> <span class='ocrx_word' id='word_1_54' title='bbox 443 711 493 774; x_wconf 84' lang='lat' dir='ltr'><strong>eat,</strong></span> <span class='ocrx_word' id='word_1_55' title='bbox 511 706 586 778; x_wconf 92' lang='lat' dir='ltr'><strong>quod</strong></span> <span class='ocrx_word' id='word_1_56' title='bbox 603 707 690 762; x_wconf 92' lang='lat' dir='ltr'><strong>omnis</strong></span> <span class='ocrx_word' id='word_1_57' title='bbox 707 723 794 762; x_wconf 85' lang='lat' dir='ltr'><strong>causa</strong></span> <span class='ocrx_word' id='word_1_58' title='bbox 811 705 899 762; x_wconf 76' lang='lat' dir='ltr'><strong>libera</strong></span> <span class='ocrx_word' id='word_1_59' title='bbox 924 720 981 759; x_wconf 85' lang='grc' dir='ltr'><strong>ιιιι</strong></span> <span class='ocrx_word' id='word_1_60' title='bbox 1001 705 1127 774; x_wconf 82' lang='lat' dir='ltr'><strong>actuale,</strong></span> <span class='ocrx_word' id='word_1_61' title='bbox 1150 712 1179 759; x_wconf 90' lang='lat' dir='ltr'><strong>et</strong></span> <span class='ocrx_word' id='word_1_62' title='bbox 1196 704 1236 760; x_wconf 86' lang='lat' dir='ltr'><strong>sio</strong></span> <span class='ocrx_word' id='word_1_63' title='bbox 1253 711 1362 760; x_wconf 89' lang='lat' dir='ltr'><strong>amatur</strong></span> <span class='ocrx_word' id='word_1_64' title='bbox 1378 705 1465 764; x_wconf 88' lang='lat' dir='ltr'><strong>libere</strong></span> <span class='ocrx_word' id='word_1_65' title='bbox 1481 707 1622 763; x_wconf 81' lang='lat' dir='ltr'><strong>roiaatata</strong></span> <span class='ocrx_word' id='word_1_66' title='bbox 1637 709 1756 777; x_wconf 71' lang='lat' dir='ltr'><strong>efficaci.</strong></span> 
     </span>
     <span class='ocr_line' id='line_1_6' title="bbox 63 788 1757 864; baseline 0.002 -19"><span class='ocrx_word' id='word_1_67' title='bbox 63 788 212 847; x_wconf 70' lang='lat' dir='ltr'><strong>manaim</strong></span> <span class='ocrx_word' id='word_1_68' title='bbox 234 807 314 845; x_wconf 91' lang='lat' dir='ltr'><strong>snum</strong></span> <span class='ocrx_word' id='word_1_69' title='bbox 338 790 467 846; x_wconf 87' lang='lat' dir='ltr'><strong>effectum</strong></span> <span class='ocrx_word' id='word_1_70' title='bbox 483 791 579 848; x_wconf 88' lang='lat' dir='ltr'><strong>ordine</strong></span> <span class='ocrx_word' id='word_1_71' title='bbox 596 793 728 864; x_wconf 87' lang='lat' dir='ltr'><strong>temporis</strong></span> <span class='ocrx_word' id='word_1_72' title='bbox 748 809 798 848; x_wconf 91' lang='lat' dir='ltr'><strong>seu</strong></span> <span class='ocrx_word' id='word_1_73' title='bbox 816 793 896 847; x_wconf 89' lang='lat' dir='ltr'><strong>dura-</strong></span> <span class='ocrx_word' id='word_1_74' title='bbox 959 796 1016 847; x_wconf 79' lang='lat'><strong>280.</strong></span> <span class='ocrx_word' id='word_1_75' title='bbox 1052 791 1105 858; x_wconf 87' lang='lat' dir='ltr'><strong>Qu.</strong></span> <span class='ocrx_word' id='word_1_76' title='bbox 1123 796 1146 846; x_wconf 81' lang='lat' dir='ltr'><strong>t.</strong></span> <span class='ocrx_word' id='word_1_77' title='bbox 1180 791 1228 845; x_wconf 83' lang='lat' dir='ltr'><strong>Aa</strong></span> <span class='ocrx_word' id='word_1_78' title='bbox 1246 792 1457 847; x_wconf 70' lang='lat' dir='ltr'><strong><em>immutabilitas</em></strong></span> <span class='ocrx_word' id='word_1_79' title='bbox 1475 793 1589 848; x_wconf 80' lang='lat' dir='ltr'><strong>divinae</strong></span> <span class='ocrx_word' id='word_1_80' title='bbox 1605 795 1757 850; x_wconf 66' lang='grc' dir='ltr'><strong>ιοιιιιιιιιιι</strong></span> 
     </span>
     <span class='ocr_line' id='line_1_7' title="bbox 63 875 1757 951; baseline 0.004 -21"><span class='ocrx_word' id='word_1_81' title='bbox 63 875 163 946; x_wconf 88' lang='lat' dir='ltr'><strong>tionis,</strong></span> <span class='ocrx_word' id='word_1_82' title='bbox 187 876 211 930; x_wconf 89' lang='lat' dir='ltr'><strong>si</strong></span> <span class='ocrx_word' id='word_1_83' title='bbox 235 876 272 931; x_wconf 87' lang='lat' dir='ltr'><strong>ad</strong></span> <span class='ocrx_word' id='word_1_84' title='bbox 289 893 401 932; x_wconf 86' lang='lat' dir='ltr'><strong>eausam</strong></span> <span class='ocrx_word' id='word_1_85' title='bbox 421 884 560 934; x_wconf 73' lang='lat' dir='ltr'><strong>aeternam</strong></span> <span class='ocrx_word' id='word_1_86' title='bbox 580 884 609 934; x_wconf 93' lang='grc' dir='ltr'><strong>ιι</strong></span> <span class='ocrx_word' id='word_1_87' title='bbox 627 879 763 934; x_wconf 87' lang='lat' dir='ltr'><strong>infinitam</strong></span> <span class='ocrx_word' id='word_1_88' title='bbox 777 878 899 951; x_wconf 87' lang='lat' dir='ltr'><strong>applice-</strong></span> <span class='ocrx_word' id='word_1_89' title='bbox 924 894 984 931; x_wconf 73' lang='lat' dir='ltr'><strong>mem</strong></span> <span class='ocrx_word' id='word_1_90' title='bbox 1003 878 1126 945; x_wconf 69' lang='lat' dir='ltr'><strong>eiusdem</strong></span> <span class='ocrx_word' id='word_1_91' title='bbox 1144 877 1271 932; x_wconf 72' lang='lat' dir='ltr'><strong>libertate</strong></span> <span class='ocrx_word' id='word_1_92' title='bbox 1282 881 1409 949; x_wconf 69' lang='lat' dir='ltr'><strong>prareti</strong></span> <span class='ocrx_word' id='word_1_93' title='bbox 1439 878 1483 934; x_wconf 91' lang='lat' dir='ltr'><strong>Ita</strong></span> <span class='ocrx_word' id='word_1_94' title='bbox 1508 879 1617 936; x_wconf 84' lang='lat' dir='ltr'><strong>ridetur</strong></span> <span class='ocrx_word' id='word_1_95' title='bbox 1635 879 1757 951; x_wconf 88' lang='lat' dir='ltr'><strong>Vorstio,</strong></span> 
     </span>
     <span class='ocr_line' id='line_1_8' title="bbox 66 962 1755 1039; baseline 0.004 -23"><span class='ocrx_word' id='word_1_96' title='bbox 66 968 128 1030; x_wconf 88' lang='lat' dir='ltr'><strong>tur,</strong></span> <span class='ocrx_word' id='word_1_97' title='bbox 151 962 218 1033; x_wconf 87' lang='lat' dir='ltr'><strong>quia</strong></span> <span class='ocrx_word' id='word_1_98' title='bbox 235 963 384 1018; x_wconf 73' lang='lat' dir='ltr'><strong>aeternitas</strong></span> <span class='ocrx_word' id='word_1_99' title='bbox 402 970 431 1018; x_wconf 88' lang='lat' dir='ltr'><strong>et</strong></span> <span class='ocrx_word' id='word_1_100' title='bbox 451 962 572 1019; x_wconf 88' lang='lat' dir='ltr'><strong>infinitas</strong></span> <span class='ocrx_word' id='word_1_101' title='bbox 591 981 698 1020; x_wconf 88' lang='lat' dir='ltr'><strong>omnem</strong></span> <span class='ocrx_word' id='word_1_102' title='bbox 717 965 848 1037; x_wconf 87' lang='lat' dir='ltr'><strong>temporis</strong></span> <span class='ocrx_word' id='word_1_103' title='bbox 866 982 898 1021; x_wconf 87' lang='lat' dir='ltr'><strong>ao</strong></span> <span class='ocrx_word' id='word_1_104' title='bbox 924 980 988 1018; x_wconf 89' lang='lat' dir='ltr'><strong>oum</strong></span> <span class='ocrx_word' id='word_1_105' title='bbox 1003 963 1211 1019; x_wconf 69' lang='lat' dir='ltr'><strong>immutabilitas</strong></span> <span class='ocrx_word' id='word_1_106' title='bbox 1224 965 1260 1018; x_wconf 86' lang='lat' dir='ltr'><strong>sit</strong></span> <span class='ocrx_word' id='word_1_107' title='bbox 1279 965 1416 1036; x_wconf 89' lang='lat' dir='ltr'><strong>quaedam</strong></span> <span class='ocrx_word' id='word_1_108' title='bbox 1433 965 1591 1036; x_wconf 75' lang='lat' dir='ltr'><strong>necescitas,</strong></span> <span class='ocrx_word' id='word_1_109' title='bbox 1609 982 1755 1039; x_wconf 87' lang='lat' dir='ltr'><strong>quaecum</strong></span> 
     </span>
     <span class='ocr_line' id='line_1_9' title="bbox 65 1048 1756 1124; baseline 0.004 -21"><span class='ocrx_word' id='word_1_110' title='bbox 65 1048 220 1104; x_wconf 71' lang='lat' dir='ltr'><strong>durationis</strong></span> <span class='ocrx_word' id='word_1_111' title='bbox 246 1048 448 1106; x_wconf 86' lang='lat' dir='ltr'><strong>successionem</strong></span> <span class='ocrx_word' id='word_1_112' title='bbox 471 1051 633 1119; x_wconf 87' lang='lat' dir='ltr'><strong>excludunt,</strong></span> <span class='ocrx_word' id='word_1_113' title='bbox 660 1051 782 1124; x_wconf 75' lang='lat' dir='ltr'><strong>cogitare</strong></span> <span class='ocrx_word' id='word_1_114' title='bbox 804 1051 898 1124; x_wconf 78' lang='lat' dir='ltr'><strong>igitur,</strong></span> <span class='ocrx_word' id='word_1_115' title='bbox 923 1048 1050 1105; x_wconf 87' lang='lat' dir='ltr'><strong>libertate</strong></span> <span class='ocrx_word' id='word_1_116' title='bbox 1068 1049 1178 1105; x_wconf 83' lang='lat' dir='ltr'><strong>videtur</strong></span> <span class='ocrx_word' id='word_1_117' title='bbox 1195 1065 1329 1122; x_wconf 79' lang='lat' dir='ltr'><strong>pugnare.</strong></span> <span class='ocrx_word' id='word_1_118' title='bbox 1366 1051 1421 1108; x_wconf 87' lang='lat' dir='ltr'><strong>Sed</strong></span> <span class='ocrx_word' id='word_1_119' title='bbox 1440 1050 1554 1122; x_wconf 82' lang='lat' dir='ltr'><strong>fallitur,</strong></span> <span class='ocrx_word' id='word_1_120' title='bbox 1571 1070 1636 1107; x_wconf 91' lang='lat' dir='ltr'><strong>nam</strong></span> <span class='ocrx_word' id='word_1_121' title='bbox 1657 1060 1756 1110; x_wconf 88' lang='lat' dir='ltr'><strong>neutra</strong></span> 
     </span>
     <span class='ocr_line' id='line_1_10' title="bbox 63 1126 1756 1213; baseline 0.004 -23"><span class='ocrx_word' id='word_1_122' title='bbox 63 1136 140 1209; x_wconf 90' lang='lat' dir='ltr'><strong>quod</strong></span> <span class='ocrx_word' id='word_1_123' title='bbox 163 1152 248 1191; x_wconf 89' lang='lat' dir='ltr'><strong>causa</strong></span> <span class='ocrx_word' id='word_1_124' title='bbox 271 1135 360 1192; x_wconf 88' lang='lat' dir='ltr'><strong>libera</strong></span> <span class='ocrx_word' id='word_1_125' title='bbox 381 1142 494 1193; x_wconf 84' lang='lat' dir='ltr'><strong>aeterna</strong></span> <span class='ocrx_word' id='word_1_126' title='bbox 518 1137 634 1194; x_wconf 84' lang='lat' dir='ltr'><strong>affectus</strong></span> <span class='ocrx_word' id='word_1_127' title='bbox 656 1126 837 1194; x_wconf 79' lang='lat' dir='ltr'><strong>immanentes</strong></span> <span class='ocrx_word' id='word_1_128' title='bbox 856 1155 898 1194; x_wconf 89' lang='lat' dir='ltr'><strong>or·</strong></span> <span class='ocrx_word' id='word_1_129' title='bbox 924 1135 1154 1191; x_wconf 69' lang='lat' dir='ltr'><strong>immutabilitatis</strong></span> <span class='ocrx_word' id='word_1_130' title='bbox 1172 1135 1286 1207; x_wconf 86' lang='lat' dir='ltr'><strong>species,</strong></span> <span class='ocrx_word' id='word_1_131' title='bbox 1304 1153 1356 1192; x_wconf 90' lang='lat' dir='ltr'><strong>nec</strong></span> <span class='ocrx_word' id='word_1_132' title='bbox 1375 1154 1447 1209; x_wconf 88' lang='lat' dir='ltr'><strong>quae</strong></span> <span class='ocrx_word' id='word_1_133' title='bbox 1464 1156 1484 1192; x_wconf 91' lang='lat' dir='ltr'><strong>a</strong></span> <span class='ocrx_word' id='word_1_134' title='bbox 1497 1137 1596 1209; x_wconf 80' lang='lat' dir='ltr'><strong>priora</strong></span> <span class='ocrx_word' id='word_1_135' title='bbox 1611 1155 1663 1194; x_wconf 89' lang='lat' dir='ltr'><strong>nec</strong></span> <span class='ocrx_word' id='word_1_136' title='bbox 1683 1156 1756 1213; x_wconf 87' lang='lat' dir='ltr'><strong>quae</strong></span> 
     </span>
     <span class='ocr_line' id='line_1_11' title="bbox 63 1221 1755 1296; baseline 0.003 -18"><span class='ocrx_word' id='word_1_137' title='bbox 63 1221 130 1278; x_wconf 87' lang='lat' dir='ltr'><strong>dine</strong></span> <span class='ocrx_word' id='word_1_138' title='bbox 147 1221 279 1294; x_wconf 89' lang='lat' dir='ltr'><strong>temporis</strong></span> <span class='ocrx_word' id='word_1_139' title='bbox 297 1223 456 1289; x_wconf 73' lang='lat' dir='ltr'><strong>antecedat,</strong></span> <span class='ocrx_word' id='word_1_140' title='bbox 481 1229 524 1279; x_wconf 89' lang='lat' dir='ltr'><strong>eat</strong></span> <span class='ocrx_word' id='word_1_141' title='bbox 539 1222 569 1279; x_wconf 89' lang='lat' dir='ltr'><strong>iu</strong></span> <span class='ocrx_word' id='word_1_142' title='bbox 587 1224 750 1281; x_wconf 70' lang='lat' dir='ltr'><strong>aeternitate</strong></span> <span class='ocrx_word' id='word_1_143' title='bbox 768 1225 898 1296; x_wconf 84' lang='lat' dir='ltr'><strong>temporis</strong></span> <span class='ocrx_word' id='word_1_144' title='bbox 924 1242 943 1277; x_wconf 92' lang='lat' dir='ltr'><strong>a</strong></span> <span class='ocrx_word' id='word_1_145' title='bbox 956 1224 1121 1292; x_wconf 80' lang='lat' dir='ltr'><strong>posteriore,</strong></span> <span class='ocrx_word' id='word_1_146' title='bbox 1138 1229 1247 1296; x_wconf 80' lang='lat' dir='ltr'><strong>pugnat</strong></span> <span class='ocrx_word' id='word_1_147' title='bbox 1264 1241 1327 1279; x_wconf 89' lang='lat' dir='ltr'><strong>oum</strong></span> <span class='ocrx_word' id='word_1_148' title='bbox 1346 1223 1474 1280; x_wconf 86' lang='lat' dir='ltr'><strong>libertate</strong></span> <span class='ocrx_word' id='word_1_149' title='bbox 1493 1225 1650 1281; x_wconf 84' lang='lat' dir='ltr'><strong>voluntatis.</strong></span> <span class='ocrx_word' id='word_1_150' title='bbox 1677 1225 1755 1283; x_wconf 85' lang='lat' dir='ltr'><strong>Deus</strong></span> 
     </span>
     <span class='ocr_line' id='line_1_12' title="bbox 62 1308 1755 1383; baseline 0.003 -19"><span class='ocrx_word' id='word_1_151' title='bbox 62 1309 265 1366; x_wconf 76' lang='lat' dir='ltr'><strong>sucemsionem</strong></span> <span class='ocrx_word' id='word_1_152' title='bbox 294 1313 414 1365; x_wconf 84' lang='lat' dir='ltr'><strong>statuere</strong></span> <span class='ocrx_word' id='word_1_153' title='bbox 446 1316 474 1367; x_wconf 90' lang='lat' dir='ltr'><strong>et</strong></span> <span class='ocrx_word' id='word_1_154' title='bbox 505 1310 558 1366; x_wconf 89' lang='lat' dir='ltr'><strong>hac</strong></span> <span class='ocrx_word' id='word_1_155' title='bbox 581 1311 687 1368; x_wconf 90' lang='lat' dir='ltr'><strong>ratione</strong></span> <span class='ocrx_word' id='word_1_156' title='bbox 712 1309 898 1367; x_wconf 86' lang='lat' dir='ltr'><strong>definitionem</strong></span> <span class='ocrx_word' id='word_1_157' title='bbox 923 1327 953 1365; x_wconf 89' lang='lat' dir='ltr'><strong>se</strong></span> <span class='ocrx_word' id='word_1_158' title='bbox 977 1308 1085 1381; x_wconf 90' lang='lat' dir='ltr'><strong>ipsum,</strong></span> <span class='ocrx_word' id='word_1_159' title='bbox 1112 1315 1144 1365; x_wconf 91' lang='lat' dir='ltr'><strong>ut</strong></span> <span class='ocrx_word' id='word_1_160' title='bbox 1166 1327 1302 1365; x_wconf 91' lang='lat' dir='ltr'><strong>summum</strong></span> <span class='ocrx_word' id='word_1_161' title='bbox 1329 1308 1433 1365; x_wconf 89' lang='lat' dir='ltr'><strong>bonum</strong></span> <span class='ocrx_word' id='word_1_162' title='bbox 1453 1310 1514 1365; x_wconf 85' lang='lat' dir='ltr'><strong>vult</strong></span> <span class='ocrx_word' id='word_1_163' title='bbox 1539 1310 1755 1383; x_wconf 82' lang='lat' dir='ltr'><strong>immutabiliter,</strong></span> 
     </span>
     <span class='ocr_line' id='line_1_13' title="bbox 62 1394 1753 1470; baseline 0.001 -17"><span class='ocrx_word' id='word_1_164' title='bbox 62 1394 236 1453; x_wconf 75' lang='lat' dir='ltr'><strong>aeternitatis</strong></span> <span class='ocrx_word' id='word_1_165' title='bbox 254 1412 365 1468; x_wconf 76' lang='lat' dir='ltr'><strong>negare.</strong></span> <span class='ocrx_word' id='word_1_166' title='bbox 401 1396 476 1465; x_wconf 83' lang='lat' dir='ltr'><strong>Quid</strong></span> <span class='ocrx_word' id='word_1_167' title='bbox 493 1398 568 1470; x_wconf 92' lang='lat' dir='ltr'><strong>quod</strong></span> <span class='ocrx_word' id='word_1_168' title='bbox 584 1398 644 1469; x_wconf 87' lang='lat' dir='ltr'><strong>ipae</strong></span> <span class='ocrx_word' id='word_1_169' title='bbox 663 1399 790 1455; x_wconf 86' lang='lat' dir='ltr'><strong>Veratius</strong></span> <span class='ocrx_word' id='word_1_170' title='bbox 809 1417 836 1470; x_wconf 88' lang='lat' dir='ltr'><strong>p.</strong></span> <span class='ocrx_word' id='word_1_171' title='bbox 856 1404 896 1455; x_wconf 90' lang='grc'><strong>66.</strong></span> <span class='ocrx_word' id='word_1_172' title='bbox 922 1395 1146 1452; x_wconf 88' lang='lat' dir='ltr'><strong>immutabilitate</strong></span> <span class='ocrx_word' id='word_1_173' title='bbox 1157 1414 1176 1449; x_wconf 90' lang='lat' dir='ltr'><strong>a</strong></span> <span class='ocrx_word' id='word_1_174' title='bbox 1183 1397 1291 1467; x_wconf 77' lang='lat' dir='ltr'><strong>priore,</strong></span> <span class='ocrx_word' id='word_1_175' title='bbox 1306 1394 1410 1451; x_wconf 91' lang='lat' dir='ltr'><strong>bonum</strong></span> <span class='ocrx_word' id='word_1_176' title='bbox 1427 1397 1457 1450; x_wconf 92' lang='lat' dir='ltr'><strong>in</strong></span> <span class='ocrx_word' id='word_1_177' title='bbox 1477 1395 1610 1452; x_wconf 80' lang='lat' dir='ltr'><strong>creaturis</strong></span> <span class='ocrx_word' id='word_1_178' title='bbox 1627 1397 1689 1453; x_wconf 87' lang='lat' dir='ltr'><strong>vult</strong></span> <span class='ocrx_word' id='word_1_179' title='bbox 1705 1398 1753 1454; x_wconf 89' lang='lat' dir='ltr'><strong>im·-</strong></span> 
     </span>
     <span class='ocr_line' id='line_1_14' title="bbox 62 1480 1754 1552; baseline 0.001 -14"><span class='ocrx_word' id='word_1_180' title='bbox 62 1480 174 1539; x_wconf 80' lang='lat' dir='ltr'><strong>scribit:</strong></span> <span class='ocrx_word' id='word_1_181' title='bbox 200 1481 311 1536; x_wconf 83' lang='lat' dir='ltr'><strong>Certum</strong></span> <span class='ocrx_word' id='word_1_182' title='bbox 326 1489 373 1551; x_wconf 86' lang='lat' dir='ltr'><strong>ert,</strong></span> <span class='ocrx_word' id='word_1_183' title='bbox 392 1485 530 1538; x_wconf 80' lang='grc' dir='ltr'><strong>ιιιιιιιιιιι</strong></span> <span class='ocrx_word' id='word_1_184' title='bbox 546 1485 607 1538; x_wconf 83' lang='lat' dir='ltr'><strong>Dei</strong></span> <span class='ocrx_word' id='word_1_185' title='bbox 622 1485 658 1538; x_wconf 83' lang='lat' dir='ltr'><strong>de</strong></span> <span class='ocrx_word' id='word_1_186' title='bbox 673 1485 753 1538; x_wconf 83' lang='lat' dir='ltr'><strong>redas</strong></span> <span class='ocrx_word' id='word_1_187' title='bbox 773 1485 897 1540; x_wconf 71' lang='lat' dir='ltr'><strong>amasim</strong></span> <span class='ocrx_word' id='word_1_188' title='bbox 923 1480 1093 1537; x_wconf 87' lang='lat' dir='ltr'><strong>mutabiliter</strong></span> <span class='ocrx_word' id='word_1_189' title='bbox 1116 1481 1339 1538; x_wconf 87' lang='lat' dir='ltr'><strong>immutabilitate</strong></span> <span class='ocrx_word' id='word_1_190' title='bbox 1362 1500 1380 1535; x_wconf 94' lang='lat' dir='ltr'><strong>a</strong></span> <span class='ocrx_word' id='word_1_191' title='bbox 1399 1483 1574 1552; x_wconf 79' lang='lat' dir='ltr'><strong>portarias-e,</strong></span> <span class='ocrx_word' id='word_1_192' title='bbox 1600 1500 1655 1539; x_wconf 91' lang='lat' dir='ltr'><strong>nou</strong></span> <span class='ocrx_word' id='word_1_193' title='bbox 1681 1484 1754 1540; x_wconf 88' lang='lat' dir='ltr'><strong>enim</strong></span> 
     </span>
     <span class='ocr_line' id='line_1_15' title="bbox 61 1567 1754 1642; baseline 0.003 -20"><span class='ocrx_word' id='word_1_194' title='bbox 61 1569 105 1622; x_wconf 83' lang='lat' dir='ltr'><strong>ad</strong></span> <span class='ocrx_word' id='word_1_195' title='bbox 118 1568 206 1638; x_wconf 76' lang='lat' dir='ltr'><strong>finem</strong></span> <span class='ocrx_word' id='word_1_196' title='bbox 222 1585 300 1623; x_wconf 82' lang='lat' dir='ltr'><strong>raam</strong></span> <span class='ocrx_word' id='word_1_197' title='bbox 318 1568 488 1624; x_wconf 74' lang='lat' dir='ltr'><strong>ordinandis</strong></span> <span class='ocrx_word' id='word_1_198' title='bbox 512 1571 601 1641; x_wconf 71' lang='lat' dir='ltr'><strong>deque</strong></span> <span class='ocrx_word' id='word_1_199' title='bbox 623 1571 703 1625; x_wconf 81' lang='lat' dir='ltr'><strong>toria</strong></span> <span class='ocrx_word' id='word_1_200' title='bbox 730 1571 895 1642; x_wconf 64' lang='lat' dir='ltr'><strong>efficienda,</strong></span> <span class='ocrx_word' id='word_1_201' title='bbox 923 1575 982 1625; x_wconf 88' lang='lat' dir='ltr'><strong>erat</strong></span> <span class='ocrx_word' id='word_1_202' title='bbox 997 1569 1158 1639; x_wconf 84' lang='lat' dir='ltr'><strong>simpliciter</strong></span> <span class='ocrx_word' id='word_1_203' title='bbox 1174 1568 1369 1637; x_wconf 89' lang='lat' dir='ltr'><strong>necessarium,</strong></span> <span class='ocrx_word' id='word_1_204' title='bbox 1387 1568 1416 1623; x_wconf 88' lang='lat' dir='ltr'><strong>iu</strong></span> <span class='ocrx_word' id='word_1_205' title='bbox 1431 1567 1564 1625; x_wconf 87' lang='lat' dir='ltr'><strong>creaturis</strong></span> <span class='ocrx_word' id='word_1_206' title='bbox 1580 1568 1633 1626; x_wconf 89' lang='lat' dir='ltr'><strong>hoc</strong></span> <span class='ocrx_word' id='word_1_207' title='bbox 1651 1570 1754 1627; x_wconf 90' lang='lat' dir='ltr'><strong>bonum</strong></span> 
     </span>
     <span class='ocr_line' id='line_1_16' title="bbox 62 1654 1754 1728; baseline 0.003 -20"><span class='ocrx_word' id='word_1_208' title='bbox 62 1654 148 1708; x_wconf 79' lang='lat' dir='ltr'><strong>malis</strong></span> <span class='ocrx_word' id='word_1_209' title='bbox 165 1662 255 1710; x_wconf 77' lang='lat' dir='ltr'><strong>amem</strong></span> <span class='ocrx_word' id='word_1_210' title='bbox 268 1655 480 1728; x_wconf 77' lang='lat' dir='ltr'><strong>pemittmdir,</strong></span> <span class='ocrx_word' id='word_1_211' title='bbox 500 1657 562 1726; x_wconf 83' lang='lat' dir='ltr'><strong>J‘am</strong></span> <span class='ocrx_word' id='word_1_212' title='bbox 578 1657 645 1712; x_wconf 82' lang='lat' dir='ltr'><strong>inde</strong></span> <span class='ocrx_word' id='word_1_213' title='bbox 664 1659 701 1711; x_wconf 85' lang='lat' dir='ltr'><strong>ab</strong></span> <span class='ocrx_word' id='word_1_214' title='bbox 719 1666 831 1712; x_wconf 82' lang='lat' dir='ltr'><strong>aeterno</strong></span> <span class='ocrx_word' id='word_1_215' title='bbox 843 1659 897 1728; x_wconf 81' lang='lat' dir='ltr'><strong>fa·</strong></span> <span class='ocrx_word' id='word_1_216' title='bbox 922 1671 982 1711; x_wconf 89' lang='lat' dir='ltr'><strong>esse</strong></span> <span class='ocrx_word' id='word_1_217' title='bbox 999 1654 1043 1709; x_wconf 83' lang='lat' dir='ltr'><strong>rel</strong></span> <span class='ocrx_word' id='word_1_218' title='bbox 1063 1661 1204 1710; x_wconf 87' lang='lat' dir='ltr'><strong>creaturas</strong></span> <span class='ocrx_word' id='word_1_219' title='bbox 1225 1671 1294 1720; x_wconf 87' lang='lat' dir='ltr'><strong>erse,</strong></span> <span class='ocrx_word' id='word_1_220' title='bbox 1315 1654 1364 1710; x_wconf 86' lang='lat' dir='ltr'><strong>scd</strong></span> <span class='ocrx_word' id='word_1_221' title='bbox 1384 1672 1417 1710; x_wconf 85' lang='lat' dir='ltr'><strong>ex</strong></span> <span class='ocrx_word' id='word_1_222' title='bbox 1436 1654 1602 1711; x_wconf 84' lang='lat' dir='ltr'><strong>necessitate</strong></span> <span class='ocrx_word' id='word_1_223' title='bbox 1619 1654 1754 1728; x_wconf 86' lang='lat' dir='ltr'><strong>bypotbe·</strong></span> 
     </span>
     <span class='ocr_line' id='line_1_17' title="bbox 61 1740 1754 1815; baseline 0.001 -20"><span class='ocrx_word' id='word_1_224' title='bbox 61 1749 137 1795; x_wconf 82' lang='lat' dir='ltr'><strong>etum</strong></span> <span class='ocrx_word' id='word_1_225' title='bbox 160 1758 218 1796; x_wconf 84' lang='grc' dir='ltr'><strong>ιιιι</strong></span> <span class='ocrx_word' id='word_1_226' title='bbox 241 1742 369 1812; x_wconf 56' lang='lat' dir='ltr'><strong>immane</strong></span> <span class='ocrx_word' id='word_1_227' title='bbox 392 1744 422 1797; x_wconf 83' lang='lat' dir='ltr'><strong>ia</strong></span> <span class='ocrx_word' id='word_1_228' title='bbox 441 1750 582 1798; x_wconf 71' lang='lat' dir='ltr'><strong>neumam</strong></span> <span class='ocrx_word' id='word_1_229' title='bbox 596 1762 776 1815; x_wconf 75' lang='lat' dir='ltr'><strong>peratore-e,</strong></span> <span class='ocrx_word' id='word_1_230' title='bbox 801 1753 827 1799; x_wconf 86' lang='lat' dir='ltr'><strong>et</strong></span> <span class='ocrx_word' id='word_1_231' title='bbox 844 1745 896 1800; x_wconf 84' lang='lat' dir='ltr'><strong>boa</strong></span> <span class='ocrx_word' id='word_1_232' title='bbox 922 1757 993 1811; x_wconf 91' lang='lat' dir='ltr'><strong>seos,</strong></span> <span class='ocrx_word' id='word_1_233' title='bbox 1010 1742 1223 1813; x_wconf 85' lang='lat' dir='ltr'><strong>praesupposita</strong></span> <span class='ocrx_word' id='word_1_234' title='bbox 1235 1740 1342 1799; x_wconf 88' lang='lat' dir='ltr'><strong>scilicet</strong></span> <span class='ocrx_word' id='word_1_235' title='bbox 1350 1740 1404 1796; x_wconf 92' lang='lat' dir='ltr'><strong>Dei</strong></span> <span class='ocrx_word' id='word_1_236' title='bbox 1417 1740 1559 1797; x_wconf 83' lang='lat' dir='ltr'><strong>voluntate</strong></span> <span class='ocrx_word' id='word_1_237' title='bbox 1570 1742 1672 1798; x_wconf 90' lang='lat' dir='ltr'><strong>bouum</strong></span> <span class='ocrx_word' id='word_1_238' title='bbox 1684 1742 1754 1800; x_wconf 91' lang='lat' dir='ltr'><strong>illud</strong></span> 
     </span>
     <span class='ocr_line' id='line_1_18' title="bbox 60 1825 1755 1902; baseline 0.002 -20"><span class='ocrx_word' id='word_1_239' title='bbox 60 1845 146 1883; x_wconf 82' lang='grc' dir='ltr'><strong>ιιιιιιι</strong></span> <span class='ocrx_word' id='word_1_240' title='bbox 163 1845 212 1882; x_wconf 86' lang='lat' dir='ltr'><strong>aee</strong></span> <span class='ocrx_word' id='word_1_241' title='bbox 233 1828 368 1899; x_wconf 75' lang='lat' dir='ltr'><strong>oriaiaem</strong></span> <span class='ocrx_word' id='word_1_242' title='bbox 392 1829 483 1884; x_wconf 79' lang='grc' dir='ltr'><strong>ιιὶιιι</strong></span> <span class='ocrx_word' id='word_1_243' title='bbox 506 1849 556 1884; x_wconf 83' lang='grc' dir='ltr'><strong>ιιι</strong></span> <span class='ocrx_word' id='word_1_244' title='bbox 574 1832 661 1901; x_wconf 83' lang='lat' dir='ltr'><strong>Jtaem</strong></span> <span class='ocrx_word' id='word_1_245' title='bbox 677 1849 799 1902; x_wconf 76' lang='lat' dir='ltr'><strong>anquam</strong></span> <span class='ocrx_word' id='word_1_246' title='bbox 823 1832 896 1886; x_wconf 83' lang='lat' dir='ltr'><strong>iare·</strong></span> <span class='ocrx_word' id='word_1_247' title='bbox 921 1826 1055 1883; x_wconf 88' lang='lat' dir='ltr'><strong>creaturis</strong></span> <span class='ocrx_word' id='word_1_248' title='bbox 1068 1827 1249 1883; x_wconf 86' lang='lat' dir='ltr'><strong>decernentis.</strong></span> <span class='ocrx_word' id='word_1_249' title='bbox 1272 1826 1352 1884; x_wconf 89' lang='lat' dir='ltr'><strong>Haec</strong></span> <span class='ocrx_word' id='word_1_250' title='bbox 1362 1825 1571 1883; x_wconf 87' lang='lat' dir='ltr'><strong>immutabilitas</strong></span> <span class='ocrx_word' id='word_1_251' title='bbox 1582 1845 1637 1884; x_wconf 92' lang='lat' dir='ltr'><strong>non</strong></span> <span class='ocrx_word' id='word_1_252' title='bbox 1647 1837 1755 1902; x_wconf 77' lang='lat' dir='ltr'><strong>pugnat</strong></span> 
     </span>
     <span class='ocr_line' id='line_1_19' title="bbox 62 1913 1803 1988; baseline 0.002 -20"><span class='ocrx_word' id='word_1_253' title='bbox 62 1915 134 1970; x_wconf 80' lang='lat' dir='ltr'><strong>aire.</strong></span> <span class='ocrx_word' id='word_1_254' title='bbox 169 1914 209 1969; x_wconf 83' lang='lat' dir='ltr'><strong>At</strong></span> <span class='ocrx_word' id='word_1_255' title='bbox 228 1913 251 1969; x_wconf 90' lang='lat' dir='ltr'><strong>si</strong></span> <span class='ocrx_word' id='word_1_256' title='bbox 270 1913 341 1969; x_wconf 90' lang='lat' dir='ltr'><strong>illud</strong></span> <span class='ocrx_word' id='word_1_257' title='bbox 361 1914 501 1970; x_wconf 88' lang='lat' dir='ltr'><strong>decretum</strong></span> <span class='ocrx_word' id='word_1_258' title='bbox 523 1916 615 1988; x_wconf 88' lang='lat' dir='ltr'><strong>potuit</strong></span> <span class='ocrx_word' id='word_1_259' title='bbox 640 1917 721 1971; x_wconf 88' lang='lat' dir='ltr'><strong>simul</strong></span> <span class='ocrx_word' id='word_1_260' title='bbox 745 1933 805 1972; x_wconf 85' lang='lat' dir='ltr'><strong>esse</strong></span> <span class='ocrx_word' id='word_1_261' title='bbox 829 1917 896 1973; x_wconf 88' lang='lat' dir='ltr'><strong>libe·</strong></span> <span class='ocrx_word' id='word_1_262' title='bbox 921 1930 984 1968; x_wconf 90' lang='lat' dir='ltr'><strong>cum</strong></span> <span class='ocrx_word' id='word_1_263' title='bbox 996 1913 1132 1983; x_wconf 86' lang='lat' dir='ltr'><strong>libertate,</strong></span> <span class='ocrx_word' id='word_1_264' title='bbox 1144 1914 1277 1987; x_wconf 86' lang='lat' dir='ltr'><strong>quianon</strong></span> <span class='ocrx_word' id='word_1_265' title='bbox 1289 1920 1332 1970; x_wconf 91' lang='lat' dir='ltr'><strong>est</strong></span> <span class='ocrx_word' id='word_1_266' title='bbox 1343 1915 1481 1986; x_wconf 85' lang='lat' dir='ltr'><strong>quaedam</strong></span> <span class='ocrx_word' id='word_1_267' title='bbox 1491 1913 1641 1970; x_wconf 84' lang='lat' dir='ltr'><strong>necessitas</strong></span> <span class='ocrx_word' id='word_1_268' title='bbox 1653 1915 1752 1972; x_wconf 86' lang='lat' dir='ltr'><strong>extrin-</strong></span> <span class='ocrx_word' id='word_1_269' title='bbox 1800 1975 1803 1979; x_wconf 75' lang='grc'>,</span> 
     </span>
     <span class='ocr_line' id='line_1_20' title="bbox 61 1999 1753 2075; baseline 0.001 -19"><span class='ocrx_word' id='word_1_270' title='bbox 61 2018 125 2056; x_wconf 91' lang='lat' dir='ltr'><strong>rum</strong></span> <span class='ocrx_word' id='word_1_271' title='bbox 142 2005 171 2057; x_wconf 90' lang='lat' dir='ltr'><strong>et</strong></span> <span class='ocrx_word' id='word_1_272' title='bbox 191 2006 346 2070; x_wconf 85' lang='lat' dir='ltr'><strong>aeteruum,</strong></span> <span class='ocrx_word' id='word_1_273' title='bbox 371 2000 466 2073; x_wconf 88' lang='lat' dir='ltr'><strong>quidni</strong></span> <span class='ocrx_word' id='word_1_274' title='bbox 484 2001 558 2056; x_wconf 88' lang='lat' dir='ltr'><strong>idem</strong></span> <span class='ocrx_word' id='word_1_275' title='bbox 580 2002 615 2057; x_wconf 90' lang='lat' dir='ltr'><strong>de</strong></span> <span class='ocrx_word' id='word_1_276' title='bbox 633 2002 747 2075; x_wconf 86' lang='lat' dir='ltr'><strong>reliquis</strong></span> <span class='ocrx_word' id='word_1_277' title='bbox 770 2002 896 2072; x_wconf 81' lang='lat' dir='ltr'><strong>decretis,</strong></span> <span class='ocrx_word' id='word_1_278' title='bbox 923 2016 986 2055; x_wconf 87' lang='lat' dir='ltr'><strong>seca</strong></span> <span class='ocrx_word' id='word_1_279' title='bbox 1002 2006 1031 2055; x_wconf 89' lang='lat' dir='ltr'><strong>ct</strong></span> <span class='ocrx_word' id='word_1_280' title='bbox 1048 2000 1184 2068; x_wconf 84' lang='lat' dir='ltr'><strong>violenta,</strong></span> <span class='ocrx_word' id='word_1_281' title='bbox 1202 2001 1252 2056; x_wconf 89' lang='lat' dir='ltr'><strong>aed</strong></span> <span class='ocrx_word' id='word_1_282' title='bbox 1272 2000 1419 2068; x_wconf 85' lang='lat' dir='ltr'><strong>naturalis,</strong></span> <span class='ocrx_word' id='word_1_283' title='bbox 1436 1999 1585 2056; x_wconf 88' lang='lat' dir='ltr'><strong>intrinseca</strong></span> <span class='ocrx_word' id='word_1_284' title='bbox 1602 2005 1631 2057; x_wconf 87' lang='grc' dir='ltr'><strong>ιι</strong></span> <span class='ocrx_word' id='word_1_285' title='bbox 1648 2019 1753 2058; x_wconf 88' lang='lat' dir='ltr'><strong>summe</strong></span> 
     </span>
     <span class='ocr_line' id='line_1_21' title="bbox 61 2085 1753 2161; baseline 0.001 -18"><span class='ocrx_word' id='word_1_286' title='bbox 61 2093 199 2161; x_wconf 90' lang='lat' dir='ltr'><strong>quatenus</strong></span> <span class='ocrx_word' id='word_1_287' title='bbox 222 2085 446 2156; x_wconf 88' lang='lat' dir='ltr'><strong>considerantur,</strong></span> <span class='ocrx_word' id='word_1_288' title='bbox 474 2095 505 2143; x_wconf 90' lang='lat' dir='ltr'><strong>ut</strong></span> <span class='ocrx_word' id='word_1_289' title='bbox 527 2088 638 2144; x_wconf 91' lang='lat' dir='ltr'><strong>suntin</strong></span> <span class='ocrx_word' id='word_1_290' title='bbox 661 2089 721 2160; x_wconf 88' lang='lat' dir='ltr'><strong>ipso</strong></span> <span class='ocrx_word' id='word_1_291' title='bbox 741 2089 815 2156; x_wconf 89' lang='lat' dir='ltr'><strong>Deo,</strong></span> <span class='ocrx_word' id='word_1_292' title='bbox 840 2089 896 2145; x_wconf 83' lang='lat' dir='ltr'><strong>dini</strong></span> <span class='ocrx_word' id='word_1_293' title='bbox 920 2086 1094 2156; x_wconf 81' lang='lat' dir='ltr'><strong>voluntaria,</strong></span> <span class='ocrx_word' id='word_1_294' title='bbox 1119 2102 1190 2158; x_wconf 90' lang='lat' dir='ltr'><strong>quae</strong></span> <span class='ocrx_word' id='word_1_295' title='bbox 1208 2104 1264 2143; x_wconf 93' lang='lat' dir='ltr'><strong>non</strong></span> <span class='ocrx_word' id='word_1_296' title='bbox 1282 2093 1326 2144; x_wconf 86' lang='lat' dir='ltr'><strong>est</strong></span> <span class='ocrx_word' id='word_1_297' title='bbox 1343 2086 1516 2158; x_wconf 87' lang='lat' dir='ltr'><strong>imperiectio</strong></span> <span class='ocrx_word' id='word_1_298' title='bbox 1539 2087 1684 2160; x_wconf 88' lang='lat' dir='ltr'><strong>quaedam,</strong></span> <span class='ocrx_word' id='word_1_299' title='bbox 1703 2089 1753 2145; x_wconf 89' lang='lat' dir='ltr'><strong>sed</strong></span> 
     </span>
     <span class='ocr_line' id='line_1_22' title="bbox 61 2171 1753 2246; baseline 0 -17"><span class='ocrx_word' id='word_1_300' title='bbox 61 2173 172 2246; x_wconf 84' lang='lat' dir='ltr'><strong>possit?</strong></span> <span class='ocrx_word' id='word_1_301' title='bbox 207 2178 231 2229; x_wconf 79' lang='lat'><strong>³.</strong></span> <span class='ocrx_word' id='word_1_302' title='bbox 254 2171 309 2228; x_wconf 91' lang='lat' dir='ltr'><strong>Dei</strong></span> <span class='ocrx_word' id='word_1_303' title='bbox 328 2173 441 2229; x_wconf 87' lang='lat' dir='ltr'><strong>decreta</strong></span> <span class='ocrx_word' id='word_1_304' title='bbox 463 2174 561 2229; x_wconf 89' lang='lat' dir='ltr'><strong>statuit</strong></span> <span class='ocrx_word' id='word_1_305' title='bbox 577 2174 731 2233; x_wconf 85' lang='lat' dir='ltr'><strong>mutabilia.</strong></span> <span class='ocrx_word' id='word_1_306' title='bbox 755 2182 835 2232; x_wconf 85' lang='lat' dir='ltr'><strong>tract.</strong></span> <span class='ocrx_word' id='word_1_307' title='bbox 861 2177 895 2233; x_wconf 91' lang='lat' dir='ltr'><strong>de</strong></span> <span class='ocrx_word' id='word_1_308' title='bbox 921 2189 1028 2228; x_wconf 88' lang='lat' dir='ltr'><strong>summa</strong></span> <span class='ocrx_word' id='word_1_309' title='bbox 1046 2171 1187 2244; x_wconf 82' lang='lat' dir='ltr'><strong>perfectio.</strong></span> <span class='ocrx_word' id='word_1_310' title='bbox 1213 2172 1259 2228; x_wconf 84' lang='lat' dir='ltr'><strong>Sic</strong></span> <span class='ocrx_word' id='word_1_311' title='bbox 1279 2172 1373 2246; x_wconf 83' lang='lat' dir='ltr'><strong>angeli</strong></span> <span class='ocrx_word' id='word_1_312' title='bbox 1388 2178 1453 2245; x_wconf 89' lang='lat' dir='ltr'><strong>post</strong></span> <span class='ocrx_word' id='word_1_313' title='bbox 1471 2172 1731 2231; x_wconf 79' lang='lat' dir='ltr'><strong>confirmationem</strong></span> <span class='ocrx_word' id='word_1_314' title='bbox 1723 2193 1753 2229; x_wconf 88' lang='grc' dir='ltr'><strong>ιιι</strong></span> 
     </span>
     <span class='ocr_line' id='line_1_23' title="bbox 60 2257 1752 2334; baseline 0.001 -19"><span class='ocrx_word' id='word_1_315' title='bbox 60 2259 124 2315; x_wconf 89' lang='lat' dir='ltr'><strong>Deo</strong></span> <span class='ocrx_word' id='word_1_316' title='bbox 141 2277 168 2331; x_wconf 90' lang='lat' dir='ltr'><strong>p</strong></span> <span class='ocrx_word' id='word_1_317' title='bbox 183 2265 248 2316; x_wconf 83' lang='lat'>112:</span> <span class='ocrx_word' id='word_1_318' title='bbox 278 2260 410 2314; x_wconf 64' lang='lat' dir='ltr'><strong>Voluntas</strong></span> <span class='ocrx_word' id='word_1_319' title='bbox 427 2261 488 2314; x_wconf 83' lang='lat' dir='ltr'><strong>Dei</strong></span> <span class='ocrx_word' id='word_1_320' title='bbox 504 2268 544 2314; x_wconf 85' lang='grc' dir='ltr'><strong>ιιι</strong></span> <span class='ocrx_word' id='word_1_321' title='bbox 555 2263 731 2332; x_wconf 55' lang='lat' dir='ltr'><strong>primariam</strong></span> <span class='ocrx_word' id='word_1_322' title='bbox 748 2265 895 2334; x_wconf 81' lang='lat' dir='ltr'><strong>rajaadam</strong></span> <span class='ocrx_word' id='word_1_323' title='bbox 921 2259 994 2314; x_wconf 92' lang='lat' dir='ltr'><strong>bono</strong></span> <span class='ocrx_word' id='word_1_324' title='bbox 1016 2264 1044 2313; x_wconf 91' lang='grc' dir='ltr'><strong>ιι</strong></span> <span class='ocrx_word' id='word_1_325' title='bbox 1062 2257 1165 2315; x_wconf 86' lang='lat' dir='ltr'><strong>beati&#39;</strong></span> <span class='ocrx_word' id='word_1_326' title='bbox 1156 2275 1186 2313; x_wconf 88' lang='grc' dir='ltr'><strong>ιιι</strong></span> <span class='ocrx_word' id='word_1_327' title='bbox 1205 2257 1264 2313; x_wconf 81' lang='lat' dir='ltr'><strong>vita</strong></span> <span class='ocrx_word' id='word_1_328' title='bbox 1288 2265 1401 2315; x_wconf 86' lang='lat' dir='ltr'><strong>aeterna</strong></span> <span class='ocrx_word' id='word_1_329' title='bbox 1424 2259 1634 2318; x_wconf 84' lang='lat' dir='ltr'><strong>immutabiliter</strong></span> <span class='ocrx_word' id='word_1_330' title='bbox 1655 2259 1752 2316; x_wconf 81' lang='lat' dir='ltr'><strong>volunt</strong></span> 
     </span>
     <span class='ocr_line' id='line_1_24' title="bbox 61 2344 1753 2422; baseline 0.002 -22"><span class='ocrx_word' id='word_1_331' title='bbox 61 2345 295 2401; x_wconf 69' lang='lat' dir='ltr'><strong>marotiam</strong></span> <span class='ocrx_word' id='word_1_332' title='bbox 282 2365 312 2400; x_wconf 83' lang='lat' dir='ltr'><strong>m</strong></span> <span class='ocrx_word' id='word_1_333' title='bbox 329 2347 401 2399; x_wconf 87' lang='lat' dir='ltr'><strong>Deo</strong></span> <span class='ocrx_word' id='word_1_334' title='bbox 436 2345 505 2418; x_wconf 81' lang='lat' dir='ltr'><strong>Pag.</strong></span> <span class='ocrx_word' id='word_1_335' title='bbox 533 2351 582 2402; x_wconf 86' lang='grc' dir='ltr'><strong>65ι</strong></span> <span class='ocrx_word' id='word_1_336' title='bbox 614 2349 733 2403; x_wconf 83' lang='lat' dir='ltr'><strong>Deua</strong></span> <span class='ocrx_word' id='word_1_337' title='bbox 720 2368 749 2403; x_wconf 85' lang='grc' dir='ltr'><strong>ιι</strong></span> <span class='ocrx_word' id='word_1_338' title='bbox 774 2359 895 2422; x_wconf 81' lang='lat' dir='ltr'><strong>tempore</strong></span> <span class='ocrx_word' id='word_1_339' title='bbox 920 2345 1040 2416; x_wconf 86' lang='lat' dir='ltr'><strong>bouum,</strong></span> <span class='ocrx_word' id='word_1_340' title='bbox 1063 2344 1147 2400; x_wconf 89' lang='lat' dir='ltr'><strong>iidem</strong></span> <span class='ocrx_word' id='word_1_341' title='bbox 1165 2349 1259 2400; x_wconf 88' lang='lat' dir='ltr'><strong>tamen</strong></span> <span class='ocrx_word' id='word_1_342' title='bbox 1282 2344 1368 2400; x_wconf 87' lang='lat' dir='ltr'><strong>libere</strong></span> <span class='ocrx_word' id='word_1_343' title='bbox 1388 2345 1485 2402; x_wconf 85' lang='lat' dir='ltr'><strong>rolant</strong></span> <span class='ocrx_word' id='word_1_344' title='bbox 1508 2346 1619 2403; x_wconf 88' lang='lat' dir='ltr'><strong>bouum</strong></span> <span class='ocrx_word' id='word_1_345' title='bbox 1655 2346 1753 2421; x_wconf 77' lang='lat' dir='ltr'><strong>longe</strong></span> 
     </span>
     <span class='ocr_line' id='line_1_25' title="bbox 61 2430 1752 2504; baseline 0.001 -18"><span class='ocrx_word' id='word_1_346' title='bbox 61 2434 202 2503; x_wconf 74' lang='lat' dir='ltr'><strong>qrmednm</strong></span> <span class='ocrx_word' id='word_1_347' title='bbox 213 2450 244 2487; x_wconf 85' lang='lat' dir='ltr'><strong>re</strong></span> <span class='ocrx_word' id='word_1_348' title='bbox 256 2433 320 2504; x_wconf 77' lang='lat' dir='ltr'><strong>ipm</strong></span> <span class='ocrx_word' id='word_1_349' title='bbox 332 2436 397 2502; x_wconf 87' lang='lat' dir='ltr'><strong>oalt,</strong></span> <span class='ocrx_word' id='word_1_350' title='bbox 416 2451 488 2503; x_wconf 76' lang='lat' dir='ltr'><strong>qaae</strong></span> <span class='ocrx_word' id='word_1_351' title='bbox 504 2442 587 2489; x_wconf 82' lang='lat' dir='ltr'><strong>antea</strong></span> <span class='ocrx_word' id='word_1_352' title='bbox 605 2436 703 2491; x_wconf 80' lang='lat' dir='ltr'><strong>noluit.</strong></span> <span class='ocrx_word' id='word_1_353' title='bbox 727 2437 769 2493; x_wconf 82' lang='lat' dir='ltr'><strong>At</strong></span> <span class='ocrx_word' id='word_1_354' title='bbox 784 2437 836 2493; x_wconf 89' lang='lat' dir='ltr'><strong>boo</strong></span> <span class='ocrx_word' id='word_1_355' title='bbox 853 2455 894 2493; x_wconf 89' lang='lat' dir='ltr'><strong>re-</strong></span> <span class='ocrx_word' id='word_1_356' title='bbox 921 2430 1070 2502; x_wconf 83' lang='lat' dir='ltr'><strong>perfectior</strong></span> <span class='ocrx_word' id='word_1_357' title='bbox 1086 2430 1201 2486; x_wconf 89' lang='lat' dir='ltr'><strong>libertas</strong></span> <span class='ocrx_word' id='word_1_358' title='bbox 1220 2437 1263 2487; x_wconf 89' lang='lat' dir='ltr'><strong>eat</strong></span> <span class='ocrx_word' id='word_1_359' title='bbox 1278 2447 1335 2486; x_wconf 94' lang='lat' dir='ltr'><strong>non</strong></span> <span class='ocrx_word' id='word_1_360' title='bbox 1351 2448 1433 2503; x_wconf 85' lang='lat' dir='ltr'><strong>posse</strong></span> <span class='ocrx_word' id='word_1_361' title='bbox 1448 2431 1520 2486; x_wconf 85' lang='lat' dir='ltr'><strong>velle</strong></span> <span class='ocrx_word' id='word_1_362' title='bbox 1539 2430 1650 2498; x_wconf 89' lang='lat' dir='ltr'><strong>malum,</strong></span> <span class='ocrx_word' id='word_1_363' title='bbox 1668 2449 1752 2504; x_wconf 83' lang='lat' dir='ltr'><strong>quam</strong></span> 
     </span>
     <span class='ocr_line' id='line_1_26' title="bbox 60 2517 1388 2596; baseline 0.004 -22"><span class='ocrx_word' id='word_1_364' title='bbox 60 2524 172 2592; x_wconf 76' lang='lat' dir='ltr'><strong>pugnat</strong></span> <span class='ocrx_word' id='word_1_365' title='bbox 187 2517 405 2574; x_wconf 89' lang='lat' dir='ltr'><strong>immutabilitati</strong></span> <span class='ocrx_word' id='word_1_366' title='bbox 423 2520 560 2575; x_wconf 86' lang='lat' dir='ltr'><strong>essentiae</strong></span> <span class='ocrx_word' id='word_1_367' title='bbox 572 2520 682 2578; x_wconf 78' lang='lat' dir='ltr'><strong>dirime</strong></span> <span class='ocrx_word' id='word_1_368' title='bbox 692 2525 818 2596; x_wconf 83' lang='lat' dir='ltr'><strong>superius</strong></span> <span class='ocrx_word' id='word_1_369' title='bbox 830 2541 894 2580; x_wconf 88' lang='lat' dir='ltr'><strong>con·</strong></span> <span class='ocrx_word' id='word_1_370' title='bbox 921 2533 1002 2588; x_wconf 67' lang='lat' dir='ltr'><strong>poste</strong></span> <span class='ocrx_word' id='word_1_371' title='bbox 1021 2517 1092 2573; x_wconf 77' lang='lat' dir='ltr'><strong>velle</strong></span> <span class='ocrx_word' id='word_1_372' title='bbox 1111 2517 1213 2573; x_wconf 74' lang='lat' dir='ltr'><strong>bonum</strong></span> <span class='ocrx_word' id='word_1_373' title='bbox 1232 2524 1261 2573; x_wconf 80' lang='lat' dir='ltr'><strong>et</strong></span> <span class='ocrx_word' id='word_1_374' title='bbox 1277 2517 1388 2572; x_wconf 72' lang='lat' dir='ltr'><strong>malum·</strong></span> 
     </span>
     <span class='ocr_line' id='line_1_27' title="bbox 59 2603 1751 2683; baseline 0.005 -23"><span class='ocrx_word' id='word_1_375' title='bbox 59 2606 193 2662; x_wconf 85' lang='lat' dir='ltr'><strong>firmatae.</strong></span> <span class='ocrx_word' id='word_1_376' title='bbox 216 2603 287 2660; x_wconf 87' lang='lat' dir='ltr'><strong>Cum</strong></span> <span class='ocrx_word' id='word_1_377' title='bbox 304 2604 378 2660; x_wconf 92' lang='lat' dir='ltr'><strong>euim</strong></span> <span class='ocrx_word' id='word_1_378' title='bbox 396 2604 473 2661; x_wconf 87' lang='lat' dir='ltr'><strong>Deua</strong></span> <span class='ocrx_word' id='word_1_379' title='bbox 490 2606 559 2662; x_wconf 84' lang='lat' dir='ltr'><strong>velit</strong></span> <span class='ocrx_word' id='word_1_380' title='bbox 574 2624 626 2679; x_wconf 89' lang='lat' dir='ltr'><strong>per</strong></span> <span class='ocrx_word' id='word_1_381' title='bbox 643 2627 722 2664; x_wconf 86' lang='lat' dir='ltr'><strong>suam</strong></span> <span class='ocrx_word' id='word_1_382' title='bbox 740 2611 894 2683; x_wconf 77' lang='lat' dir='ltr'><strong>maentiam,</strong></span> <span class='ocrx_word' id='word_1_383' title='bbox 956 2608 1014 2661; x_wconf 77' lang='lat'><strong>²81·</strong></span> <span class='ocrx_word' id='word_1_384' title='bbox 1049 2603 1101 2669; x_wconf 85' lang='lat' dir='ltr'><strong>Qu</strong></span> <span class='ocrx_word' id='word_1_385' title='bbox 1121 2609 1145 2659; x_wconf 85' lang='lat'><strong>3·</strong></span> <span class='ocrx_word' id='word_1_386' title='bbox 1180 2604 1228 2657; x_wconf 58' lang='lat' dir='ltr'><strong>Aa</strong></span> <span class='ocrx_word' id='word_1_387' title='bbox 1244 2603 1349 2658; x_wconf 64' lang='lat' dir='ltr'><strong>malum</strong></span> <span class='ocrx_word' id='word_1_388' title='bbox 1366 2605 1403 2657; x_wconf 58' lang='lat'><strong>⁸⁸3</strong></span> <span class='ocrx_word' id='word_1_389' title='bbox 1421 2605 1555 2673; x_wconf 58' lang='lat' dir='ltr'><strong>obitam</strong></span> <span class='ocrx_word' id='word_1_390' title='bbox 1573 2603 1687 2660; x_wconf 72' lang='lat' dir='ltr'><strong>divium</strong></span> <span class='ocrx_word' id='word_1_391' title='bbox 1705 2621 1751 2660; x_wconf 71' lang='lat' dir='ltr'><strong>aa</strong></span> 
     </span>
     <span class='ocr_line' id='line_1_28' title="bbox 59 2688 1752 2767; baseline 0.004 -20"><span class='ocrx_word' id='word_1_392' title='bbox 59 2692 84 2747; x_wconf 78' lang='lat' dir='ltr'><strong>si</strong></span> <span class='ocrx_word' id='word_1_393' title='bbox 103 2691 134 2747; x_wconf 83' lang='lat' dir='ltr'><strong>in</strong></span> <span class='ocrx_word' id='word_1_394' title='bbox 156 2692 297 2747; x_wconf 75' lang='lat' dir='ltr'><strong>voluntate</strong></span> <span class='ocrx_word' id='word_1_395' title='bbox 321 2690 376 2748; x_wconf 82' lang='lat' dir='ltr'><strong>Dei</strong></span> <span class='ocrx_word' id='word_1_396' title='bbox 398 2693 529 2749; x_wconf 64' lang='lat' dir='ltr'><strong>statuitur</strong></span> <span class='ocrx_word' id='word_1_397' title='bbox 545 2693 733 2767; x_wconf 79' lang='lat' dir='ltr'><strong>mutabilitas,</strong></span> <span class='ocrx_word' id='word_1_398' title='bbox 759 2697 844 2752; x_wconf 79' lang='lat' dir='ltr'><strong>stiam</strong></span> <span class='ocrx_word' id='word_1_399' title='bbox 866 2699 895 2755; x_wconf 84' lang='lat' dir='ltr'><strong>in</strong></span> <span class='ocrx_word' id='word_1_400' title='bbox 921 2689 1055 2744; x_wconf 72' lang='lat' dir='ltr'><strong>immet</strong></span> <span class='ocrx_word' id='word_1_401' title='bbox 1077 2688 1312 2762; x_wconf 73' lang='lat' dir='ltr'><strong>Distinguendum</strong></span> <span class='ocrx_word' id='word_1_402' title='bbox 1329 2689 1402 2746; x_wconf 83' lang='lat' dir='ltr'><strong>inter</strong></span> <span class='ocrx_word' id='word_1_403' title='bbox 1412 2691 1635 2762; x_wconf 74' lang='lat' dir='ltr'><strong>matampomas</strong></span> <span class='ocrx_word' id='word_1_404' title='bbox 1653 2696 1752 2747; x_wconf 73' lang='lat' dir='ltr'><strong>ama-</strong></span> 
     </span>
     <span class='ocr_line' id='line_1_29' title="bbox 60 2775 1752 2851; baseline 0.006 -16"><span class='ocrx_word' id='word_1_405' title='bbox 60 2777 181 2836; x_wconf 88' lang='lat' dir='ltr'><strong>esssutia</strong></span> <span class='ocrx_word' id='word_1_406' title='bbox 197 2777 251 2833; x_wconf 90' lang='lat' dir='ltr'><strong>Dei</strong></span> <span class='ocrx_word' id='word_1_407' title='bbox 268 2777 438 2834; x_wconf 82' lang='lat' dir='ltr'><strong>mutabilitas</strong></span> <span class='ocrx_word' id='word_1_408' title='bbox 457 2779 592 2851; x_wconf 83' lang='lat' dir='ltr'><strong>quasdam</strong></span> <span class='ocrx_word' id='word_1_409' title='bbox 611 2786 753 2838; x_wconf 87' lang='lat' dir='ltr'><strong>statuetur.</strong></span> <span class='ocrx_word' id='word_1_410' title='bbox 788 2782 894 2840; x_wconf 89' lang='lat' dir='ltr'><strong>Voluu-</strong></span> <span class='ocrx_word' id='word_1_411' title='bbox 921 2777 978 2830; x_wconf 61' lang='lat' dir='ltr'><strong>lum</strong></span> <span class='ocrx_word' id='word_1_412' title='bbox 996 2776 1104 2847; x_wconf 53' lang='lat' dir='ltr'><strong>&amp;littat-</strong></span> <span class='ocrx_word' id='word_1_413' title='bbox 1138 2775 1244 2832; x_wconf 86' lang='lat' dir='ltr'><strong>Malum</strong></span> <span class='ocrx_word' id='word_1_414' title='bbox 1261 2791 1376 2847; x_wconf 64' lang='lat' dir='ltr'><strong>ptime,</strong></span> <span class='ocrx_word' id='word_1_415' title='bbox 1395 2775 1424 2830; x_wconf 68' lang='lat' dir='ltr'><strong>id</strong></span> <span class='ocrx_word' id='word_1_416' title='bbox 1443 2781 1486 2833; x_wconf 63' lang='lat' dir='ltr'><strong>“i</strong></span> <span class='ocrx_word' id='word_1_417' title='bbox 1501 2792 1619 2848; x_wconf 67' lang='grc' dir='ltr'><strong>ΡΟΘΜ</strong></span> <span class='ocrx_word' id='word_1_418' title='bbox 1636 2776 1752 2849; x_wconf 58' lang='lat' dir='ltr'><strong>W,</strong></span> 
     </span>
     <span class='ocr_line' id='line_1_30' title="bbox 58 2861 1754 2935; baseline 0 -14"><span class='ocrx_word' id='word_1_419' title='bbox 58 2873 103 2921; x_wconf 81' lang='lat' dir='ltr'><strong>tas</strong></span> <span class='ocrx_word' id='word_1_420' title='bbox 120 2880 171 2920; x_wconf 87' lang='lat' dir='ltr'><strong>seu</strong></span> <span class='ocrx_word' id='word_1_421' title='bbox 190 2863 332 2920; x_wconf 88' lang='lat' dir='ltr'><strong>decretum</strong></span> <span class='ocrx_word' id='word_1_422' title='bbox 343 2863 398 2919; x_wconf 89' lang='lat' dir='ltr'><strong>Dei</strong></span> <span class='ocrx_word' id='word_1_423' title='bbox 415 2864 445 2919; x_wconf 91' lang='lat' dir='ltr'><strong>in</strong></span> <span class='ocrx_word' id='word_1_424' title='bbox 462 2883 492 2919; x_wconf 91' lang='lat' dir='ltr'><strong>se</strong></span> <span class='ocrx_word' id='word_1_425' title='bbox 509 2872 538 2920; x_wconf 91' lang='grc' dir='ltr'><strong>ιι</strong></span> <span class='ocrx_word' id='word_1_426' title='bbox 555 2867 706 2922; x_wconf 86' lang='lat' dir='ltr'><strong>seeundum</strong></span> <span class='ocrx_word' id='word_1_427' title='bbox 724 2886 755 2925; x_wconf 87' lang='lat' dir='ltr'><strong>se</strong></span> <span class='ocrx_word' id='word_1_428' title='bbox 770 2870 894 2928; x_wconf 83' lang='lat' dir='ltr'><strong>conside-</strong></span> <span class='ocrx_word' id='word_1_429' title='bbox 920 2864 997 2919; x_wconf 88' lang='lat' dir='ltr'><strong>Deus</strong></span> <span class='ocrx_word' id='word_1_430' title='bbox 1014 2863 1075 2918; x_wconf 84' lang='lat' dir='ltr'><strong>vult</strong></span> <span class='ocrx_word' id='word_1_431' title='bbox 1092 2879 1126 2917; x_wconf 84' lang='lat' dir='ltr'><strong>er</strong></span> <span class='ocrx_word' id='word_1_432' title='bbox 1145 2862 1241 2918; x_wconf 88' lang='lat' dir='ltr'><strong>ordine</strong></span> <span class='ocrx_word' id='word_1_433' title='bbox 1260 2861 1400 2934; x_wconf 80' lang='lat' dir='ltr'><strong>J‘ustitiae,</strong></span> <span class='ocrx_word' id='word_1_434' title='bbox 1425 2863 1473 2919; x_wconf 84' lang='lat' dir='ltr'><strong>sed</strong></span> <span class='ocrx_word' id='word_1_435' title='bbox 1496 2862 1567 2919; x_wconf 90' lang='lat' dir='ltr'><strong>illud</strong></span> <span class='ocrx_word' id='word_1_436' title='bbox 1589 2863 1701 2935; x_wconf 86' lang='lat' dir='ltr'><strong>proprie</strong></span> <span class='ocrx_word' id='word_1_437' title='bbox 1724 2869 1754 2921; x_wconf 89' lang='lat' dir='ltr'><strong>et</strong></span> 
     </span>
     <span class='ocr_line' id='line_1_31' title="bbox 59 2948 1753 3027; baseline 0.001 -21"><span class='ocrx_word' id='word_1_438' title='bbox 59 2956 152 3007; x_wconf 87' lang='lat' dir='ltr'><strong>ratum</strong></span> <span class='ocrx_word' id='word_1_439' title='bbox 170 2967 226 3006; x_wconf 92' lang='lat' dir='ltr'><strong>non</strong></span> <span class='ocrx_word' id='word_1_440' title='bbox 237 2957 373 3016; x_wconf 87' lang='lat' dir='ltr'><strong>mutatur,</strong></span> <span class='ocrx_word' id='word_1_441' title='bbox 393 2950 501 3007; x_wconf 86' lang='lat' dir='ltr'><strong>etiamsi</strong></span> <span class='ocrx_word' id='word_1_442' title='bbox 518 2951 658 3023; x_wconf 84' lang='lat' dir='ltr'><strong>objectum</strong></span> <span class='ocrx_word' id='word_1_443' title='bbox 676 2953 734 3009; x_wconf 82' lang='lat' dir='ltr'><strong>sive</strong></span> <span class='ocrx_word' id='word_1_444' title='bbox 751 2972 803 3025; x_wconf 89' lang='lat' dir='ltr'><strong>res,</strong></span> <span class='ocrx_word' id='word_1_445' title='bbox 823 2973 894 3027; x_wconf 90' lang='lat' dir='ltr'><strong>qnae</strong></span> <span class='ocrx_word' id='word_1_446' title='bbox 920 2968 970 3022; x_wconf 88' lang='lat' dir='ltr'><strong>per</strong></span> <span class='ocrx_word' id='word_1_447' title='bbox 988 2966 1018 3005; x_wconf 90' lang='lat' dir='ltr'><strong>se</strong></span> <span class='ocrx_word' id='word_1_448' title='bbox 1034 2967 1090 3005; x_wconf 89' lang='lat' dir='ltr'><strong>non</strong></span> <span class='ocrx_word' id='word_1_449' title='bbox 1108 2955 1150 3004; x_wconf 88' lang='lat' dir='ltr'><strong>est</strong></span> <span class='ocrx_word' id='word_1_450' title='bbox 1167 2948 1279 3016; x_wconf 87' lang='lat' dir='ltr'><strong>malum,</strong></span> <span class='ocrx_word' id='word_1_451' title='bbox 1298 2965 1361 3003; x_wconf 91' lang='lat' dir='ltr'><strong>cum</strong></span> <span class='ocrx_word' id='word_1_452' title='bbox 1373 2949 1411 3004; x_wconf 89' lang='lat' dir='ltr'><strong>sit</strong></span> <span class='ocrx_word' id='word_1_453' title='bbox 1427 2966 1497 3021; x_wconf 88' lang='lat' dir='ltr'><strong>opus</strong></span> <span class='ocrx_word' id='word_1_454' title='bbox 1509 2949 1619 3005; x_wconf 84' lang='lat' dir='ltr'><strong>divinae</strong></span> <span class='ocrx_word' id='word_1_455' title='bbox 1626 2950 1753 3022; x_wconf 88' lang='lat' dir='ltr'><strong>justitiae</strong></span> 
     </span>
     <span class='ocr_line' id='line_1_32' title="bbox 59 3035 1752 3108; baseline -0.001 -15"><span class='ocrx_word' id='word_1_456' title='bbox 59 3037 234 3107; x_wconf 88' lang='lat' dir='ltr'><strong>decernitur,</strong></span> <span class='ocrx_word' id='word_1_457' title='bbox 251 3043 381 3093; x_wconf 87' lang='lat' dir='ltr'><strong>mutetur.</strong></span> <span class='ocrx_word' id='word_1_458' title='bbox 920 3035 1060 3107; x_wconf 87' lang='lat' dir='ltr'><strong>punientis</strong></span> <span class='ocrx_word' id='word_1_459' title='bbox 1082 3040 1214 3107; x_wconf 87' lang='lat' dir='ltr'><strong>peccata,</strong></span> <span class='ocrx_word' id='word_1_460' title='bbox 1244 3041 1272 3091; x_wconf 94' lang='lat' dir='ltr'><strong>et</strong></span> <span class='ocrx_word' id='word_1_461' title='bbox 1298 3035 1339 3090; x_wconf 88' lang='lat' dir='ltr'><strong>sic</strong></span> <span class='ocrx_word' id='word_1_462' title='bbox 1364 3035 1437 3092; x_wconf 89' lang='lat' dir='ltr'><strong>malo</strong></span> <span class='ocrx_word' id='word_1_463' title='bbox 1461 3036 1554 3108; x_wconf 89' lang='lat' dir='ltr'><strong>potius</strong></span> <span class='ocrx_word' id='word_1_464' title='bbox 1578 3037 1752 3108; x_wconf 71' lang='lat' dir='ltr'><strong>oppositum</strong></span> 
     </span>
     <span class='ocr_line' id='line_1_33' title="bbox 94 3122 1755 3199; baseline 0.002 -19"><span class='ocrx_word' id='word_1_465' title='bbox 94 3129 154 3181; x_wconf 80' lang='lat'><strong>278.</strong></span> <span class='ocrx_word' id='word_1_466' title='bbox 190 3129 216 3177; x_wconf 85' lang='lat'><strong>2.</strong></span> <span class='ocrx_word' id='word_1_467' title='bbox 249 3122 428 3192; x_wconf 82' lang='lat' dir='ltr'><strong>Caioiaiaai,</strong></span> <span class='ocrx_word' id='word_1_468' title='bbox 454 3124 503 3196; x_wconf 91' lang='lat' dir='ltr'><strong>qui</strong></span> <span class='ocrx_word' id='word_1_469' title='bbox 527 3122 683 3180; x_wconf 86' lang='lat' dir='ltr'><strong>libertatem</strong></span> <span class='ocrx_word' id='word_1_470' title='bbox 709 3127 811 3199; x_wconf 77' lang='lat' dir='ltr'><strong>agendi</strong></span> <span class='ocrx_word' id='word_1_471' title='bbox 837 3129 895 3186; x_wconf 83' lang='lat' dir='ltr'><strong>sive</strong></span> <span class='ocrx_word' id='word_1_472' title='bbox 920 3123 1006 3178; x_wconf 67' lang='lat' dir='ltr'><strong>Amo!</strong></span> <span class='ocrx_word' id='word_1_473' title='bbox 1025 3127 1055 3191; x_wconf 82' lang='lat'><strong>3,</strong></span> <span class='ocrx_word' id='word_1_474' title='bbox 1074 3140 1099 3177; x_wconf 79' lang='lat' dir='ltr'><strong>v·</strong></span> <span class='ocrx_word' id='word_1_475' title='bbox 1121 3125 1150 3178; x_wconf 75' lang='lat'><strong>62</strong></span> <span class='ocrx_word' id='word_1_476' title='bbox 1179 3122 1256 3175; x_wconf 67' lang='lat' dir='ltr'><strong>Num</strong></span> <span class='ocrx_word' id='word_1_477' title='bbox 1273 3122 1326 3175; x_wconf 66' lang='lat' dir='ltr'><strong>orii</strong></span> <span class='ocrx_word' id='word_1_478' title='bbox 1344 3122 1449 3176; x_wconf 70' lang='lat' dir='ltr'><strong>malum</strong></span> <span class='ocrx_word' id='word_1_479' title='bbox 1473 3123 1503 3176; x_wconf 72' lang='lat' dir='ltr'><strong>it</strong></span> <span class='ocrx_word' id='word_1_480' title='bbox 1524 3122 1654 3192; x_wconf 67' lang='lat' dir='ltr'><strong>amiate,</strong></span> <span class='ocrx_word' id='word_1_481' title='bbox 1677 3125 1755 3194; x_wconf 73' lang='lat' dir='ltr'><strong>quod</strong></span> 
     </span>
     <span class='ocr_line' id='line_1_34' title="bbox 10 3206 1753 3282; baseline -0.001 -17"><span class='ocrx_word' id='word_1_482' title='bbox 10 3232 32 3274; x_wconf 65' lang='lat' dir='ltr'><strong>a</strong></span> <span class='ocrx_word' id='word_1_483' title='bbox 60 3209 177 3266; x_wconf 83' lang='lat' dir='ltr'><strong>liberam</strong></span> <span class='ocrx_word' id='word_1_484' title='bbox 204 3209 259 3267; x_wconf 93' lang='lat' dir='ltr'><strong>Dei</strong></span> <span class='ocrx_word' id='word_1_485' title='bbox 285 3210 454 3265; x_wconf 80' lang='lat' dir='ltr'><strong>voluntatem</strong></span> <span class='ocrx_word' id='word_1_486' title='bbox 481 3209 594 3282; x_wconf 86' lang='lat' dir='ltr'><strong>reliquis</strong></span> <span class='ocrx_word' id='word_1_487' title='bbox 626 3211 767 3268; x_wconf 90' lang='lat' dir='ltr'><strong>attributis</strong></span> <span class='ocrx_word' id='word_1_488' title='bbox 795 3213 894 3270; x_wconf 86' lang='lat' dir='ltr'><strong>divinis</strong></span> <span class='ocrx_word' id='word_1_489' title='bbox 921 3227 976 3264; x_wconf 84' lang='lat' dir='ltr'><strong>aaa</strong></span> <span class='ocrx_word' id='word_1_490' title='bbox 989 3211 1096 3278; x_wconf 83' lang='lat' dir='ltr'><strong>fecerit</strong></span> <span class='ocrx_word' id='word_1_491' title='bbox 1114 3208 1279 3262; x_wconf 71' lang='lat' dir='ltr'><strong>Dominus!</strong></span> <span class='ocrx_word' id='word_1_492' title='bbox 1306 3206 1412 3262; x_wconf 86' lang='lat' dir='ltr'><strong>bialum</strong></span> <span class='ocrx_word' id='word_1_493' title='bbox 1430 3209 1527 3281; x_wconf 83' lang='lat' dir='ltr'><strong>culpas</strong></span> <span class='ocrx_word' id='word_1_494' title='bbox 1545 3217 1678 3279; x_wconf 65' lang='lat' dir='ltr'><strong>quamam</strong></span> <span class='ocrx_word' id='word_1_495' title='bbox 1695 3210 1753 3264; x_wconf 85' lang='lat' dir='ltr'><strong>tale</strong></span> 
     </span>
     <span class='ocr_line' id='line_1_35' title="bbox 59 3293 1752 3371; baseline -0.001 -18"><span class='ocrx_word' id='word_1_496' title='bbox 59 3302 212 3370; x_wconf 88' lang='lat' dir='ltr'><strong>opponunt,</strong></span> <span class='ocrx_word' id='word_1_497' title='bbox 230 3296 259 3351; x_wconf 91' lang='lat' dir='ltr'><strong>id</strong></span> <span class='ocrx_word' id='word_1_498' title='bbox 273 3302 323 3366; x_wconf 84' lang='lat' dir='ltr'><strong>est,</strong></span> <span class='ocrx_word' id='word_1_499' title='bbox 340 3302 455 3368; x_wconf 84' lang='lat' dir='ltr'><strong>propter</strong></span> <span class='ocrx_word' id='word_1_500' title='bbox 471 3295 627 3353; x_wconf 82' lang='lat' dir='ltr'><strong>libertatem</strong></span> <span class='ocrx_word' id='word_1_501' title='bbox 641 3300 744 3371; x_wconf 83' lang='lat' dir='ltr'><strong>agendi</strong></span> <span class='ocrx_word' id='word_1_502' title='bbox 755 3300 816 3357; x_wconf 83' lang='lat' dir='ltr'><strong>Deo</strong></span> <span class='ocrx_word' id='word_1_503' title='bbox 827 3302 896 3359; x_wconf 76' lang='lat' dir='ltr'><strong>talia</strong></span> <span class='ocrx_word' id='word_1_504' title='bbox 922 3296 999 3352; x_wconf 87' lang='lat' dir='ltr'><strong>Deus</strong></span> <span class='ocrx_word' id='word_1_505' title='bbox 1016 3313 1070 3352; x_wconf 91' lang='lat' dir='ltr'><strong>non</strong></span> <span class='ocrx_word' id='word_1_506' title='bbox 1081 3294 1148 3363; x_wconf 85' lang='lat' dir='ltr'><strong>vult,</strong></span> <span class='ocrx_word' id='word_1_507' title='bbox 1168 3294 1234 3366; x_wconf 91' lang='lat' dir='ltr'><strong>quia</strong></span> <span class='ocrx_word' id='word_1_508' title='bbox 1247 3293 1334 3366; x_wconf 89' lang='lat' dir='ltr'><strong>ipsius</strong></span> <span class='ocrx_word' id='word_1_509' title='bbox 1341 3294 1468 3367; x_wconf 86' lang='lat' dir='ltr'><strong>justitiae</strong></span> <span class='ocrx_word' id='word_1_510' title='bbox 1480 3300 1509 3351; x_wconf 92' lang='lat' dir='ltr'><strong>et</strong></span> <span class='ocrx_word' id='word_1_511' title='bbox 1520 3295 1638 3352; x_wconf 92' lang='lat' dir='ltr'><strong>bonitati</strong></span> <span class='ocrx_word' id='word_1_512' title='bbox 1656 3297 1752 3353; x_wconf 84' lang='lat' dir='ltr'><strong>adver·</strong></span> 
     </span>
     <span class='ocr_line' id='line_1_36' title="bbox 58 3381 1753 3456; baseline 0.002 -16"><span class='ocrx_word' id='word_1_513' title='bbox 58 3383 197 3454; x_wconf 84' lang='lat' dir='ltr'><strong>tribuunt,</strong></span> <span class='ocrx_word' id='word_1_514' title='bbox 223 3399 296 3455; x_wconf 86' lang='lat' dir='ltr'><strong>quae</strong></span> <span class='ocrx_word' id='word_1_515' title='bbox 313 3400 376 3439; x_wconf 86' lang='lat' dir='ltr'><strong>oum</strong></span> <span class='ocrx_word' id='word_1_516' title='bbox 393 3383 480 3455; x_wconf 88' lang='lat' dir='ltr'><strong>ipsius</strong></span> <span class='ocrx_word' id='word_1_517' title='bbox 502 3383 639 3451; x_wconf 87' lang='lat' dir='ltr'><strong>bonitate,</strong></span> <span class='ocrx_word' id='word_1_518' title='bbox 660 3385 773 3456; x_wconf 81' lang='lat' dir='ltr'><strong>justitia</strong></span> <span class='ocrx_word' id='word_1_519' title='bbox 798 3394 826 3445; x_wconf 88' lang='lat' dir='ltr'><strong>et</strong></span> <span class='ocrx_word' id='word_1_520' title='bbox 851 3405 893 3444; x_wconf 89' lang='lat' dir='ltr'><strong>aa·</strong></span> <span class='ocrx_word' id='word_1_521' title='bbox 921 3389 1006 3449; x_wconf 63' lang='lat' dir='ltr'><strong>stiur,</strong></span> <span class='ocrx_word' id='word_1_522' title='bbox 1025 3381 1128 3438; x_wconf 62' lang='lat' dir='ltr'><strong>Pflsslm</strong></span> <span class='ocrx_word' id='word_1_523' title='bbox 1148 3388 1210 3451; x_wconf 76' lang='lat' dir='ltr'><strong>5‚V</strong></span> <span class='ocrx_word' id='word_1_524' title='bbox 1211 3388 1268 3437; x_wconf 85' lang='lat'><strong>5·</strong></span> <span class='ocrx_word' id='word_1_525' title='bbox 1286 3383 1353 3436; x_wconf 72' lang='lat' dir='ltr'><strong>Nou</strong></span> <span class='ocrx_word' id='word_1_526' title='bbox 1370 3383 1450 3436; x_wconf 66' lang='grc' dir='ltr'><strong>ΒΜ</strong></span> <span class='ocrx_word' id='word_1_527' title='bbox 1467 3382 1562 3437; x_wconf 80' lang='lat' dir='ltr'><strong>aalma</strong></span> <span class='ocrx_word' id='word_1_528' title='bbox 1580 3382 1753 3453; x_wconf 70' lang='lat' dir='ltr'><strong>iuiqtiiattm</strong></span> 
     </span>
     <span class='ocr_line' id='line_1_37' title="bbox 57 3467 1753 3544; baseline 0 -16"><span class='ocrx_word' id='word_1_529' title='bbox 57 3470 165 3543; x_wconf 87' lang='lat' dir='ltr'><strong>pientia</strong></span> <span class='ocrx_word' id='word_1_530' title='bbox 187 3476 322 3543; x_wconf 76' lang='lat' dir='ltr'><strong>pugnant</strong></span> <span class='ocrx_word' id='word_1_531' title='bbox 358 3469 405 3526; x_wconf 78' lang='lat' dir='ltr'><strong>sie</strong></span> <span class='ocrx_word' id='word_1_532' title='bbox 432 3469 544 3541; x_wconf 88' lang='lat' dir='ltr'><strong>dicunt,</strong></span> <span class='ocrx_word' id='word_1_533' title='bbox 571 3473 664 3525; x_wconf 87' lang='lat' dir='ltr'><strong>Deam</strong></span> <span class='ocrx_word' id='word_1_534' title='bbox 688 3473 831 3544; x_wconf 83' lang='lat' dir='ltr'><strong>impellere</strong></span> <span class='ocrx_word' id='word_1_535' title='bbox 854 3479 896 3531; x_wconf 83' lang='lat' dir='ltr'><strong>ad</strong></span> <span class='ocrx_word' id='word_1_536' title='bbox 921 3477 998 3523; x_wconf 68' lang='lat' dir='ltr'><strong>icet</strong></span> <span class='ocrx_word' id='word_1_537' title='bbox 1033 3468 1160 3540; x_wconf 69' lang='lat' dir='ltr'><strong>(Dionys</strong></span> <span class='ocrx_word' id='word_1_538' title='bbox 1178 3468 1213 3524; x_wconf 83' lang='lat' dir='ltr'><strong>de</strong></span> <span class='ocrx_word' id='word_1_539' title='bbox 1231 3467 1286 3524; x_wconf 81' lang='lat' dir='ltr'><strong>div</strong></span> <span class='ocrx_word' id='word_1_540' title='bbox 1301 3484 1375 3528; x_wconf 79' lang='lat' dir='ltr'><strong>nom.</strong></span> <span class='ocrx_word' id='word_1_541' title='bbox 1393 3485 1417 3523; x_wconf 71' lang='grc' dir='ltr'><strong>ι</strong></span> <span class='ocrx_word' id='word_1_542' title='bbox 1437 3473 1470 3523; x_wconf 73' lang='lat'><strong>42</strong></span> <span class='ocrx_word' id='word_1_543' title='bbox 1496 3469 1586 3522; x_wconf 73' lang='lat' dir='ltr'><strong>Nemo</strong></span> <span class='ocrx_word' id='word_1_544' title='bbox 1609 3468 1753 3524; x_wconf 76' lang='lat' dir='ltr'><strong>iatmdent</strong></span> 
     </span>
     <span class='ocr_line' id='line_1_38' title="bbox 54 3552 1752 3630; baseline 0.002 -16"><span class='ocrx_word' id='word_1_545' title='bbox 54 3567 211 3629; x_wconf 80' lang='lat' dir='ltr'><strong>peecatum,</strong></span> <span class='ocrx_word' id='word_1_546' title='bbox 230 3559 436 3626; x_wconf 83' lang='lat' dir='ltr'><strong>Deamseoiaae</strong></span> <span class='ocrx_word' id='word_1_547' title='bbox 457 3558 614 3612; x_wconf 70' lang='lat' dir='ltr'><strong>mrolraam</strong></span> <span class='ocrx_word' id='word_1_548' title='bbox 630 3563 894 3630; x_wconf 82' lang='lat' dir='ltr'><strong>reprobatioaiede·</strong></span> <span class='ocrx_word' id='word_1_549' title='bbox 921 3558 962 3610; x_wconf 76' lang='lat' dir='ltr'><strong>ad</strong></span> <span class='ocrx_word' id='word_1_550' title='bbox 978 3555 1083 3616; x_wconf 79' lang='lat' dir='ltr'><strong>maiam</strong></span> <span class='ocrx_word' id='word_1_551' title='bbox 1101 3562 1243 3626; x_wconf 48' lang='lat' dir='ltr'><strong>(nimium</strong></span> <span class='ocrx_word' id='word_1_552' title='bbox 1278 3552 1377 3611; x_wconf 76' lang='lat' dir='ltr'><strong>Thom</strong></span> <span class='ocrx_word' id='word_1_553' title='bbox 1403 3561 1474 3625; x_wconf 64' lang='lat' dir='ltr'><strong>ptri</strong></span> <span class='ocrx_word' id='word_1_554' title='bbox 1496 3559 1518 3610; x_wconf 84' lang='lat'><strong>¹·</strong></span> <span class='ocrx_word' id='word_1_555' title='bbox 1543 3560 1630 3627; x_wconf 78' lang='grc'>(1·19·</span> <span class='ocrx_word' id='word_1_556' title='bbox 1653 3561 1752 3611; x_wconf 79' lang='lat' dir='ltr'><strong>aras.</strong></span> 
     </span>
     <span class='ocr_line' id='line_1_39' title="bbox 57 3639 1754 3715; baseline -0.001 -15"><span class='ocrx_word' id='word_1_557' title='bbox 57 3653 178 3714; x_wconf 81' lang='lat' dir='ltr'><strong>cretam,</strong></span> <span class='ocrx_word' id='word_1_558' title='bbox 196 3650 264 3707; x_wconf 52' lang='lat' dir='ltr'><strong>stem</strong></span> <span class='ocrx_word' id='word_1_559' title='bbox 285 3643 397 3715; x_wconf 90' lang='lat' dir='ltr'><strong>qnod&#39;</strong></span> <span class='ocrx_word' id='word_1_560' title='bbox 375 3660 399 3698; x_wconf 90' lang='grc' dir='ltr'><strong>ιι</strong></span> <span class='ocrx_word' id='word_1_561' title='bbox 418 3661 482 3699; x_wconf 91' lang='lat' dir='ltr'><strong>oum</strong></span> <span class='ocrx_word' id='word_1_562' title='bbox 498 3643 553 3700; x_wconf 91' lang='lat' dir='ltr'><strong>Dei</strong></span> <span class='ocrx_word' id='word_1_563' title='bbox 566 3644 677 3715; x_wconf 84' lang='lat' dir='ltr'><strong>J‘ustitia</strong></span> <span class='ocrx_word' id='word_1_564' title='bbox 695 3653 723 3702; x_wconf 83' lang='lat' dir='ltr'><strong>st</strong></span> <span class='ocrx_word' id='word_1_565' title='bbox 742 3649 895 3706; x_wconf 67' lang='lat' dir='ltr'><strong>amaritate</strong></span> <span class='ocrx_word' id='word_1_566' title='bbox 921 3641 1097 3712; x_wconf 80' lang='lat' dir='ltr'><strong>Impoaasbiie</strong></span> <span class='ocrx_word' id='word_1_567' title='bbox 1117 3648 1171 3704; x_wconf 86' lang='lat' dir='ltr'><strong>eat,</strong></span> <span class='ocrx_word' id='word_1_568' title='bbox 1197 3649 1226 3694; x_wconf 85' lang='grc' dir='ltr'><strong>ιιι</strong></span> <span class='ocrx_word' id='word_1_569' title='bbox 1252 3639 1351 3711; x_wconf 77' lang='lat' dir='ltr'><strong>aliqua</strong></span> <span class='ocrx_word' id='word_1_570' title='bbox 1366 3642 1496 3710; x_wconf 78' lang='lat' dir='ltr'><strong>patentia</strong></span> <span class='ocrx_word' id='word_1_571' title='bbox 1519 3642 1632 3704; x_wconf 77' lang='lat' dir='ltr'><strong>serator</strong></span> <span class='ocrx_word' id='word_1_572' title='bbox 1655 3645 1697 3696; x_wconf 85' lang='lat' dir='ltr'><strong>od</strong></span> <span class='ocrx_word' id='word_1_573' title='bbox 1720 3644 1754 3698; x_wconf 77' lang='lat' dir='ltr'><strong>id</strong></span> 
     </span>
     <span class='ocr_line' id='line_1_40' title="bbox 57 3727 1755 3803; baseline -0.001 -18"><span class='ocrx_word' id='word_1_574' title='bbox 57 3731 111 3787; x_wconf 91' lang='lat' dir='ltr'><strong>boc</strong></span> <span class='ocrx_word' id='word_1_575' title='bbox 130 3746 256 3803; x_wconf 76' lang='lat' dir='ltr'><strong>pugnare</strong></span> <span class='ocrx_word' id='word_1_576' title='bbox 275 3729 400 3798; x_wconf 74' lang='lat' dir='ltr'><strong>dicimus,</strong></span> <span class='ocrx_word' id='word_1_577' title='bbox 421 3746 453 3786; x_wconf 97' lang='grc' dir='ltr'><strong>ιο</strong></span> <span class='ocrx_word' id='word_1_578' title='bbox 473 3729 649 3803; x_wconf 79' lang='lat' dir='ltr'><strong>confugiunt,</strong></span> <span class='ocrx_word' id='word_1_579' title='bbox 667 3735 745 3802; x_wconf 75' lang='lat' dir='ltr'><strong>qaod</strong></span> <span class='ocrx_word' id='word_1_580' title='bbox 761 3736 839 3789; x_wconf 79' lang='lat' dir='ltr'><strong>Deus</strong></span> <span class='ocrx_word' id='word_1_581' title='bbox 857 3737 895 3790; x_wconf 79' lang='lat' dir='ltr'><strong>rit</strong></span> <span class='ocrx_word' id='word_1_582' title='bbox 916 3745 971 3802; x_wconf 84' lang='lat' dir='ltr'><strong>per</strong></span> <span class='ocrx_word' id='word_1_583' title='bbox 991 3744 1020 3782; x_wconf 85' lang='grc' dir='ltr'><strong>ιι</strong></span> <span class='ocrx_word' id='word_1_584' title='bbox 1045 3737 1071 3782; x_wconf 86' lang='grc' dir='ltr'><strong>ιι</strong></span> <span class='ocrx_word' id='word_1_585' title='bbox 1081 3727 1265 3796; x_wconf 81' lang='lat' dir='ltr'><strong>formaliter,</strong></span> <span class='ocrx_word' id='word_1_586' title='bbox 1288 3729 1367 3798; x_wconf 73' lang='lat' dir='ltr'><strong>praed</strong></span> <span class='ocrx_word' id='word_1_587' title='bbox 1390 3733 1429 3780; x_wconf 83' lang='lat' dir='ltr'><strong>ert</strong></span> <span class='ocrx_word' id='word_1_588' title='bbox 1456 3727 1612 3798; x_wconf 77' lang='lat' dir='ltr'><strong>appetitam</strong></span> <span class='ocrx_word' id='word_1_589' title='bbox 1632 3729 1755 3795; x_wconf 83' lang='lat' dir='ltr'><strong>formali</strong></span> 
     </span>
     <span class='ocr_line' id='line_1_41' title="bbox 59 3814 1752 3894; baseline -0.002 -21"><span class='ocrx_word' id='word_1_590' title='bbox 59 3836 146 3888; x_wconf 74' lang='lat' dir='ltr'><strong>caera</strong></span> <span class='ocrx_word' id='word_1_591' title='bbox 165 3818 353 3883; x_wconf 60' lang='lat' dir='ltr'><strong>liberrimam</strong></span> <span class='ocrx_word' id='word_1_592' title='bbox 376 3817 464 3872; x_wconf 70' lang='lat' dir='ltr'><strong>natta</strong></span> <span class='ocrx_word' id='word_1_593' title='bbox 487 3816 593 3886; x_wconf 70' lang='lat' dir='ltr'><strong>lemburc</strong></span> <span class='ocrx_word' id='word_1_594' title='bbox 618 3819 770 3874; x_wconf 72' lang='lat' dir='ltr'><strong>chaoniam.</strong></span> <span class='ocrx_word' id='word_1_595' title='bbox 806 3821 894 3894; x_wconf 87' lang='lat' dir='ltr'><strong>Atqui</strong></span> <span class='ocrx_word' id='word_1_596' title='bbox 919 3818 965 3871; x_wconf 85' lang='lat' dir='ltr'><strong>aui</strong></span> <span class='ocrx_word' id='word_1_597' title='bbox 991 3815 1099 3885; x_wconf 80' lang='lat' dir='ltr'><strong>objecti.</strong></span> <span class='ocrx_word' id='word_1_598' title='bbox 1136 3815 1196 3870; x_wconf 79' lang='grc' dir='ltr'><strong>8ιό</strong></span> <span class='ocrx_word' id='word_1_599' title='bbox 1219 3814 1325 3868; x_wconf 79' lang='lat' dir='ltr'><strong>asaiam</strong></span> <span class='ocrx_word' id='word_1_600' title='bbox 1350 3822 1380 3868; x_wconf 86' lang='lat' dir='ltr'><strong>at</strong></span> <span class='ocrx_word' id='word_1_601' title='bbox 1403 3814 1507 3869; x_wconf 76' lang='lat' dir='ltr'><strong>malton</strong></span> <span class='ocrx_word' id='word_1_602' title='bbox 1531 3821 1571 3868; x_wconf 85' lang='lat' dir='ltr'><strong>ert</strong></span> <span class='ocrx_word' id='word_1_603' title='bbox 1596 3817 1752 3886; x_wconf 81' lang='lat' dir='ltr'><strong>appetitam</strong></span> 
     </span>
     <span class='ocr_line' id='line_1_42' title="bbox 59 3902 1752 3978; baseline -0.003 -16"><span class='ocrx_word' id='word_1_604' title='bbox 59 3904 138 3962; x_wconf 84' lang='lat' dir='ltr'><strong>Deus</strong></span> <span class='ocrx_word' id='word_1_605' title='bbox 153 3921 186 3961; x_wconf 89' lang='lat' dir='ltr'><strong>eo</strong></span> <span class='ocrx_word' id='word_1_606' title='bbox 203 3903 381 3959; x_wconf 88' lang='lat' dir='ltr'><strong>modolibere</strong></span> <span class='ocrx_word' id='word_1_607' title='bbox 397 3903 464 3977; x_wconf 74' lang='lat' dir='ltr'><strong>agit,</strong></span> <span class='ocrx_word' id='word_1_608' title='bbox 481 3910 619 3959; x_wconf 86' lang='lat' dir='ltr'><strong>attamen</strong></span> <span class='ocrx_word' id='word_1_609' title='bbox 639 3922 694 3960; x_wconf 92' lang='lat' dir='ltr'><strong>non</strong></span> <span class='ocrx_word' id='word_1_610' title='bbox 714 3913 781 3978; x_wconf 78' lang='lat' dir='ltr'><strong>agat</strong></span> <span class='ocrx_word' id='word_1_611' title='bbox 797 3916 894 3964; x_wconf 87' lang='lat' dir='ltr'><strong>contra</strong></span> <span class='ocrx_word' id='word_1_612' title='bbox 919 3902 1160 3971; x_wconf 84' lang='lat' dir='ltr'><strong>ratioaifarmali</strong></span> <span class='ocrx_word' id='word_1_613' title='bbox 1175 3902 1278 3972; x_wconf 80' lang='lat' dir='ltr'><strong>abjecti</strong></span> <span class='ocrx_word' id='word_1_614' title='bbox 1301 3903 1487 3972; x_wconf 75' lang='lat' dir='ltr'><strong>arjmarrqm</strong></span> <span class='ocrx_word' id='word_1_615' title='bbox 1499 3903 1643 3972; x_wconf 72' lang='grc' dir='ltr'><strong>ροιιιιιίιι</strong></span> <span class='ocrx_word' id='word_1_616' title='bbox 1666 3920 1752 3974; x_wconf 82' lang='lat' dir='ltr'><strong>appe·</strong></span> 
     </span>
     <span class='ocr_line' id='line_1_43' title="bbox 57 3988 1752 4061; baseline -0.002 -14"><span class='ocrx_word' id='word_1_617' title='bbox 57 3990 214 4047; x_wconf 83' lang='lat' dir='ltr'><strong>naturalem</strong></span> <span class='ocrx_word' id='word_1_618' title='bbox 232 4006 311 4045; x_wconf 86' lang='lat' dir='ltr'><strong>auam</strong></span> <span class='ocrx_word' id='word_1_619' title='bbox 327 3989 466 4061; x_wconf 83' lang='lat' dir='ltr'><strong>justitiam</strong></span> <span class='ocrx_word' id='word_1_620' title='bbox 484 3994 513 4045; x_wconf 89' lang='lat' dir='ltr'><strong>et</strong></span> <span class='ocrx_word' id='word_1_621' title='bbox 531 3988 691 4047; x_wconf 81' lang='lat' dir='ltr'><strong>bonitatem.</strong></span> <span class='ocrx_word' id='word_1_622' title='bbox 920 3992 1022 4059; x_wconf 85' lang='lat' dir='ltr'><strong>titiaas,</strong></span> <span class='ocrx_word' id='word_1_623' title='bbox 1040 3997 1123 4061; x_wconf 75' lang='lat' dir='ltr'><strong>atque</strong></span> <span class='ocrx_word' id='word_1_624' title='bbox 1142 3991 1214 4044; x_wconf 82' lang='lat' dir='ltr'><strong>adea</strong></span> <span class='ocrx_word' id='word_1_625' title='bbox 1232 3990 1315 4043; x_wconf 82' lang='lat' dir='ltr'><strong>etiam</strong></span> <span class='ocrx_word' id='word_1_626' title='bbox 1333 3989 1447 4043; x_wconf 84' lang='lat' dir='ltr'><strong>dioiaae</strong></span> <span class='ocrx_word' id='word_1_627' title='bbox 1465 3989 1621 4044; x_wconf 83' lang='lat' dir='ltr'><strong>valamatia</strong></span> <span class='ocrx_word' id='word_1_628' title='bbox 1656 3988 1752 4061; x_wconf 74' lang='lat' dir='ltr'><strong>Ergo.)</strong></span> 
     </span>
     <span class='ocr_line' id='line_1_44' title="bbox 10 4075 1751 4150; baseline 0 -17"><span class='ocrx_word' id='word_1_629' title='bbox 10 4075 38 4118; x_wconf 78' lang='lat'><strong>¹⁰·</strong></span> <span class='ocrx_word' id='word_1_630' title='bbox 93 4083 153 4133; x_wconf 75' lang='lat'><strong>279.</strong></span> <span class='ocrx_word' id='word_1_631' title='bbox 190 4076 242 4144; x_wconf 82' lang='lat' dir='ltr'><strong>Qu.</strong></span> <span class='ocrx_word' id='word_1_632' title='bbox 266 4081 287 4132; x_wconf 92' lang='lat' dir='ltr'><strong>l.</strong></span> <span class='ocrx_word' id='word_1_633' title='bbox 324 4076 371 4128; x_wconf 76' lang='lat' dir='ltr'><strong>Aa</strong></span> <span class='ocrx_word' id='word_1_634' title='bbox 386 4076 515 4130; x_wconf 77' lang='lat' dir='ltr'><strong>volcmar</strong></span> <span class='ocrx_word' id='word_1_635' title='bbox 532 4076 631 4130; x_wconf 80' lang='lat' dir='ltr'><strong>dioiaa</strong></span> <span class='ocrx_word' id='word_1_636' title='bbox 650 4079 746 4131; x_wconf 82' lang='lat' dir='ltr'><strong>eodem</strong></span> <span class='ocrx_word' id='word_1_637' title='bbox 765 4082 846 4134; x_wconf 82' lang='lat' dir='ltr'><strong>modo</strong></span> <span class='ocrx_word' id='word_1_638' title='bbox 864 4098 893 4137; x_wconf 78' lang='lat' dir='ltr'><strong>re</strong></span> <span class='ocrx_word' id='word_1_639' title='bbox 919 4077 990 4133; x_wconf 91' lang='lat' dir='ltr'><strong>Dico</strong></span> <span class='ocrx_word' id='word_1_640' title='bbox 1008 4085 1144 4150; x_wconf 82' lang='lat' dir='ltr'><strong>quatenus</strong></span> <span class='ocrx_word' id='word_1_641' title='bbox 1163 4076 1236 4145; x_wconf 87' lang='lat' dir='ltr'><strong>tale,</strong></span> <span class='ocrx_word' id='word_1_642' title='bbox 1254 4076 1283 4130; x_wconf 91' lang='lat' dir='ltr'><strong>id</strong></span> <span class='ocrx_word' id='word_1_643' title='bbox 1303 4082 1358 4145; x_wconf 87' lang='lat' dir='ltr'><strong>est,</strong></span> <span class='ocrx_word' id='word_1_644' title='bbox 1375 4083 1406 4132; x_wconf 90' lang='lat' dir='ltr'><strong>ut</strong></span> <span class='ocrx_word' id='word_1_645' title='bbox 1422 4076 1526 4132; x_wconf 85' lang='lat' dir='ltr'><strong>malum</strong></span> <span class='ocrx_word' id='word_1_646' title='bbox 1546 4076 1645 4148; x_wconf 89' lang='lat' dir='ltr'><strong>culpae</strong></span> <span class='ocrx_word' id='word_1_647' title='bbox 1663 4077 1751 4133; x_wconf 89' lang='lat' dir='ltr'><strong>conai-</strong></span> 
     </span>
     <span class='ocr_line' id='line_1_45' title="bbox 10 4126 1752 4235; baseline 0 -16"><span class='ocrx_word' id='word_1_648' title='bbox 10 4126 43 4225; x_wconf 75' lang='lat' dir='ltr'><strong>i,</strong></span> <span class='ocrx_word' id='word_1_649' title='bbox 55 4164 160 4219; x_wconf 82' lang='lat' dir='ltr'><strong>babeat</strong></span> <span class='ocrx_word' id='word_1_650' title='bbox 179 4165 219 4216; x_wconf 81' lang='lat' dir='ltr'><strong>ad</strong></span> <span class='ocrx_word' id='word_1_651' title='bbox 239 4161 332 4216; x_wconf 83' lang='lat' dir='ltr'><strong>amaia</strong></span> <span class='ocrx_word' id='word_1_652' title='bbox 351 4161 479 4230; x_wconf 74' lang='lat' dir='ltr'><strong>objecto!</strong></span> <span class='ocrx_word' id='word_1_653' title='bbox 504 4159 653 4233; x_wconf 88' lang='lat' dir='ltr'><strong>Objeetum</strong></span> <span class='ocrx_word' id='word_1_654' title='bbox 671 4163 779 4222; x_wconf 81' lang='lat' dir='ltr'><strong>divinae</strong></span> <span class='ocrx_word' id='word_1_655' title='bbox 797 4166 891 4222; x_wconf 87' lang='lat' dir='ltr'><strong>rolan-</strong></span> <span class='ocrx_word' id='word_1_656' title='bbox 920 4166 1031 4221; x_wconf 75' lang='lat' dir='ltr'><strong>duratur</strong></span> <span class='ocrx_word' id='word_1_657' title='bbox 1055 4164 1235 4230; x_wconf 80' lang='lat' dir='ltr'><strong>formaliter,</strong></span> <span class='ocrx_word' id='word_1_658' title='bbox 1265 4162 1331 4235; x_wconf 88' lang='lat' dir='ltr'><strong>quia</strong></span> <span class='ocrx_word' id='word_1_659' title='bbox 1354 4161 1521 4218; x_wconf 85' lang='lat' dir='ltr'><strong>considerari</strong></span> <span class='ocrx_word' id='word_1_660' title='bbox 1547 4163 1630 4218; x_wconf 89' lang='lat' dir='ltr'><strong>ctiam</strong></span> <span class='ocrx_word' id='word_1_661' title='bbox 1660 4169 1752 4234; x_wconf 87' lang='lat' dir='ltr'><strong>potest</strong></span> 
     </span>
     <span class='ocr_line' id='line_1_46' title="bbox 55 4246 1751 4325; baseline -0.001 -19"><span class='ocrx_word' id='word_1_662' title='bbox 55 4249 126 4306; x_wconf 84' lang='lat' dir='ltr'><strong>tatis</strong></span> <span class='ocrx_word' id='word_1_663' title='bbox 140 4247 305 4310; x_wconf 88' lang='lat' dir='ltr'><strong>eatbonum</strong></span> <span class='ocrx_word' id='word_1_664' title='bbox 322 4247 351 4302; x_wconf 93' lang='lat' dir='ltr'><strong>id</strong></span> <span class='ocrx_word' id='word_1_665' title='bbox 364 4264 428 4303; x_wconf 88' lang='lat' dir='ltr'><strong>vero</strong></span> <span class='ocrx_word' id='word_1_666' title='bbox 446 4246 564 4319; x_wconf 87' lang='lat' dir='ltr'><strong>duplex:</strong></span> <span class='ocrx_word' id='word_1_667' title='bbox 584 4249 745 4320; x_wconf 82' lang='lat' dir='ltr'><strong>increatum,</strong></span> <span class='ocrx_word' id='word_1_668' title='bbox 764 4253 838 4325; x_wconf 89' lang='lat' dir='ltr'><strong>quod</strong></span> <span class='ocrx_word' id='word_1_669' title='bbox 851 4260 893 4309; x_wconf 86' lang='lat' dir='ltr'><strong>est</strong></span> <span class='ocrx_word' id='word_1_670' title='bbox 919 4251 1105 4306; x_wconf 79' lang='lat' dir='ltr'><strong>materialiter</strong></span> <span class='ocrx_word' id='word_1_671' title='bbox 1122 4267 1170 4303; x_wconf 83' lang='lat' dir='ltr'><strong>aea</strong></span> <span class='ocrx_word' id='word_1_672' title='bbox 1189 4250 1335 4319; x_wconf 59' lang='grc' dir='ltr'><strong>ιοιριιιιιι</strong></span> <span class='ocrx_word' id='word_1_673' title='bbox 1354 4257 1380 4303; x_wconf 86' lang='grc' dir='ltr'><strong>ιι</strong></span> <span class='ocrx_word' id='word_1_674' title='bbox 1396 4257 1599 4320; x_wconf 71' lang='grc' dir='ltr'><strong>ιοιιιᾳιιιιιιιν.</strong></span> <span class='ocrx_word' id='word_1_675' title='bbox 1633 4248 1751 4304; x_wconf 80' lang='lat' dir='ltr'><strong>Materia</strong></span> 
     </span>
     <span class='ocr_line' id='line_1_47' title="bbox 55 4333 1749 4409; baseline -0.001 -17"><span class='ocrx_word' id='word_1_676' title='bbox 55 4334 156 4392; x_wconf 83' lang='lat' dir='ltr'><strong>Deus</strong></span> <span class='ocrx_word' id='word_1_677' title='bbox 148 4350 221 4406; x_wconf 80' lang='lat' dir='ltr'><strong>rpse3</strong></span> <span class='ocrx_word' id='word_1_678' title='bbox 239 4342 371 4405; x_wconf 75' lang='lat' dir='ltr'><strong>meatum,</strong></span> <span class='ocrx_word' id='word_1_679' title='bbox 389 4333 463 4406; x_wconf 90' lang='lat' dir='ltr'><strong>quod</strong></span> <span class='ocrx_word' id='word_1_680' title='bbox 481 4340 547 4389; x_wconf 86' lang='lat' dir='ltr'><strong>sunt</strong></span> <span class='ocrx_word' id='word_1_681' title='bbox 568 4341 718 4394; x_wconf 86' lang='lat' dir='ltr'><strong>creaturae.</strong></span> <span class='ocrx_word' id='word_1_682' title='bbox 741 4337 822 4395; x_wconf 85' lang='lat' dir='ltr'><strong>Circa</strong></span> <span class='ocrx_word' id='word_1_683' title='bbox 840 4341 892 4395; x_wconf 92' lang='lat' dir='ltr'><strong>hoc</strong></span> <span class='ocrx_word' id='word_1_684' title='bbox 918 4355 968 4394; x_wconf 90' lang='lat' dir='ltr'><strong>seu</strong></span> <span class='ocrx_word' id='word_1_685' title='bbox 986 4336 1141 4409; x_wconf 85' lang='lat' dir='ltr'><strong>subjeetum</strong></span> <span class='ocrx_word' id='word_1_686' title='bbox 1158 4335 1269 4407; x_wconf 87' lang='lat' dir='ltr'><strong>peccati</strong></span> <span class='ocrx_word' id='word_1_687' title='bbox 1287 4340 1329 4391; x_wconf 87' lang='lat' dir='ltr'><strong>eat</strong></span> <span class='ocrx_word' id='word_1_688' title='bbox 1347 4334 1459 4405; x_wconf 90' lang='lat' dir='ltr'><strong>bonum,</strong></span> <span class='ocrx_word' id='word_1_689' title='bbox 1477 4333 1635 4391; x_wconf 81' lang='lat' dir='ltr'><strong>uidelicet</strong></span> <span class='ocrx_word' id='word_1_690' title='bbox 1625 4351 1687 4407; x_wconf 84' lang='lat' dir='ltr'><strong>rpsa</strong></span> <span class='ocrx_word' id='word_1_691' title='bbox 1702 4352 1749 4391; x_wconf 91' lang='lat' dir='ltr'><strong>na·</strong></span> 
     </span>
     <span class='ocr_line' id='line_1_48' title="bbox 55 4419 1748 4494; baseline 0 -17"><span class='ocrx_word' id='word_1_692' title='bbox 55 4421 161 4494; x_wconf 84' lang='lat' dir='ltr'><strong>duplex</strong></span> <span class='ocrx_word' id='word_1_693' title='bbox 186 4419 328 4492; x_wconf 90' lang='lat' dir='ltr'><strong>obJ&#39;ectum</strong></span> <span class='ocrx_word' id='word_1_694' title='bbox 344 4437 400 4475; x_wconf 92' lang='lat' dir='ltr'><strong>non</strong></span> <span class='ocrx_word' id='word_1_695' title='bbox 417 4420 514 4476; x_wconf 87' lang='lat' dir='ltr'><strong>eodem</strong></span> <span class='ocrx_word' id='word_1_696' title='bbox 534 4422 615 4478; x_wconf 91' lang='lat' dir='ltr'><strong>modo</strong></span> <span class='ocrx_word' id='word_1_697' title='bbox 638 4441 668 4479; x_wconf 89' lang='lat' dir='ltr'><strong>se</strong></span> <span class='ocrx_word' id='word_1_698' title='bbox 690 4422 775 4480; x_wconf 87' lang='lat' dir='ltr'><strong>habet</strong></span> <span class='ocrx_word' id='word_1_699' title='bbox 797 4427 892 4481; x_wconf 81' lang='lat' dir='ltr'><strong>volun·</strong></span> <span class='ocrx_word' id='word_1_700' title='bbox 917 4431 980 4481; x_wconf 88' lang='lat' dir='ltr'><strong>tura</strong></span> <span class='ocrx_word' id='word_1_701' title='bbox 1001 4423 1118 4479; x_wconf 86' lang='lat' dir='ltr'><strong>bominis</strong></span> <span class='ocrx_word' id='word_1_702' title='bbox 1141 4429 1269 4493; x_wconf 88' lang='lat' dir='ltr'><strong>respectu</strong></span> <span class='ocrx_word' id='word_1_703' title='bbox 1295 4423 1403 4493; x_wconf 87' lang='lat' dir='ltr'><strong>peccati</strong></span> <span class='ocrx_word' id='word_1_704' title='bbox 1426 4420 1586 4494; x_wconf 80' lang='lat' dir='ltr'><strong>originalis,</strong></span> <span class='ocrx_word' id='word_1_705' title='bbox 1612 4420 1656 4477; x_wconf 83' lang='lat' dir='ltr'><strong>rel</strong></span> <span class='ocrx_word' id='word_1_706' title='bbox 1676 4421 1748 4477; x_wconf 89' lang='lat' dir='ltr'><strong>actio</strong></span> 
     </span>
     <span class='ocr_line' id='line_1_49' title="bbox 53 4505 1747 4582; baseline -0.001 -18"><span class='ocrx_word' id='word_1_707' title='bbox 53 4514 99 4564; x_wconf 85' lang='lat' dir='ltr'><strong>tas</strong></span> <span class='ocrx_word' id='word_1_708' title='bbox 119 4505 223 4577; x_wconf 78' lang='lat' dir='ltr'><strong>divina,</strong></span> <span class='ocrx_word' id='word_1_709' title='bbox 241 4506 318 4562; x_wconf 90' lang='lat' dir='ltr'><strong>Dens</strong></span> <span class='ocrx_word' id='word_1_710' title='bbox 339 4506 412 4562; x_wconf 91' lang='lat' dir='ltr'><strong>enim</strong></span> <span class='ocrx_word' id='word_1_711' title='bbox 430 4507 491 4562; x_wconf 81' lang='lat' dir='ltr'><strong>vult</strong></span> <span class='ocrx_word' id='word_1_712' title='bbox 508 4526 537 4564; x_wconf 86' lang='lat' dir='ltr'><strong>ss</strong></span> <span class='ocrx_word' id='word_1_713' title='bbox 550 4507 641 4579; x_wconf 88' lang='lat' dir='ltr'><strong>ipsum</strong></span> <span class='ocrx_word' id='word_1_714' title='bbox 657 4518 688 4563; x_wconf 84' lang='grc' dir='ltr'><strong>ιιι</strong></span> <span class='ocrx_word' id='word_1_715' title='bbox 701 4512 796 4580; x_wconf 81' lang='lat' dir='ltr'><strong>finem,</strong></span> <span class='ocrx_word' id='word_1_716' title='bbox 816 4528 891 4567; x_wconf 88' lang='lat' dir='ltr'><strong>erea-</strong></span> <span class='ocrx_word' id='word_1_717' title='bbox 917 4509 1034 4566; x_wconf 89' lang='lat' dir='ltr'><strong>bominis</strong></span> <span class='ocrx_word' id='word_1_718' title='bbox 1052 4515 1180 4582; x_wconf 86' lang='lat' dir='ltr'><strong>respectu</strong></span> <span class='ocrx_word' id='word_1_719' title='bbox 1198 4508 1306 4581; x_wconf 89' lang='lat' dir='ltr'><strong>peccati</strong></span> <span class='ocrx_word' id='word_1_720' title='bbox 1325 4508 1459 4579; x_wconf 87' lang='lat' dir='ltr'><strong>actualis,</strong></span> <span class='ocrx_word' id='word_1_721' title='bbox 1477 4508 1580 4564; x_wconf 90' lang='lat' dir='ltr'><strong>malum</strong></span> <span class='ocrx_word' id='word_1_722' title='bbox 1600 4507 1674 4564; x_wconf 91' lang='lat' dir='ltr'><strong>enim</strong></span> <span class='ocrx_word' id='word_1_723' title='bbox 1692 4525 1747 4564; x_wconf 93' lang='lat' dir='ltr'><strong>non</strong></span> 
     </span>
     <span class='ocr_line' id='line_1_50' title="bbox 53 4592 1747 4669; baseline 0 -19"><span class='ocrx_word' id='word_1_724' title='bbox 53 4601 135 4650; x_wconf 82' lang='lat' dir='ltr'><strong>turae</strong></span> <span class='ocrx_word' id='word_1_725' title='bbox 150 4599 243 4650; x_wconf 89' lang='lat' dir='ltr'><strong>autem</strong></span> <span class='ocrx_word' id='word_1_726' title='bbox 259 4601 291 4647; x_wconf 83' lang='lat' dir='ltr'><strong>at</strong></span> <span class='ocrx_word' id='word_1_727' title='bbox 317 4594 426 4662; x_wconf 83' lang='lat' dir='ltr'><strong>media,·</strong></span> <span class='ocrx_word' id='word_1_728' title='bbox 461 4592 542 4649; x_wconf 85' lang='lat' dir='ltr'><strong>Pror.</strong></span> <span class='ocrx_word' id='word_1_729' title='bbox 564 4600 611 4661; x_wconf 87' lang='grc'><strong>16,</strong></span> <span class='ocrx_word' id='word_1_730' title='bbox 637 4613 661 4651; x_wconf 85' lang='lat' dir='ltr'><strong>r.</strong></span> <span class='ocrx_word' id='word_1_731' title='bbox 688 4603 712 4652; x_wconf 81' lang='lat' dir='ltr'><strong>t.</strong></span> <span class='ocrx_word' id='word_1_732' title='bbox 749 4597 785 4655; x_wconf 84' lang='lat' dir='ltr'><strong>Se</strong></span> <span class='ocrx_word' id='word_1_733' title='bbox 801 4598 891 4669; x_wconf 88' lang='lat' dir='ltr'><strong>ipsum</strong></span> <span class='ocrx_word' id='word_1_734' title='bbox 917 4604 959 4653; x_wconf 89' lang='lat' dir='ltr'><strong>est</strong></span> <span class='ocrx_word' id='word_1_735' title='bbox 975 4597 1028 4651; x_wconf 91' lang='lat' dir='ltr'><strong>nisi</strong></span> <span class='ocrx_word' id='word_1_736' title='bbox 1046 4597 1075 4651; x_wconf 89' lang='lat' dir='ltr'><strong>in</strong></span> <span class='ocrx_word' id='word_1_737' title='bbox 1094 4595 1176 4665; x_wconf 90' lang='lat' dir='ltr'><strong>bono,</strong></span> <span class='ocrx_word' id='word_1_738' title='bbox 1195 4595 1248 4651; x_wconf 91' lang='lat' dir='ltr'><strong>hoc</strong></span> <span class='ocrx_word' id='word_1_739' title='bbox 1266 4594 1542 4669; x_wconf 86' lang='lat' dir='ltr'><strong>subjectumpeccati</strong></span> <span class='ocrx_word' id='word_1_740' title='bbox 1553 4593 1747 4650; x_wconf 80' lang='lat' dir='ltr'><strong>Dcussustcn·</strong></span> 
     </span>
     <span class='ocr_line' id='line_1_51' title="bbox 53 4663 1860 4766; baseline 0.001 -30"><span class='ocrx_word' id='word_1_741' title='bbox 53 4680 117 4737; x_wconf 83' lang='lat' dir='ltr'><strong>vult</strong></span> <span class='ocrx_word' id='word_1_742' title='bbox 128 4680 287 4735; x_wconf 81' lang='lat' dir='ltr'><strong>aeceamrio</strong></span> <span class='ocrx_word' id='word_1_743' title='bbox 302 4678 468 4735; x_wconf 88' lang='lat' dir='ltr'><strong>necessitate</strong></span> <span class='ocrx_word' id='word_1_744' title='bbox 479 4685 609 4751; x_wconf 87' lang='lat' dir='ltr'><strong>naturae,</strong></span> <span class='ocrx_word' id='word_1_745' title='bbox 629 4699 692 4736; x_wconf 91' lang='lat' dir='ltr'><strong>oum</strong></span> <span class='ocrx_word' id='word_1_746' title='bbox 704 4682 740 4737; x_wconf 89' lang='lat' dir='ltr'><strong>sit</strong></span> <span class='ocrx_word' id='word_1_747' title='bbox 754 4701 891 4739; x_wconf 89' lang='lat' dir='ltr'><strong>summum</strong></span> <span class='ocrx_word' id='word_1_748' title='bbox 901 4663 906 4766; x_wconf 67' lang='lat' dir='ltr'><strong>i</strong></span> <span class='ocrx_word' id='word_1_749' title='bbox 916 4690 965 4752; x_wconf 89' lang='lat' dir='ltr'><strong>tat,</strong></span> <span class='ocrx_word' id='word_1_750' title='bbox 981 4699 1017 4736; x_wconf 89' lang='lat' dir='ltr'><strong>ne</strong></span> <span class='ocrx_word' id='word_1_751' title='bbox 1036 4681 1064 4737; x_wconf 90' lang='lat' dir='ltr'><strong>in</strong></span> <span class='ocrx_word' id='word_1_752' title='bbox 1078 4681 1195 4736; x_wconf 90' lang='lat' dir='ltr'><strong>nibilum</strong></span> <span class='ocrx_word' id='word_1_753' title='bbox 1213 4680 1363 4754; x_wconf 78' lang='lat' dir='ltr'><strong>redigatur,</strong></span> <span class='ocrx_word' id='word_1_754' title='bbox 1380 4699 1436 4738; x_wconf 90' lang='lat' dir='ltr'><strong>non</strong></span> <span class='ocrx_word' id='word_1_755' title='bbox 1454 4680 1528 4754; x_wconf 91' lang='lat' dir='ltr'><strong>quod</strong></span> <span class='ocrx_word' id='word_1_756' title='bbox 1540 4680 1613 4736; x_wconf 90' lang='lat' dir='ltr'><strong>malo</strong></span> <span class='ocrx_word' id='word_1_757' title='bbox 1631 4679 1747 4737; x_wconf 87' lang='lat' dir='ltr'><strong>delecte·</strong></span> <span class='ocrx_word' id='word_1_758' title='bbox 1760 4704 1801 4747; x_wconf 83' lang='lat' dir='ltr'><strong>m,</strong></span> <span class='ocrx_word' id='word_1_759' title='bbox 1813 4702 1860 4748; x_wconf 69' lang='lat' dir='ltr'><strong>na,</strong></span> 
     </span>
     <span class='ocr_line' id='line_1_52' title="bbox 54 4763 1747 4841; baseline -0.001 -17"><span class='ocrx_word' id='word_1_760' title='bbox 54 4767 170 4836; x_wconf 90' lang='lat' dir='ltr'><strong>bonum,</strong></span> <span class='ocrx_word' id='word_1_761' title='bbox 189 4765 392 4834; x_wconf 84' lang='lat' dir='ltr'><strong>(necessitatem</strong></span> <span class='ocrx_word' id='word_1_762' title='bbox 404 4763 481 4820; x_wconf 92' lang='lat' dir='ltr'><strong>illam</strong></span> <span class='ocrx_word' id='word_1_763' title='bbox 499 4771 626 4822; x_wconf 89' lang='lat' dir='ltr'><strong>statuunt</strong></span> <span class='ocrx_word' id='word_1_764' title='bbox 642 4774 702 4823; x_wconf 89' lang='lat' dir='ltr'><strong>tum</strong></span> <span class='ocrx_word' id='word_1_765' title='bbox 720 4773 817 4839; x_wconf 73' lang='lat' dir='ltr'><strong>quoad</strong></span> <span class='ocrx_word' id='word_1_766' title='bbox 830 4788 891 4841; x_wconf 81' lang='lat' dir='ltr'><strong>apr-</strong></span> <span class='ocrx_word' id='word_1_767' title='bbox 915 4777 970 4839; x_wconf 87' lang='lat' dir='ltr'><strong>tur,</strong></span> <span class='ocrx_word' id='word_1_768' title='bbox 987 4769 1036 4823; x_wconf 89' lang='lat' dir='ltr'><strong>sed</strong></span> <span class='ocrx_word' id='word_1_769' title='bbox 1054 4774 1085 4823; x_wconf 92' lang='lat' dir='ltr'><strong>ut</strong></span> <span class='ocrx_word' id='word_1_770' title='bbox 1102 4773 1229 4823; x_wconf 82' lang='grc' dir='ltr'><strong>ιιιιιιιιιι</strong></span> <span class='ocrx_word' id='word_1_771' title='bbox 1247 4766 1390 4824; x_wconf 88' lang='lat' dir='ltr'><strong>rationalis</strong></span> <span class='ocrx_word' id='word_1_772' title='bbox 1403 4784 1421 4823; x_wconf 89' lang='lat' dir='ltr'><strong>a</strong></span> <span class='ocrx_word' id='word_1_773' title='bbox 1433 4766 1506 4823; x_wconf 87' lang='lat' dir='ltr'><strong>malo</strong></span> <span class='ocrx_word' id='word_1_774' title='bbox 1519 4766 1555 4823; x_wconf 92' lang='lat' dir='ltr'><strong>ad</strong></span> <span class='ocrx_word' id='word_1_775' title='bbox 1569 4765 1673 4824; x_wconf 89' lang='lat' dir='ltr'><strong>bonum</strong></span> <span class='ocrx_word' id='word_1_776' title='bbox 1683 4783 1747 4822; x_wconf 87' lang='lat' dir='ltr'><strong>oon·</strong></span> 
     </span>
     <span class='ocr_line' id='line_1_53' title="bbox 53 4851 1749 4925; baseline 0 -17"><span class='ocrx_word' id='word_1_777' title='bbox 53 4852 256 4923; x_wconf 74' lang='lat' dir='ltr'><strong>mfieatioaem,</strong></span> <span class='ocrx_word' id='word_1_778' title='bbox 284 4868 348 4905; x_wconf 91' lang='lat' dir='ltr'><strong>cum</strong></span> <span class='ocrx_word' id='word_1_779' title='bbox 366 4851 437 4905; x_wconf 90' lang='lat' dir='ltr'><strong>euim</strong></span> <span class='ocrx_word' id='word_1_780' title='bbox 454 4851 533 4907; x_wconf 88' lang='lat' dir='ltr'><strong>Deus</strong></span> <span class='ocrx_word' id='word_1_781' title='bbox 556 4853 592 4908; x_wconf 91' lang='lat' dir='ltr'><strong>sit</strong></span> <span class='ocrx_word' id='word_1_782' title='bbox 617 4872 753 4910; x_wconf 89' lang='lat' dir='ltr'><strong>summum</strong></span> <span class='ocrx_word' id='word_1_783' title='bbox 778 4856 889 4923; x_wconf 89' lang='lat' dir='ltr'><strong>bonum,</strong></span> <span class='ocrx_word' id='word_1_784' title='bbox 915 4862 1039 4912; x_wconf 84' lang='lat' dir='ltr'><strong>vertatur</strong></span> <span class='ocrx_word' id='word_1_785' title='bbox 1054 4855 1083 4909; x_wconf 91' lang='lat' dir='ltr'><strong>in</strong></span> <span class='ocrx_word' id='word_1_786' title='bbox 1102 4853 1155 4909; x_wconf 88' lang='lat' dir='ltr'><strong>bac</strong></span> <span class='ocrx_word' id='word_1_787' title='bbox 1174 4853 1248 4924; x_wconf 84' lang='lat' dir='ltr'><strong>rita,</strong></span> <span class='ocrx_word' id='word_1_788' title='bbox 1266 4859 1294 4910; x_wconf 90' lang='lat' dir='ltr'><strong>et</strong></span> <span class='ocrx_word' id='word_1_789' title='bbox 1313 4859 1345 4908; x_wconf 91' lang='grc' dir='ltr'><strong>ιιι</strong></span> <span class='ocrx_word' id='word_1_790' title='bbox 1361 4853 1472 4910; x_wconf 83' lang='lat' dir='ltr'><strong>divinae</strong></span> <span class='ocrx_word' id='word_1_791' title='bbox 1487 4851 1614 4925; x_wconf 89' lang='lat' dir='ltr'><strong>justitiae</strong></span> <span class='ocrx_word' id='word_1_792' title='bbox 1631 4851 1749 4909; x_wconf 78' lang='lat' dir='ltr'><strong>mtiafiat</strong></span> 
     </span>
     <span class='ocr_line' id='line_1_54' title="bbox 52 4935 1749 5013; baseline -0.001 -17"><span class='ocrx_word' id='word_1_793' title='bbox 52 4958 110 4996; x_wconf 92' lang='lat' dir='ltr'><strong>non</strong></span> <span class='ocrx_word' id='word_1_794' title='bbox 122 4944 217 5012; x_wconf 84' lang='lat' dir='ltr'><strong>potest</strong></span> <span class='ocrx_word' id='word_1_795' title='bbox 233 4955 262 4994; x_wconf 87' lang='lat' dir='ltr'><strong>ae</strong></span> <span class='ocrx_word' id='word_1_796' title='bbox 274 4937 366 5010; x_wconf 89' lang='lat' dir='ltr'><strong>ipsum</strong></span> <span class='ocrx_word' id='word_1_797' title='bbox 385 4938 485 5008; x_wconf 89' lang='lat' dir='ltr'><strong>odisse,</strong></span> <span class='ocrx_word' id='word_1_798' title='bbox 503 4956 570 5013; x_wconf 84' lang='lat' dir='ltr'><strong>ergo</strong></span> <span class='ocrx_word' id='word_1_799' title='bbox 587 4943 741 4998; x_wconf 88' lang='lat' dir='ltr'><strong>necessario</strong></span> <span class='ocrx_word' id='word_1_800' title='bbox 759 4961 789 4999; x_wconf 89' lang='lat' dir='ltr'><strong>se</strong></span> <span class='ocrx_word' id='word_1_801' title='bbox 807 4951 889 5013; x_wconf 76' lang='lat' dir='ltr'><strong>amat,</strong></span> <span class='ocrx_word' id='word_1_802' title='bbox 915 4943 945 4998; x_wconf 91' lang='lat' dir='ltr'><strong>in</strong></span> <span class='ocrx_word' id='word_1_803' title='bbox 961 4943 1049 4997; x_wconf 89' lang='lat' dir='ltr'><strong>altera</strong></span> <span class='ocrx_word' id='word_1_804' title='bbox 1067 4935 1134 4996; x_wconf 82' lang='lat' dir='ltr'><strong>rita.</strong></span> <span class='ocrx_word' id='word_1_805' title='bbox 1163 4938 1340 5012; x_wconf 71' lang='lat' dir='ltr'><strong>Consequens</strong></span> <span class='ocrx_word' id='word_1_806' title='bbox 1358 4939 1465 5012; x_wconf 90' lang='lat' dir='ltr'><strong>peccati</strong></span> <span class='ocrx_word' id='word_1_807' title='bbox 1483 4944 1525 4994; x_wconf 88' lang='lat' dir='ltr'><strong>est</strong></span> <span class='ocrx_word' id='word_1_808' title='bbox 1542 4938 1654 5008; x_wconf 89' lang='lat' dir='ltr'><strong>bonum,</strong></span> <span class='ocrx_word' id='word_1_809' title='bbox 1674 4937 1749 5011; x_wconf 92' lang='lat' dir='ltr'><strong>quod</strong></span> 
     </span>
     <span class='ocr_line' id='line_1_55' title="bbox 53 5023 1749 5099; baseline -0.001 -17"><span class='ocrx_word' id='word_1_810' title='bbox 53 5033 115 5082; x_wconf 90' lang='lat' dir='ltr'><strong>tum</strong></span> <span class='ocrx_word' id='word_1_811' title='bbox 133 5026 231 5096; x_wconf 76' lang='lat' dir='ltr'><strong>arroad</strong></span> <span class='ocrx_word' id='word_1_812' title='bbox 247 5026 418 5094; x_wconf 72' lang='lat' dir='ltr'><strong>auaritiam,</strong></span> <span class='ocrx_word' id='word_1_813' title='bbox 437 5024 503 5096; x_wconf 88' lang='lat' dir='ltr'><strong>quia</strong></span> <span class='ocrx_word' id='word_1_814' title='bbox 522 5043 576 5081; x_wconf 90' lang='lat' dir='ltr'><strong>non</strong></span> <span class='ocrx_word' id='word_1_815' title='bbox 593 5032 685 5098; x_wconf 89' lang='lat' dir='ltr'><strong>potest</strong></span> <span class='ocrx_word' id='word_1_816' title='bbox 702 5028 738 5083; x_wconf 93' lang='lat' dir='ltr'><strong>ab</strong></span> <span class='ocrx_word' id='word_1_817' title='bbox 755 5029 808 5085; x_wconf 92' lang='lat' dir='ltr'><strong>hoc</strong></span> <span class='ocrx_word' id='word_1_818' title='bbox 826 5037 891 5086; x_wconf 87' lang='lat' dir='ltr'><strong>actu</strong></span> <span class='ocrx_word' id='word_1_819' title='bbox 915 5047 949 5086; x_wconf 88' lang='lat' dir='ltr'><strong>ex</strong></span> <span class='ocrx_word' id='word_1_820' title='bbox 962 5046 994 5084; x_wconf 87' lang='lat' dir='ltr'><strong>eo</strong></span> <span class='ocrx_word' id='word_1_821' title='bbox 1007 5027 1084 5082; x_wconf 89' lang='lat' dir='ltr'><strong>Deus</strong></span> <span class='ocrx_word' id='word_1_822' title='bbox 1095 5027 1195 5084; x_wconf 87' lang='lat' dir='ltr'><strong>elicere</strong></span> <span class='ocrx_word' id='word_1_823' title='bbox 1212 5025 1297 5091; x_wconf 83' lang='lat' dir='ltr'><strong>norit,</strong></span> <span class='ocrx_word' id='word_1_824' title='bbox 1315 5042 1348 5081; x_wconf 91' lang='lat' dir='ltr'><strong>ac</strong></span> <span class='ocrx_word' id='word_1_825' title='bbox 1368 5041 1475 5097; x_wconf 72' lang='lat' dir='ltr'><strong>poena,</strong></span> <span class='ocrx_word' id='word_1_826' title='bbox 1486 5041 1544 5097; x_wconf 88' lang='lat' dir='ltr'><strong>qua</strong></span> <span class='ocrx_word' id='word_1_827' title='bbox 1555 5023 1635 5080; x_wconf 86' lang='lat' dir='ltr'><strong>Deus</strong></span> <span class='ocrx_word' id='word_1_828' title='bbox 1647 5024 1677 5080; x_wconf 91' lang='lat' dir='ltr'><strong>in</strong></span> <span class='ocrx_word' id='word_1_829' title='bbox 1687 5041 1749 5099; x_wconf 88' lang='lat' dir='ltr'><strong>per·</strong></span> 
     </span>
     <span class='ocr_line' id='line_1_56' title="bbox 53 5110 1749 5187; baseline -0.001 -18"><span class='ocrx_word' id='word_1_830' title='bbox 53 5113 174 5180; x_wconf 74' lang='lat' dir='ltr'><strong>emme)</strong></span> <span class='ocrx_word' id='word_1_831' title='bbox 194 5110 278 5166; x_wconf 65' lang='lat' dir='ltr'><strong>labere</strong></span> <span class='ocrx_word' id='word_1_832' title='bbox 297 5117 390 5168; x_wconf 88' lang='lat' dir='ltr'><strong>autem</strong></span> <span class='ocrx_word' id='word_1_833' title='bbox 407 5111 467 5166; x_wconf 84' lang='lat' dir='ltr'><strong>vult</strong></span> <span class='ocrx_word' id='word_1_834' title='bbox 490 5113 583 5167; x_wconf 89' lang='lat' dir='ltr'><strong>omnia</strong></span> <span class='ocrx_word' id='word_1_835' title='bbox 600 5113 662 5169; x_wconf 81' lang='lat' dir='ltr'><strong>alia.</strong></span> <span class='ocrx_word' id='word_1_836' title='bbox 706 5114 827 5171; x_wconf 90' lang='lat' dir='ltr'><strong>Proinde</strong></span> <span class='ocrx_word' id='word_1_837' title='bbox 843 5133 890 5171; x_wconf 81' lang='lat' dir='ltr'><strong>ro-</strong></span> <span class='ocrx_word' id='word_1_838' title='bbox 915 5115 1043 5171; x_wconf 86' lang='lat' dir='ltr'><strong>tiuaciter</strong></span> <span class='ocrx_word' id='word_1_839' title='bbox 1061 5112 1152 5187; x_wconf 90' lang='lat' dir='ltr'><strong>impiis</strong></span> <span class='ocrx_word' id='word_1_840' title='bbox 1171 5112 1239 5168; x_wconf 92' lang='lat' dir='ltr'><strong>illud</strong></span> <span class='ocrx_word' id='word_1_841' title='bbox 1264 5112 1358 5184; x_wconf 86' lang='lat' dir='ltr'><strong>punit,</strong></span> <span class='ocrx_word' id='word_1_842' title='bbox 1382 5112 1434 5166; x_wconf 91' lang='lat' dir='ltr'><strong>hoo</strong></span> <span class='ocrx_word' id='word_1_843' title='bbox 1458 5110 1562 5166; x_wconf 89' lang='lat' dir='ltr'><strong>bonum</strong></span> <span class='ocrx_word' id='word_1_844' title='bbox 1578 5110 1655 5168; x_wconf 85' lang='lat' dir='ltr'><strong>Deus</strong></span> <span class='ocrx_word' id='word_1_845' title='bbox 1681 5111 1749 5177; x_wconf 80' lang='lat' dir='ltr'><strong>vult,</strong></span> 
     </span>
     <span class='ocr_line' id='line_1_57' title="bbox 52 5196 1749 5275; baseline 0.001 -22"><span class='ocrx_word' id='word_1_846' title='bbox 52 5199 149 5254; x_wconf 85' lang='lat' dir='ltr'><strong>luntas</strong></span> <span class='ocrx_word' id='word_1_847' title='bbox 164 5196 219 5252; x_wconf 88' lang='lat' dir='ltr'><strong>Dei</strong></span> <span class='ocrx_word' id='word_1_848' title='bbox 239 5198 327 5253; x_wconf 83' lang='lat' dir='ltr'><strong>fertur</strong></span> <span class='ocrx_word' id='word_1_849' title='bbox 345 5197 373 5251; x_wconf 89' lang='lat' dir='ltr'><strong>iu</strong></span> <span class='ocrx_word' id='word_1_850' title='bbox 390 5215 471 5253; x_wconf 85' lang='lat' dir='ltr'><strong>suum</strong></span> <span class='ocrx_word' id='word_1_851' title='bbox 497 5198 650 5272; x_wconf 76' lang='lat' dir='ltr'><strong>objectum,</strong></span> <span class='ocrx_word' id='word_1_852' title='bbox 672 5201 716 5254; x_wconf 86' lang='lat' dir='ltr'><strong>ael</strong></span> <span class='ocrx_word' id='word_1_853' title='bbox 739 5204 890 5256; x_wconf 69' lang='lat' dir='ltr'><strong>remuriam</strong></span> <span class='ocrx_word' id='word_1_854' title='bbox 915 5219 966 5257; x_wconf 89' lang='lat' dir='ltr'><strong>nec</strong></span> <span class='ocrx_word' id='word_1_855' title='bbox 977 5207 1069 5257; x_wconf 89' lang='lat' dir='ltr'><strong>tamen</strong></span> <span class='ocrx_word' id='word_1_856' title='bbox 1083 5206 1228 5275; x_wconf 86' lang='lat' dir='ltr'><strong>propterea</strong></span> <span class='ocrx_word' id='word_1_857' title='bbox 1244 5199 1335 5270; x_wconf 87' lang='lat' dir='ltr'><strong>ipsum</strong></span> <span class='ocrx_word' id='word_1_858' title='bbox 1352 5204 1497 5271; x_wconf 90' lang='lat' dir='ltr'><strong>peccatum</strong></span> <span class='ocrx_word' id='word_1_859' title='bbox 1514 5196 1582 5268; x_wconf 83' lang='lat' dir='ltr'><strong>vult,</strong></span> <span class='ocrx_word' id='word_1_860' title='bbox 1599 5198 1665 5269; x_wconf 91' lang='lat' dir='ltr'><strong>quia</strong></span> <span class='ocrx_word' id='word_1_861' title='bbox 1676 5197 1749 5254; x_wconf 90' lang='lat' dir='ltr'><strong>inter</strong></span> 
     </span>
     <span class='ocr_line' id='line_1_58' title="bbox 52 5283 1747 5362; baseline 0.001 -23"><span class='ocrx_word' id='word_1_862' title='bbox 52 5286 166 5339; x_wconf 73' lang='lat' dir='ltr'><strong>maducat</strong></span> <span class='ocrx_word' id='word_1_863' title='bbox 205 5292 325 5338; x_wconf 81' lang='lat' dir='ltr'><strong>naturae</strong></span> <span class='ocrx_word' id='word_1_864' title='bbox 361 5285 405 5339; x_wconf 83' lang='lat' dir='ltr'><strong>vel</strong></span> <span class='ocrx_word' id='word_1_865' title='bbox 432 5287 581 5340; x_wconf 77' lang='lat' dir='ltr'><strong>somarium</strong></span> <span class='ocrx_word' id='word_1_866' title='bbox 604 5289 716 5341; x_wconf 83' lang='lat' dir='ltr'><strong>modam</strong></span> <span class='ocrx_word' id='word_1_867' title='bbox 744 5289 889 5344; x_wconf 82' lang='lat' dir='ltr'><strong>liber-tatia.</strong></span> <span class='ocrx_word' id='word_1_868' title='bbox 914 5294 1060 5362; x_wconf 83' lang='lat' dir='ltr'><strong>peccatum</strong></span> <span class='ocrx_word' id='word_1_869' title='bbox 1077 5287 1154 5343; x_wconf 81' lang='lat' dir='ltr'><strong>velut</strong></span> <span class='ocrx_word' id='word_1_870' title='bbox 1171 5286 1291 5343; x_wconf 87' lang='lat' dir='ltr'><strong>medium</strong></span> <span class='ocrx_word' id='word_1_871' title='bbox 1308 5292 1337 5340; x_wconf 92' lang='lat' dir='ltr'><strong>et</strong></span> <span class='ocrx_word' id='word_1_872' title='bbox 1360 5284 1443 5340; x_wconf 88' lang='lat' dir='ltr'><strong>finem</strong></span> <span class='ocrx_word' id='word_1_873' title='bbox 1466 5283 1545 5340; x_wconf 91' lang='lat' dir='ltr'><strong>illum</strong></span> <span class='ocrx_word' id='word_1_874' title='bbox 1566 5284 1670 5340; x_wconf 90' lang='lat' dir='ltr'><strong>bonum</strong></span> <span class='ocrx_word' id='word_1_875' title='bbox 1691 5302 1747 5341; x_wconf 91' lang='lat' dir='ltr'><strong>non</strong></span> 
     </span>
     <span class='ocr_line' id='line_1_59' title="bbox 53 5362 1746 5448; baseline -0.002 -19"><span class='ocrx_word' id='word_1_876' title='bbox 53 5371 215 5429; x_wconf 83' lang='lat' dir='ltr'><strong>Secundum</strong></span> <span class='ocrx_word' id='word_1_877' title='bbox 232 5369 343 5425; x_wconf 88' lang='lat' dir='ltr'><strong>modum</strong></span> <span class='ocrx_word' id='word_1_878' title='bbox 368 5378 484 5427; x_wconf 89' lang='lat' dir='ltr'><strong>naturae</strong></span> <span class='ocrx_word' id='word_1_879' title='bbox 505 5371 594 5428; x_wconf 89' lang='lat' dir='ltr'><strong>tendit</strong></span> <span class='ocrx_word' id='word_1_880' title='bbox 617 5373 646 5428; x_wconf 91' lang='lat' dir='ltr'><strong>in</strong></span> <span class='ocrx_word' id='word_1_881' title='bbox 667 5373 808 5445; x_wconf 88' lang='lat' dir='ltr'><strong>obJ&#39;ectum</strong></span> <span class='ocrx_word' id='word_1_882' title='bbox 834 5376 888 5448; x_wconf 93' lang='lat' dir='ltr'><strong>pri·</strong></span> <span class='ocrx_word' id='word_1_883' title='bbox 915 5383 957 5433; x_wconf 87' lang='lat' dir='ltr'><strong>est</strong></span> <span class='ocrx_word' id='word_1_884' title='bbox 973 5391 1061 5430; x_wconf 90' lang='lat' dir='ltr'><strong>nexus</strong></span> <span class='ocrx_word' id='word_1_885' title='bbox 1083 5362 1248 5442; x_wconf 72' lang='lat' dir='ltr'><strong>esisntialis,</strong></span> <span class='ocrx_word' id='word_1_886' title='bbox 1267 5390 1318 5429; x_wconf 91' lang='lat' dir='ltr'><strong>nec</strong></span> <span class='ocrx_word' id='word_1_887' title='bbox 1335 5372 1438 5427; x_wconf 92' lang='lat' dir='ltr'><strong>bonum</strong></span> <span class='ocrx_word' id='word_1_888' title='bbox 1456 5371 1525 5426; x_wconf 93' lang='lat' dir='ltr'><strong>illud</strong></span> <span class='ocrx_word' id='word_1_889' title='bbox 1542 5379 1672 5443; x_wconf 87' lang='lat' dir='ltr'><strong>peceato,</strong></span> <span class='ocrx_word' id='word_1_890' title='bbox 1696 5371 1746 5428; x_wconf 87' lang='lat' dir='ltr'><strong>aed</strong></span> 
     </span>
     <span class='ocr_line' id='line_1_60' title="bbox 53 5458 1465 5530; baseline 0.001 -18"><span class='ocrx_word' id='word_1_891' title='bbox 53 5474 130 5512; x_wconf 90' lang='lat' dir='ltr'><strong>mum</strong></span> <span class='ocrx_word' id='word_1_892' title='bbox 144 5459 248 5512; x_wconf 71' lang='grc' dir='ltr'><strong>οἰκεῖοι</strong></span> <span class='ocrx_word' id='word_1_893' title='bbox 264 5463 293 5513; x_wconf 91' lang='lat' dir='ltr'><strong>et</strong></span> <span class='ocrx_word' id='word_1_894' title='bbox 309 5463 426 5515; x_wconf 87' lang='lat' dir='ltr'><strong>naturas</strong></span> <span class='ocrx_word' id='word_1_895' title='bbox 443 5459 642 5530; x_wconf 87' lang='lat' dir='ltr'><strong>adaequatum,</strong></span> <span class='ocrx_word' id='word_1_896' title='bbox 666 5460 817 5515; x_wconf 87' lang='lat' dir='ltr'><strong>seeundum</strong></span> <span class='ocrx_word' id='word_1_897' title='bbox 833 5479 889 5518; x_wconf 93' lang='lat' dir='ltr'><strong>mo·</strong></span> <span class='ocrx_word' id='word_1_898' title='bbox 915 5462 1026 5517; x_wconf 87' lang='lat' dir='ltr'><strong>divinae</strong></span> <span class='ocrx_word' id='word_1_899' title='bbox 1044 5460 1162 5517; x_wconf 89' lang='lat' dir='ltr'><strong>bonitati</strong></span> <span class='ocrx_word' id='word_1_900' title='bbox 1179 5458 1260 5515; x_wconf 91' lang='lat' dir='ltr'><strong>unice</strong></span> <span class='ocrx_word' id='word_1_901' title='bbox 1280 5458 1465 5515; x_wconf 89' lang='lat' dir='ltr'><strong>tribuendum.</strong></span> 
     </span>
     <span class='ocr_line' id='line_1_61' title="bbox 53 5542 1745 5617; baseline 0.001 -18"><span class='ocrx_word' id='word_1_902' title='bbox 53 5544 122 5599; x_wconf 89' lang='lat' dir='ltr'><strong>dum</strong></span> <span class='ocrx_word' id='word_1_903' title='bbox 138 5542 276 5600; x_wconf 61' lang='lat' dir='ltr'><strong>libertate</strong></span> <span class='ocrx_word' id='word_1_904' title='bbox 294 5543 324 5599; x_wconf 91' lang='lat' dir='ltr'><strong>iu</strong></span> <span class='ocrx_word' id='word_1_905' title='bbox 345 5543 452 5617; x_wconf 87' lang='lat' dir='ltr'><strong>reliqua</strong></span> <span class='ocrx_word' id='word_1_906' title='bbox 471 5543 580 5615; x_wconf 86' lang='lat' dir='ltr'><strong>omnia,</strong></span> <span class='ocrx_word' id='word_1_907' title='bbox 602 5545 651 5602; x_wconf 91' lang='lat' dir='ltr'><strong>ubi</strong></span> <span class='ocrx_word' id='word_1_908' title='bbox 674 5552 768 5603; x_wconf 86' lang='lat' dir='ltr'><strong>tamen</strong></span> <span class='ocrx_word' id='word_1_909' title='bbox 792 5547 888 5604; x_wconf 89' lang='lat' dir='ltr'><strong>distin-</strong></span> <span class='ocrx_word' id='word_1_910' title='bbox 951 5553 1009 5606; x_wconf 78' lang='lat'>282.</span> <span class='ocrx_word' id='word_1_911' title='bbox 1044 5546 1096 5614; x_wconf 74' lang='lat' dir='ltr'><strong>Qu.</strong></span> <span class='ocrx_word' id='word_1_912' title='bbox 1115 5553 1139 5605; x_wconf 79' lang='lat'><strong>4.</strong></span> <span class='ocrx_word' id='word_1_913' title='bbox 1174 5549 1221 5601; x_wconf 83' lang='lat' dir='ltr'><strong>Aa</strong></span> <span class='ocrx_word' id='word_1_914' title='bbox 1240 5546 1273 5602; x_wconf 86' lang='lat' dir='ltr'><strong>ob</strong></span> <span class='ocrx_word' id='word_1_915' title='bbox 1290 5545 1440 5602; x_wconf 76' lang='grc' dir='ltr'><strong>οοιιιιιιαιιι</strong></span> <span class='ocrx_word' id='word_1_916' title='bbox 1459 5545 1572 5602; x_wconf 79' lang='lat' dir='ltr'><strong>divinae</strong></span> <span class='ocrx_word' id='word_1_917' title='bbox 1591 5544 1745 5602; x_wconf 67' lang='lat' dir='ltr'><strong>inmutabi-</strong></span> 
     </span>
    </p>
   </div>
   <div class='ocr_carea' id='block_1_3' title="bbox 0 0 1996 6022">
    <p class='ocr_par' dir='ltr' id='par_1_3' title="bbox 0 0 1996 6022">
     <span class='ocr_line' id='line_1_62' title="bbox 0 0 1996 6022; baseline 0 2"><span class='ocrx_word' id='word_1_918' title='bbox 0 0 1996 6022; x_wconf 95' lang='lat' dir='ltr'><strong> </strong></span> 
     </span>
    </p>
   </div>
  </div>
 </body>
</html>
