3984 6022
623 299 675 354 DE
696 299 870 357 PDRSONA
885 300 936 355 ET
952 292 1112 356 onmolo'
1124 301 1285 359 CHRISTI.
1747 318 1806 376 59³

104 448 242 518 amantio,
267 448 296 502 id
315 455 358 504 ast
376 448 497 504 humana
514 458 613 508 natura
631 472 686 510 non
705 462 749 511 est
766 457 877 512 sublata
896 473 946 527 per
973 471 1023 508 nos
1042 454 1177 524 hortatur,
1196 470 1285 525 aquo
1296 471 1352 509 non
1369 461 1460 525 petest
1477 458 1633 528 exemplum
1649 460 1808 518 imitationis

102 535 308 593 exaltationem.
334 535 492 592 Secundum
511 556 594 610 qnam
609 547 735 596 naturam
751 543 860 599 Christo
872 561 945 598 com·
972 541 1029 610 peti
1050 540 1079 595 in
1097 542 1180 597 rebus
1199 540 1302 612 ignotis
1322 547 1350 595 ct
1367 540 1560 613 inconspicuis.
1596 545 1660 601 Jam
1678 565 1743 604 vero
1762 567 1808 604 na·

104 621 179 693 petit
197 622 343 693 usitatio,
371 625 523 678 secundum
546 627 662 682 candem
685 629 768 682 etiam
788 630 945 698 exinanitio,
972 632 1035 681 tura
1060 632 1088 680 ct
1110 628 1231 682 essentia
1255 627 1350 681 divina
1367 629 1396 681 in
1421 645 1451 683 se
1468 646 1523 684 non
1543 636 1636 699 potest
1655 634 1742 688 oculis
1759 636 1808 688 hu·

102 714 139 761 nt
155 709 277 764 ostendit
293 710 446 780 apostolica
463 713 601 781 oppositio
620 732 645 766 v.
663 720 687 768 8.
704 719 734 767 et
751 720 776 771 a.
806 715 870 770 Jam
882 733 946 771 vcro
972 713 1059 771 manis
1077 712 1200 783 conspici
1217 713 1316 768 iehan.
1337 721 1357 781 1,
1376 732 1401 767 v.
1422 720 1460 770 18.
1495 720 1515 769 1.
1534 715 1654 772 Timoth.
1673 724 1697 781 6,
1717 736 1743 772 v.
1760 725 1807 783 ¹83

100 793 134 847 in
163 794 317 865 simplicem
341 793 439 867 Λόγου
465 798 595 853 deitatem
622 816 676 853 non
704 800 780 855 cadit
806 802 944 856 exaltatio.
971 799 1021 853 sed
1040 799 1069 853 in
1088 799 1217 869 operibus
1238 800 1373 855 duntaxat
1391 802 1569 872 conspicitur,
1590 803 1619 857 in
1638 804 1739 875 quibus
1757 823 1808 876 per

102 880 183 953 Ergo
198 898 250 936 rsec
268 882 425 947 exinanitio,
444 891 473 939 et
489 902 539 955 per
557 902 729 956 consequens
749 888 890 957 apostolus
900 887 944 941 hic
971 885 1123 954 potentiam
1140 892 1169 938 et
1187 887 1359 956 majestatem
1378 904 1456 940 suam
1475 905 1535 943 sese
1552 889 1659 944 exserit
1693 898 1716 944 5.
1732 891 1807 961 Apo·

103 984 160 1023 non
179 967 242 1039 agit
258 968 294 1024 de
306 967 402 1040 ’Λόγῳ
419 968 533 1044 inipso
549 974 731 1044 ejusdemque
748 974 943 1030 incantatione.
971 969 1058 1024 stolus
1077 969 1200 1040 loquitur
1219 971 1254 1025 de
1272 972 1361 1025 forma
1373 964 1436 1042 Dei,
1458 980 1594 1043 qnatenus
1612 973 1722 1031 Christo
1734 995 1806 1032 com·

103 1060 129 1109 1.
150 1053 266 1108 Petrum
285 1055 550 1126 interpretationem,
572 1058 607 1112 de
628 1076 684 1129 qua
701 1066 805 1130 postea.
837 1068 860 1116 5.
882 1057 943 1115 Suf—
971 1057 1041 1126 petit
1069 1057 1289 1126 ἐνσπαοκτικώς,
1319 1074 1373 1112 non
1400 1057 1557 1124 οὐσιωδαῖς,
1585 1061 1653 1116 dicit
1679 1063 1750 1117 enim
1777 1064 1807 1117 tr

102 1137 225 1212 Mum
241 1141 472 1197 advmanorum.
507 1142 610 1197 Piscat.
628 1143 657 1197 in
680 1143 764 1199 schol.
785 1150 861 1200 recte
890 1152 943 1199 sta·
969 1144 1068 1216 μορφῇ
1088 1145 1156 1197 θεοῦ
1177 1141 1315 1218 ὑπάρχων.
1348 1146 1387 1199 At
1404 1144 1456 1199 hoc
1475 1163 1558 1201 sensu
1576 1165 1631 1202 non
1644 1155 1737 1220 potest
1752 1150 1806 1207 nisi

102 1225 172 1297 tuit,
201 1228 274 1280 hune
291 1228 382 1282 loeson
395 1228 515 1297 proprie
532 1238 560 1282 et
581 1231 714 1299 eumeniae
733 1232 873 1299 loquendo
888 1251 943 1284 non
971 1229 1006 1281 ad
1025 1228 1173 1283 humanam
1189 1228 1290 1284 Christi
1310 1237 1437 1286 naturam
1456 1231 1566 1303 referri,
1585 1251 1657 1306 quae
1674 1236 1702 1289 in
1720 1236 1806 1310 ὕπαρ-

103 1328 162 1364 erse
183 1315 375 1383 εαρσοσοιίαηι
394 1316 430 1367 cte
448 1316 642 1369 incantatione
660 1317 735 1369 Filii
750 1319 824 1386 Dei,
840 1320 892 1370 sed
909 1321 944 1371 de
971 1318 1014 1375 ξαν
1038 1315 1096 1370 sive
1119 1314 1274 1370 ὑπόστασιν
1292 1316 1391 1387 Λόγου
1404 1325 1454 1372 est
1473 1330 1602 1374 assumta.
1640 1327 1663 1376 6.
1688 1322 1729 1375 Ex
1747 1329 1806 1378 tex-

103 1399 249 1453 iacasaoti
263 1401 465 1457 humiliatione.
492 1402 586 1473 Atque
603 1402 738 1457 hactenns
758 1407 793 1456 cie
812 1405 943 1471 nnhjecto.
970 1407 1015 1454 tus
1032 1401 1208 1456 cohaerentia
1225 1409 1350 1473 apparet,
1370 1405 1525 1473 apostolum
1541 1405 1630 1460 tribus
1648 1405 1806 1464 hisccvoci-
1847 1410 1854 1420 '

139 1490 199 1544 295.
234 1485 268 1541 in
288 1488 460 1557 masticata
487 1488 597 1543 triade
620 1489 728 1544 Christe
754 1491 943 1560 explicantur,
971 1487 1022 1541 bns
1039 1487 1147 1561 μορφή,
1167 1488 1298 1562 ὁμοίωμα
1311 1496 1339 1544 et
1351 1492 1444 1564 σχῆμα
1462 1507 1520 1546 rem
1534 1509 1617 1546 unam
1635 1494 1806 1567 eandemque
1876 1521 1886 1535 ·

104 1573 231 1642 1.qaalis
240 1575 944 1646 seaepotnerit5terratiaeaeenoincrit,·3,qnniom
970 1573 1139 1644 significare,
1164 1576 1223 1645 jam
1245 1592 1311 1630 vero
1328 1578 1420 1650 σχῆμα
1438 1583 1466 1630 ct
1485 1575 1616 1650 ὁμοίωμα
1635 1598 1690 1633 non
1707 1581 1744 1635 ad
1764 1598 1805 1636 es·

103 1658 195 1712 Putas·
209 1660 336 1712 cesima
353 1661 445 1729 ipsum
459 1662 568 1728 fecerit.
598 1662 645 1714 Ad
660 1663 778 1732 primum
790 1663 943 1718 membrum
970 1660 1094 1728 sentiam,
1113 1660 1162 1713 sed
1182 1666 1324 1714 aeternum
1343 1667 1445 1715 statum
1464 1662 1600 1720 humanae
1618 1672 1805 1739 naturaeper·
1847 1702 1862 1709 -

103 1744 288 1814 pertinethoc
299 1746 498 1816 praedicatum,
515 1747 590 1818 quod
605 1747 730 1802 Christus
744 1749 944 1814 diciturfnime
970 1747 1065 1802 tinent.
1100 1746 1177 1816 Ergo
1200 1747 1282 1800 ctiam
1306 1763 1357 1800 vox
1380 1753 1493 1821 μορφῆς
1510 1766 1565 1804 non
1586 1756 1665 1806 notat
1683 1754 1806 1808 divinam

103 1832 134 1883 is
144 1833 250 1899 somna
261 1834 328 1902 Dei,
347 1834 378 1887 ia
390 1836 577 1908 μορφῇθεοῦ.
597 1835 677 1889 Hanc
694 1835 807 1907 phrasin
818 1835 943 1890 Jcsuitae
971 1840 1097 1886 naturam
1124 1841 1152 1887 et
1178 1833 1340 1904 essentiam,
1367 1834 1417 1888 scd
1440 1842 1541 1889 statum
1568 1844 1596 1891 et
1619 1840 1805 1895 conditionem

103 1923 132 1971 et
150 1915 307 1983 calviniani
331 1921 513 1975 communiter
536 1922 574 1976 sio
590 1929 739 1992 exponunt,
761 1940 819 1974 esre
839 1930 942 1983 notura
970 1920 1098 1972 divinam.
1126 1926 1148 1973 1.
1169 1918 1341 1990 Significatio
1358 1920 1412 1974 ista
1427 1925 1547 1996 poppis,
1565 1941 1637 1995 quae
1653 1943 1703 1996 pro
1716 1926 1805 1982 forma

103 2006 236 2059 DEUM.
271 2002 326 2060 Sed
346 2008 506 2075 notandum,
525 2010 600 2078 quod
617 2008 705 2063 forma
719 2007 793 2076 DEI,
814 2008 865 2062 etsi
878 2008 941 2062 sub·
969 2004 1142 2059 substantiali
1163 2021 1213 2059 seu
1232 2010 1377 2059 naturast
1397 2008 1517 2062 essentia
1538 2009 1578 2064 rei
1599 2012 1743 2081 accipitur,
1763 2029 1804 2066 so

98 2088 175 2161 jecto
192 2097 222 2147 et
237 2109 268 2147 re
287 2093 348 2163 ipsa
364 2094 471 2147 nonsit
487 2093 639 2164 multiplex,
658 2094 706 2149 scd
719 2111 782 2162 nnn,
801 2095 941 2165 geminam
968 2090 1001 2143 lis
1024 2090 1194 2160 philosophis
1220 2097 1286 2144 nota
1310 2095 1352 2144 cst
1376 2097 1406 2144 ct
1428 2093 1538 2148 usitata.
1573 2095 1749 2154 “Piscator
1776 2099 1804 2152 in

101 2184 196 2234 nmen
218 2180 350 2234 sortiatur
373 2180 508 2234 rationem
532 2186 560 2234 et
578 2181 833 2236 considerationem,
870 2181 940 2237 Nam
968 2175 1061 2230 Anah:
1081 2179 1138 2229 Per
1147 2180 1277 2243 sermons
1288 2178 1347 2229 Dei
1362 2173 1419 2229 non
1434 2187 1505 2244 preto
1523 2182 1681 2248 apostolum
1702 2184 1805 2237 intelli-

101 2265 145 2320 νεὶ
162 2266 195 2317 ia
211 2282 242 2317 se
260 2264 335 2334 ipso,
356 2265 393 2325 ὡς
410 2266 440 2320 in
457 2265 557 2336 κτήσει,
577 2284 610 2322 ac
627 2268 733 2323 ratione
750 2266 855 2332 οὐσίας,
874 2285 940 2338 qna·
967 2278 1032 2330 pere
1057 2264 1149 2330 α’ραααι
1174 2271 1306 2316 staturam
1331 2264 1471 2326 (tisinum,
1499 2265 1571 2318 sicta
1590 2267 1753 2322 Aristotelea
1775 2271 1805 2323 in

98 2356 184 2407 auus
200 2346 328 2420 hahetur,
349 2352 516 2407 wusiderari
531 2359 630 2424 potest,
652 2354 696 2409 vel
714 2363 843 2423 respectu
863 2371 939 2407 crea-
963 2348 1145 2416 philosophia
1170 2366 1222 2400 οασ
1238 2349 1372 2401 coemtio
1388 2350 1502 2420 μορφῆς
1519 2351 1653 2420 inteliipit
1672 2362 1805 2410 naturam

100 2447 243 2508 mm,
268 2437 305 2499 ὥς
321 2438 352 2493 tu
367 2437 478 2513 χρήσει,
503 2441 610 2495 ratione
636 2441 777 2511 tffovntag,
803 2448 939 2512 quatenus
966 2451 999 2486 oc
1021 2434 1168 2487 arentiam
1184 2436 1233 2489 rei.
1269 2436 1366 2503 Neque
1389 2436 1462 2488 enim
1485 2436 1632 2505 probabile
1653 2448 1708 2509 eet,
1735 2459 1803 2510 apo·

99 2522 176 2578 toras
202 2524 260 2579 suis
277 2525 483 2595 operationibus
500 2526 677 2596 progreditur
694 2543 726 2581 aa
746 2527 871 2582 sensibus
889 2526 938 2581 hu·
964 2521 1065 2574 notram
1081 2521 1133 2573 hue
1150 2537 1215 2575 eece
1234 2523 1264 2574 in
1282 2538 1316 2573 eo
1334 2522 1539 2591 aipns'ficutione
1555 2525 1599 2576 nti
1604 2564 1611 2586 ‚
1641 2543 1712 2595 σασα
1731 2529 1801 2581 cotis

98 2608 191 2664 manis
218 2610 339 2666 exterius
368 2628 429 2668 sese
459 2612 683 2683 conspiciendam
712 2611 829 2667 exhibet.
876 2612 938 2667 Hoc
965 2607 1141 2676 philosophis
1160 2615 1228 2660 notu
1247 2615 1326 2676 crat,
1341 2609 1451 2677 populo
1470 2625 1534 2663 vero
1549 2609 1656 2678 ipnota.
1689 2613 1804 2668 Deinde

98 2697 161 2751 looo
189 2712 325 2768 negamus
355 2696 469 2770 πρώτως
498 2703 543 2751 unt
574 2705 674 2770 κυρίως
688 2743 690 2746 .
705 2697 855 2770 significari
887 2699 939 2754 hac
966 2702 1088 2763 appronat
1107 2710 1140 2746 ec
1159 2694 1338 2747 celanen-entia
1356 2696 1514 2763 tententiae,
1538 2697 1696 2765 apostolum
1714 2701 1805 2753 tribue

97 2781 195 2853 phrasi
212 2781 302 2853 ipsam
319 2784 467 2838 assandam
485 2790 514 2838 et
531 2791 657 2838 naturam
679 2784 800 2838 divinam
819 2785 848 2839 in
867 2802 895 2839 se
912 2791 940 2840 et
966 2781 1077 2833 vocibus
1093 2779 1199 2853 μορφή,
1220 2779 1366 2853 ὁμοίωμα,
1384 2782 1477 2853 σχῆμα
1495 2799 1553 2834 rem
1573 2800 1658 2837 unam
1676 2784 1805 2839 caneteni-

97 2866 230 2937 ahsolnte
246 2870 399 2925 mundum
422 2871 453 2923 τὸ
479 2870 548 2924 εἶναι
573 2870 788 2942 consideratam,
826 2872 875 2926 sed
899 2871 939 2924 di·
967 2883 1018 2935 que
1043 2866 1252 2936 εἰσαιγῐοαω*
1292 2870 1315 2919 8.
1334 2865 1434 2921 Patres
1452 2873 1481 2920 et
1497 2857 1619 2940 theologi
1636 2871 1803 2927 recentiores

97 2954 190 3009 cimus
216 2954 333 3028 intelligi
358 2972 410 3027 per
427 2975 487 3011 eam
505 2965 609 3010 statum
629 2959 754 3011 divinum
780 2975 829 3013 seu
846 2958 939 3012 condi·
967 2953 1063 3007 eodem
1088 2952 1170 3006 modo
1194 2959 1343 3022 exponunt
1378 2951 1542 3008 Ambrosius
1567 2955 1597 3008 in
1614 2971 1709 3011 comm.
1728 2956 1801 3035 Phil.

96 3041 205 3096 tionem
223 3040 359 3112 dianam,
379 3060 479 3112 nempe
497 3042 614 3113 gloriam
632 3049 660 3098 et
679 3045 853 3114 majestatem
872 3044 939 3098 divi-
966 3055 992 3107 ρ.
1013 3044 1070 3093 367.
1102 3040 1226 3100 formom
1250 3038 1372 3108 explicat
1391 3056 1446 3108 per
1463 3042 1605 3110 virtutem,
1625 3051 1802 3112 potestatem,

96 3143 181 3196 nam,
212 3128 287 3200 quod
312 3119 492 3199 sequentihus
517 3128 708 3184 confirmatum
733 3130 830 3184 damus
857 3147 938 3202 argu·
968 3126 1158 3193 operationem
1181 3125 1324 3195 divinam,
1350 3143 1423 3195 quae
1441 3126 1581 3180 Christum
1601 3130 1803 3182 demonstravit

98 3214 210 3271 mantis,
253 3220 276 3271 ι.
303 3213 405 3268 Forma
431 3219 460 3269 at
485 3215 514 3269 id
543 3216 617 3287 quod
646 3222 688 3271 est
714 3217 743 3271 in
765 3216 855 3270 forma
876 3222 940 3270 sunt
967 3226 1026 3263 esse
1046 3213 1147 3265 Deum.
1179 3212 1215 3263 In
1228 3212 1330 3278 forma
1349 3212 1416 3281 Dei,
1437 3212 1536 3283 inquit,
1554 3221 1628 3283 erat,
1646 3215 1723 3284 quin,
1741 3234 1803 3269 cuni

97 3300 248 3371 diadum,
273 3316 337 3356 cum
354 3300 430 3356 idom
447 3316 503 3356 non
519 3303 608 3373 possit
625 3302 681 3356 dini
699 3319 759 3356 ease
779 3302 809 3357 in
824 3320 853 3357 se
871 3302 939 3372 ipso,
967 3298 1048 3350 homo
1073 3298 1231 3367 uideretur,
1260 3314 1347 3367 opera
1370 3299 1431 3351 Dei
1448 3300 1587 3365 faciebat,
1613 3308 1643 3353 nt
1669 3301 1699 3353 in
1721 3303 1803 3354 rebns

97 3387 168 3445 Jam
194 3402 259 3441 vero
278 3386 367 3440 Filius
390 3386 445 3440 Dei
473 3388 625 3442 seeundum
652 3388 782 3442 deitatem
807 3393 849 3443 est
879 3388 941 3459 ipsa
966 3384 1051 3451 pectis
1072 3391 1226 3453 appareret
1244 3386 1325 3438 Deua
1343 3401 1416 3455 ease,
1442 3386 1493 3454 nui
1517 3394 1625 3439 tanturn
1643 3387 1723 3440 homo
1742 3404 1801 3441 esee

98 3472 156 3529 Dei
174 3471 271 3543 forma
288 3471 382 3544 imago
400 3478 428 3527 et
447 3472 592 3528 character
611 3474 729 3529 deitatis.
746 3473 804 3528 Col.
824 3479 847 3542 1,
861 3490 885 3527 v.
901 3480 941 3538 15,
965 3471 1127 3538 putabatur.
1172 3472 1268 3540 Opera
1294 3471 1367 3524 enim
1382 3473 1513 3539 semaam
1536 3472 1744 3541 sipnificabant,
1764 3482 1803 3543 nt,

98 3559 277 3628 Hebr.'1,v.
296 3562 321 3614 3.
356 3558 432 3629 Ergo
450 3560 603 3615 secundum
622 3559 753 3614 deitatem
773 3576 827 3614 non
848 3563 942 3630 potest
968 3556 1036 3626 quio
1053 3573 1140 3626 opero
1160 3557 1221 3626 ejus
1239 3574 1294 3610 non
1311 3557 1537 3627 utiquehominis
1554 3575 1642 3628 epau
1660 3567 1732 3628 οααο,
1750 3559 1803 3630 hic,

99 3645 156 3700 dici
175 3660 238 3700 esse
259 3644 289 3700 iu
310 3643 401 3699 forma
419 3643 481 3700 Dei.
518 3645 587 3700 Esse
614 3645 700 3717 igitur
723 3645 753 3699 in
774 3644 863 3700 forma
887 3644 940 3700 Dei
968 3643 1018 3713 qus·
1039 3643 1069 3696 in
1087 3659 1171 3712 opere
1188 3643 1232 3696 oei
1242 3645 1345 3709 semna
1362 3644 1422 3698 Dei
1440 3652 1514 3713 eret,
1539 3646 1619 3698 Deus
1635 3645 1802 3714 intellipere·

97 3731 228 3788 absolute
241 3736 271 3786 et
287 3730 449 3800 simpliciter
465 3737 576 3787 nonest
594 3748 653 3787 esse
664 3740 764 3787 natura
775 3731 876 3800 Deum,
890 3732 939 3787 scd
967 3738 1020 3785 tur.
1052 3730 1159 3783 Formo
1175 3731 1249 3783 enim
1264 3730 1324 3783 Dei
1339 3732 1411 3800 quid
1428 3737 1474 3797 eat,
1496 3730 1554 3783 nisi
1570 3730 1730 3800 coemptum,
1748 3748 1803 3801 ραο

97 3833 197 3890 gerere
212 3833 244 3873 se
258 3822 391 3888 tanquam
400 3816 500 3887 Deum
521 3817 662 3873 declarare
682 3808 714 3873 se'
728 3823 760 3872 ut
777 3816 877 3888 Deum,
895 3835 939 3872 cx·
966 3817 1048 3868 Deus
1064 3823 1202 3885 apparet,
1229 3816 1295 3868 dnm
1312 3824 1435 3870 mortuos
1454 3817 1568 3886 eacitet',
1593 3819 1689 3871 surdis
1706 3819 1803 3872 reddit

96 3920 191 3962 uuae
213 3902 337 3958 divinam
355 3905 527 3974 majestatem
545 3904 639 3958 divina
660 3920 745 3976 opera
761 3903 938 3976 perficiendo.
967 3903 1104 3971 auditum,
1123 3902 1249 3972 leprosos
1267 3904 1403 3956 renunciat.²
1421 3903 1559 3959 Lutherus
1578 3908 1643 3959 tom.
1659 3910 1680 3960 1.
1701 3904 1803 3963 Witeb.

95 3988 274 4047 *scamus
291 3990 321 4045 in
341 4006 437 4044 comm.
456 4007 540 4060 super
563 3990 590 4044 h.
610 3991 626 4046 l.
646 3997 755 4046 nostrae
776 3991 939 4064 expositioni
967 3988 1027 4043 Lat.
1054 4006 1081 4059 p.
1109 3994 1150 4045 69,
1183 3988 1213 4066 in
1238 4004 1314 4043 conc.
1341 3987 1376 4044 dc
1403 3988 1479 4059 dupl.
1499 3991 1582 4060 just:
1614 3992 1719 4045 Forma
1744 3992 1803 4043 Dei

95 4075 181 4132 iavet.
215 4075 351 4131 Danaeus
378 4081 475 4132 eontra
499 4076 638 4132 Chemnic.
667 4096 692 4149 q.
716 4083 788 4133 1355.
822 4076 939 4152 μορφήν
965 4077 1010 4129 hie
1029 4093 1085 4128 non
1105 4076 1210 4128 dieitur·
1228 4075 1383 4128 animantia
1400 4076 1491 4143 DEI,
1512 4077 1580 4145 quio
1602 4077 1655 4129 hac
1673 4075 1801 4129 Chri'stm

96 4161 247 4234 distinguit
271 4162 310 4218 ab
335 4159 431 4232 οὐσίᾳ,
456 4161 629 4234 approbante
655 4163 823 4218 Zenonos*
861 4171 884 4219 2.
909 4163 937 4219 si
964 4179 1105 4232 nunquam
1128 4178 1157 4214 aa
1180 4162 1345 4231 exinanivit,
1371 4162 1442 4216 aierit
1464 4179 1515 4216 nec
1531 4164 1634 4229 forma
1651 4163 1726 4216 amsi
1742 4164 1803 4217 dici

94 4247 207 4322 phrasis
223 4248 293 4306 haec
312 4266 372 4304 esse
391 4251 421 4302 in
432 4252 536 4318 formo
554 4250 614 4303 Dei
629 4249 701 4303 idem
721 4267 833 4320 prorsus
853 4251 936 4330 signi·
960 4255 1052 4316 potest
1079 4249 1236 4301 substantia
1261 4247 1399 4317 humane,
1427 4249 1480 4301 seri
1500 4250 1598 4314 forma
1619 4250 1678 4301 Dei
1699 4257 1738 4301 est
1755 4269 1800 4303 an·

93 4334 213 4405 ficeret,
236 4335 312 4408 quod
336 4353 397 4392 esse
421 4343 521 4391 natura
544 4334 654 4402 Deum,
680 4353 851 4409 consequens
876 4337 936 4406 crit,
960 4335 1078 4403 pientia,
1096 4335 1193 4402 virtue,
1205 4334 1334 4403 justitia,
1351 4334 1470 4402 tonans,
1488 4335 1589 4387 damete
1607 4334 1731 4388 libertae.
1758 4335 1799 4391 Si·

93 4422 185 4479 etiam
203 4420 240 4477 de
257 4420 341 4478 Patra
360 4428 389 4478 ct
410 4423 513 4493 Spiritu
537 4430 632 4477 sancto
657 4423 710 4477 dici
736 4440 831 4494 posse,
863 4423 937 4496 quod
963 4419 1040 4473 milia
1059 4426 1211 4499 ¹occurrunt
1233 4427 1298 4475 tom.
1324 4418 1576 4475 1.Jen.1nt.f01.
1600 4425 1655 4476 rra.
1675 4420 1703 4475 in
1722 4421 1798 4476 Post.

93 4509 154 4564 sint
178 4507 209 4562 in
230 4506 319 4565 forma
336 4507 405 4578 Dei,
428 4510 502 4580 qnod
526 4510 660 4564 hactenus
690 4509 719 4564 in
742 4510 860 4564 ecclesia
882 4528 936 4565 non
962 4507 1057 4576 major.
1075 4511 1140 4559 tom.
1163 4512 1185 4561 l.
1205 4505 1321 4575 Epistol.
1342 4521 1385 4575 ep.
1405 4511 1446 4561 94.
1462 4510 1515 4559 etc.
1533 4504 1639 4559 Erasm.
1658 4506 1687 4559 in
1705 4514 1797 4562 annot.

92 4594 150 4650 tute
168 4593 311 4650 usitatum.
347 4599 370 4650 3.
397 4593 558 4659 Quomodo
577 4596 606 4649 in
626 4601 704 4651 textu
722 4596 874 4667 apostolico
892 4613 935 4649 ac·
961 4590 1032 4646 Phil.
1055 4596 1078 4646 2.
1104 4590 1198 4645 itidem
1226 4590 1327 4662 accipit
1346 4590 1461 4662 phrasin
1478 4590 1554 4645 illam
1575 4593 1605 4646 in
1623 4595 1720 4657 somna
1740 4596 1800 4648 Dei

92 4681 200 4754 cipitur
218 4681 322 4748 fornia
344 4681 435 4755 aerii,
464 4697 496 4735 eo
521 4681 603 4735 modo
627 4682 711 4736 etiarn
738 4681 822 4737 debet
847 4682 936 4752 accipi
962 4695 1021 4732 ease
1048 4676 1083 4731 de
1109 4683 1208 4731 natura
1234 4676 1337 4732 Christi
1361 4675 1484 4731 humana
1506 4677 1678 4748 locupletata
1698 4679 1798 4734 divinis

92 4770 193 4834 formu
214 4767 288 4838 Dei,
312 4773 344 4822 ut
362 4767 484 4823 ostendit
501 4767 646 4839 oppositio.
679 4769 743 4823 Jam
760 4785 827 4824 vero
846 4767 935 4822 forma
962 4763 1073 4819 dotibus
1098 4769 1127 4818 et
1150 4763 1357 4834 operationibus
1384 4762 1420 4817 ab
1440 4763 1500 4834 ipso
1515 4763 1610 4835 Λόγῳ.
1644 4764 1750 4821 Selnec.
1770 4765 1798 4819 in
1811 4788 1852 4829 111.
1865 4788 1909 4829 5⁶5,

93 4854 169 4910 servi
182 4868 244 4909 non
259 4858 353 4927 potest
369 4853 506 4924 accipide
519 4858 659 4907 naturast
674 4853 933 4922 essentiahumana,
962 4852 1008 4906 lib.
1029 4851 1065 4905 de
1083 4850 1185 4907 noviss.
1204 4848 1281 4907 vab.
1293 4849 1393 4904 David.
1405 4849 1510 4919 statuit,
1528 4856 1685 4922 respectum
1702 4850 1799 4907 haberi

91 4946 158 4997 tuus
177 4928 247 5012 quia
264 4938 390 4996 Christus
409 4957 465 4995 non
483 4944 526 4994 est
543 4946 642 4993 natura
660 4955 767 5010 servus,
791 4946 851 4993 tum
870 4941 935 5011 quia
961 4938 997 4992 ad
1010 4937 1130 4992 hPasal.
1144 4942 1182 5001 11,
1194 4955 1218 4991 v.
1234 4943 1280 4993 17:
1294 4936 1460 5006 Adspeashti
1471 4953 1513 4990 mc
1526 4937 1555 4989 in
1565 4937 1800 5010 formuhominia,

93 5025 216 5083 ioman
239 5027 312 5083 servi
332 5024 460 5082 Christus
484 5027 513 5080 in
535 5026 704 5080 exaltatione
723 5026 865 5097 deposuit,
885 5026 934 5080 hu·
963 5025 1013 5095 qui
1035 5040 1064 5078 es
1082 5026 1164 5077 Deus
1187 5024 1217 5077 in
1241 5023 1378 5092 aripennis.
1400 5020 1528 5078 .Chemn.
1551 5021 1586 5076 de
1611 5021 1721 5078 duabus
1742 5031 1799 5080 nat.

92 5128 209 5170 suanm
225 5130 292 5170 vero
315 5121 442 5170 naturam
461 5129 518 5168 non
537 5113 674 5184 deposuit.
710 5112 772 5167 Hoc
790 5128 935 5184 argumcn·
963 5129 990 5182 p.
1012 5115 1076 5166 352:
1103 5109 1276 5180 appellatur
1296 5105 1407 5181 μορφή,
1432 5110 1546 5178 wando
1568 5116 1673 5162 natura
1695 5126 1744 5164 eeu
1761 5127 1801 5164 es·

92 5194 172 5256 tuns¹
196 5214 294 5273 presse
330 5206 412 5273 urget
442 5198 468 5254 b.
499 5198 638 5254 Lutherus
671 5198 699 5253 in
731 5198 807 5253 Post.
840 5198 935 5253 eccles.
962 5198 1052 5251 sernia
1072 5195 1232 5266 aliquisita
1251 5196 1454 5263 inundantur,
1473 5197 1546 5248 sicut
1564 5195 1800 5251 idiomatisattri·

95 5292 122 5345 4.
141 5285 290 5359 Ejusmodi
307 5284 353 5341 hic
373 5285 541 5357 intelligitur
559 5285 649 5340 forma
662 5284 725 5355 Dei,
746 5300 817 5356 quae
835 5284 870 5339 ab
889 5284 936 5340 ho·
963 5284 1035 5338 batis
1053 5289 1078 5336 et
1098 5282 1304 5336 conditionibus
1322 5279 1367 5334 ael
1385 5280 1489 5335 diuinis
1509 5282 1553 5335 oei
1568 5282 1696 5336 hamonis
1713 5274 1800 5353 prae-

91 5371 218 5429 minibns
242 5377 353 5445 peterat
373 5371 510 5444 conspici,
536 5372 621 5427 etde
646 5388 701 5442 qua
717 5371 780 5426 ioh.
802 5378 827 5435 1,
847 5388 874 5428 v.
896 5377 936 5428 lt.
963 5371 1038 5440 dito,
1068 5376 1094 5423 et
1120 5370 1234 5438 qnando
1257 5368 1359 5421 vestita
1381 5375 1465 5436 atque
1488 5376 1590 5422 ornata
1614 5377 1665 5427 est.
1698 5368 1801 5425 Sensus

91 5458 216 5515 dieitur:
243 5460 374 5514 Vidimus
401 5459 525 5529 pieriam
553 5459 622 5528 ejus.
667 5458 794 5529 Apparet
821 5457 873 5510 hoc
904 5474 936 5512 ex
963 5457 1048 5528 igitur
1066 5461 1115 5525 est,
1137 5454 1211 5526 quod
1230 5452 1355 5509 Christus
1370 5454 1429 5524 jam
1448 5453 1513 5508 iude
1536 5454 1658 5525 aprime
1675 5454 1800 5513 incarne·

90 5562 193 5617 scope,
217 5545 286 5620 quis
302 5546 408 5601 Paulus
433 5546 559 5617 exemplo
579 5544 682 5600 Christi
702 5544 738 5599 ad
755 5543 936 5599 humilitatam
962 5544 1045 5598 tionis
1062 5547 1199 5596 momento
1218 5541 1339 5595 divmam
1357 5540 1488 5613 gloriam,
1509 5542 1683 5614 majestatem
1701 5551 1729 5598 et
1747 5544 1801 5598 vir-
