3968 6024
223 251 284 317 '182
923 245 1047 303 Locus
1063 244 1206 302 PRIMUS

227 404 347 459 Veritati
363 419 442 456 nnnc
451 401 648 472 praescribere
662 407 762 469 potest,
782 417 836 454 non
853 399 976 468 spatium
995 405 1058 452 tem
1086 413 1203 467 quorum
1237 399 1375 469 quaedam
1409 398 1629 453 nominavimus?
1677 406 1701 455 4.
1738 399 1926 455 Βιιιιιιιιιιιιιι

219 508 338 562 porum,
369 505 424 541 non
444 486 609 556 patrocinia
634 503 834 555 personarum,
866 503 921 538 non
946 486 1061 554 privile·
1086 481 1134 536 lib.
1161 489 1185 538 4.
1211 483 1246 539 de
1272 483 1357 537 verho
1375 482 1429 537 Dei
1448 501 1471 537 c.
1491 490 1513 538 2.
1534 484 1671 554 disputat,
1692 485 1863 538 traditiones
1879 502 1924 538 oo

224 577 300 646 pium
325 574 456 627 mamm.
498 573 545 624 Er
569 571 612 623 liis
635 570 708 623 enim
732 573 794 633 fere
817 572 985 624 consuetudo
1008 571 1060 623 ini·
1086 569 1151 620 cari
1175 569 1333 622 doctrinam
1359 586 1416 622 non
1438 569 1585 639 scriptam,
1613 587 1669 623 non
1694 571 1771 640 quod
1787 587 1925 640 ιιιριιιι

224 662 293 716 tium
317 661 353 713 ab
380 659 479 728 aliqua
504 658 668 726 ipnorantia
692 658 736 710 cel
758 658 937 727 simplicitate
960 658 1061 710 sertim
1085 653 1208 723 scriptae
1232 655 1304 722 sint,
1329 655 1382 707 sed
1403 656 1480 722 qssod
1502 672 1558 708 non
1574 655 1629 708 sint
1647 657 1770 725 scriptae
1791 674 1811 709 a
1830 657 1922 726 primo

225 748 256 801 in
277 764 358 800 mum
376 761 432 814 per
457 745 654 797 mccmsionem
681 746 880 797 corroboratur
902 743 991 796 etita
1009 744 1060 795 ad·
1087 746 1207 792 anemae.
1244 739 1325 806 Quod
1350 740 1374 794 si
1397 737 1484 811 igitur
1507 740 1647 810 majestati
1671 757 1704 794 ao
1723 741 1856 812 dignitati
1872 748 1923 797 tre

223 849 319 886 uersus
344 831 486 884 veritatem
512 830 691 898 vendicatae,
725 832 777 882 scd
803 831 942 883 Dominus
969 835 1061 881 noster
1087 823 1223 878 ditionum
1240 825 1309 879 nihil
1329 825 1451 893 decedit,
1470 826 1495 879 si
1512 825 1669 881 seribmtur
1685 841 1736 897 per
1754 826 1855 895 alium,
1873 828 1923 883 uti·

162 949 176 969 .
226 918 353 974 Cicutae
377 917 521 969 ueritatem
537 933 581 978 se,
609 934 664 969 non
683 917 902 969 consuetudinem
923 915 1060 983 copnomi-
1087 925 1141 980 que
1165 910 1247 964 etiam
1265 909 1334 964 nihil
1352 910 1463 965 decedit
1479 911 1673 982 mysteriorum
1692 911 1839 983 dignitati,
1864 913 1921 968 ιιι

223 1005 309 1058 nouit.
358 1006 381 1056 3.
413 1002 547 1056 Homines
577 1018 632 1055 non
658 1005 809 1071 potuerunt
834 1001 927 1055 omnia
951 999 1060 1072 legibus
1086 995 1175 1065 primo
1198 1001 1311 1051 auctore
1334 996 1499 1053 scribantur.
1535 1003 1559 1050 5.
1583 995 1715 1067 Dignitas
1731 997 1924 1068 mysteriorum

222 1088 370 1158 complecti
396 1093 424 1142 et
451 1087 560 1141 futuros
588 1103 669 1140 casus
697 1085 873 1156 praevidere,
901 1085 950 1140 sed
975 1085 1060 1153 Deus,
1088 1079 1242 1135 divinorum
1265 1081 1358 1151 potius
1384 1081 1414 1135 in
1440 1080 1662 1136 manifestatione
1686 1099 1770 1154 quam
1786 1083 1818 1138 ιιι
1835 1084 1924 1139 occul·

224 1173 273 1245 qui
295 1179 338 1228 eat
357 1174 418 1244 ipsa
436 1172 584 1243 sapientia,
612 1171 738 1226 omnibus
756 1169 909 1240 erroribus,
934 1170 1061 1225 omnibus
1086 1166 1193 1220 tatione
1210 1166 1351 1234 consistit,
1371 1166 1439 1221 haec
1459 1167 1531 1221 enim
1551 1183 1658 1221 summa
1676 1166 1737 1221 lam
1756 1174 1801 1224 est
1817 1168 1924 1225 divinae

225 1259 392 1327 defectibus,
421 1257 548 1313 omnibus
573 1256 665 1311 dubiis
691 1256 719 1310 in
744 1256 829 1312 verbo
852 1275 902 1311 suo
919 1272 1061 1310 occanere
1088 1250 1228 1320 bonitatis,
1248 1253 1324 1323 qnod
1341 1252 1418 1307 Deus
1436 1269 1470 1306 er
1487 1269 1590 1306 arcana
1607 1253 1761 1323 majestatis
1781 1254 1849 1308 sede
1864 1271 1924 1325 pro

225 1349 253 1400 et
276 1344 365 1399 voluit
388 1351 416 1398 et
440 1343 538 1413 potuit.
575 1349 598 1398 4,
624 1341 658 1395 In
682 1342 765 1397 rebus
789 1341 910 1412 politicis
935 1341 1061 1397 relictum
1088 1335 1166 1390 diens
1192 1335 1350 1392 hominibus
1367 1355 1427 1393 sese
1445 1337 1635 1393 manifestavit
1652 1342 1680 1392 et
1698 1337 1727 1392 ιιι
1748 1338 1836 1394 verbo
1854 1340 1925 1394 salu-

225 1429 365 1501 quoddam
385 1429 478 1484 lumen
495 1428 618 1496 rationis,
638 1429 687 1483 sed
706 1427 735 1482 in
754 1427 819 1482 fidei
836 1427 974 1499 mysteriis
991 1427 1061 1481 illud
1087 1427 1175 1476 mrem
1202 1422 1245 1477 sui
1277 1423 1464 1495 cognitionem
1490 1422 1595 1494 absque
1620 1423 1678 1478 nlla
1699 1429 1925 1497 ’προςωποιηψιι

224 1517 316 1571 locum
342 1531 396 1569 non
420 1514 513 1568 habet
555 1520 579 1566 5.
607 1512 791 1568 Bellarminus
817 1512 901 1581 dicit,
929 1520 1065 1566 naturam
1088 1507 1215 1562 omnibus
1234 1508 1369 1579 impertiri
1385 1509 1480 1564 voluit.
1518 1515 1542 1564 6.
1563 1510 1644 1575 Quod
1661 1508 1789 1565 Christus
1807 1513 1924 1567 seorsim

225 1603 317 1672 ipsam
343 1602 480 1666 clamore,
511 1600 680 1652 traditiones
709 1615 767 1652 esse
796 1598 980 1666 necessarias,
1013 1597 1062 1652 sed
1089 1593 1217 1664 exposuit
1240 1594 1403 1666 parabolas,
1428 1593 1534 1649 factum
1557 1601 1599 1651 est
1621 1601 1735 1667 propter
1751 1594 1926 1653 fastidiam

223 1685 413 1743 testimonium
456 1690 572 1739 naturae
608 1682 636 1737 in
673 1683 845 1738 naturalibus
884 1682 1062 1752 audiendum,
1089 1679 1259 1750 reliquorum
1276 1686 1480 1751 contemptum,
1501 1680 1549 1751 qui
1567 1680 1664 1735 audita
1680 1681 1819 1752 parabola
1833 1683 1925 1738 rtatim

225 1790 281 1828 non
328 1773 356 1826 ιιι
400 1769 501 1824 divinis
545 1785 630 1839 supra
672 1774 788 1824 naturae
831 1767 1062 1840 hemisphaerium
1089 1765 1284 1830 discedebant,
1310 1782 1363 1821 nec
1384 1766 1639 1837 interpretationem
1662 1766 1809 1823 achristo
1833 1786 1926 1841 exspe·

225 1858 332 1931 positis.
1089 1850 1214 1919 ciebant,
1240 1851 1344 1906 nedum
1367 1853 1506 1922 petebant
1542 1852 1702 1909 Notandum
1719 1859 1814 1909 autem
1832 1862 1927 1910 ιοιιιιι

100 1950 169 1995 aas
217 1981 221 1985 =
264 1950 322 2000 412.
342 1941 437 1997 Tertia
454 1939 525 1995 ratio
540 1940 631 2008 petita
648 1947 687 1993 est
704 1956 737 1992 ec
754 1940 892 2007 dipnitute
909 1939 1064 1992 catholicae
1088 1935 1263 2006 Pontificios,
1295 1955 1351 1992 non
1377 1937 1450 1992 solos
1477 1938 1617 2007 apostolos
1643 1938 1729 1994 fuisse
1757 1949 1926 2012 praesentas,

100 2003 213 2095 iiiiffli
226 2030 366 2085 melenae.
405 2028 439 2079 Ut
462 2027 530 2080 olim
547 2025 658 2078 ludaei
680 2026 849 2078 eccellebant
872 2025 996 2078 omnibus
1013 2043 1062 2078 na·
1089 2038 1152 2075 oum
1165 2020 1290 2077 Christus
1307 2022 1454 2093 parabolas
1474 2023 1631 2095 explicaret,
1649 2024 1698 2080 sed
1717 2032 1746 2079 et
1764 2024 1835 2080 alios
1847 2044 1926 2098 quoe

101 2106 198 2196 mm·
226 2115 360 2182 tionibus,
388 2112 456 2182 qnia
480 2109 553 2179 ipsis
575 2111 736 2164 concredito
760 2118 841 2163 eram
866 2110 979 2180 eloquia
1006 2110 1065 2164 Dei
1088 2107 1152 2161 dam
1171 2125 1205 2163 er
1222 2108 1380 2179 promiscua
1397 2108 1480 2180 plebe
1492 2108 1578 2163 Marc.
1596 2116 1625 2175 4,
1644 2128 1671 2166 r.
1693 2115 1738 2166 16:
1769 2110 1840 2166 &sm
1857 2121 1924 2166 esset

143 2184 148 2195 ⁸
227 2201 306 2255 Rom
325 2205 354 2267 3,
380 2216 406 2252 v.
426 2204 450 2254 2.
473 2197 514 2250 sic
538 2205 669 2266 praestat
692 2196 810 2250 ecclmia
832 2196 956 2249 omnibus
973 2197 1063 2264 semis,
1089 2192 1246 2267 καταμόνας
1266 2195 1475 2263 interropalant
1493 2212 1553 2247 cum
1571 2197 1600 2247 ot
1616 2198 1679 2268 aspi
1700 2195 1786 2251 arisit
1805 2196 1858 2250 cir
1872 2205 1924 2258 τοῖς

227 2286 304 2355 qnod
320 2286 384 2354 ipsa
403 2284 475 2345 sola,
492 2290 587 2352 utpote
602 2281 709 2335 Christi
723 2298 836 2351 mansu,
855 2282 1063 2335 noveritomnia
1088 2277 1204 2334 tarsus
1243 2286 1266 2334 1.
1294 2276 1446 2350 Apostolus
1474 2285 1496 2335 1.
1518 2278 1581 2338 Cor.
1601 2285 1631 2350 2,
1657 2298 1681 2334 v.
1704 2287 1720 2336 6
1745 2281 1870 2353 loquitur
1892 2283 1925 2338 de

226 2370 373 2439 relipionis
391 2369 526 2438 mysteria
547 2375 573 2421 et
591 2368 705 2421 conscia
721 2367 759 2420 eit
776 2374 943 2421 secretorum
958 2368 1062 2436 sponsi.
1089 2363 1216 2420 doctrina
1250 2365 1401 2435 evangelii,
1434 2369 1468 2419 ut
1484 2367 1603 2420 'constat
1632 2383 1665 2422 ex
1692 2372 1753 2421 tota
1783 2374 1926 2424 contextus

227 2457 266 2510 At
290 2459 318 2510 si
339 2456 433 2510 omnia
457 2461 548 2509 essent
569 2455 676 2523 scripta
700 2459 726 2506 et
751 2453 863 2522 qnidam
880 2453 1063 2522 apertissime,
1089 2450 1167 2506 serie.
1202 2450 1246 2505 Ea
1267 2468 1333 2506 vero
1354 2468 1409 2505 non
1434 2456 1477 2505 ιιι
1500 2450 1612 2506 traditio
1630 2452 1768 2523 quaedam
1790 2450 1926 2526 ἄγραφος,

225 2542 344 2596 nullum·
362 2549 432 2596 esset
457 2539 639 2610 privilepium
667 2539 814 2606 ecclesiae,
848 2540 900 2591 sed
924 2539 1063 2608 haeretiei,
1090 2535 1138 2591 sed
1166 2536 1292 2591 doctrina
1318 2535 1347 2590 in
1367 2535 1516 2607 Scripturis
1538 2536 1623 2590 sacris
1647 2538 1793 2609 proposita
1819 2545 1841 2594 1.
1865 2539 1925 2596 Gor.

221 2628 336 2697 poponi
361 2634 386 2679 et
410 2625 512 2679 ethnici
534 2624 607 2678 nihii
630 2624 721 2677 minsis
742 2623 845 2677 scirent
866 2626 902 2677 ds
925 2624 1064 2692 mysteriis
1093 2628 1131 2690 16,
1149 2640 1175 2675 v.
1194 2627 1218 2677 2.

222 2714 307 2783 fidei,
338 2729 421 2781 quam
443 2711 507 2778 apsa
532 2710 657 2763 molesia.
692 2709 776 2780 Resp.
805 2715 826 2764 l.
846 2709 980 2764 Israelitis
999 2727 1062 2765 con-

226 2797 335 2852 credita
354 2796 486 2850 dicuntur
507 2794 618 2864 eloquia
639 2795 698 2848 Dei
715 2799 828 2865 propter
846 2793 1003 2866 Scripturas
1021 2812 1062 2850 sa·

226 2899 288 2938 cras
307 2881 375 2954 ipsis
393 2880 568 2937 concreditas
584 2879 668 2934 Deut.
688 2886 712 2946 t,
728 2898 754 2936 v.
775 2885 798 2936 6.
815 2879 891 2935 Psal.
907 2886 962 2949 146,
980 2899 1007 2939 v.
1023 2888 1061 2938 16.
1404 2897 1612 2906 “—

226 2969 266 3025 ibi
284 2967 358 3023 enim
375 2983 528 3022 sermonem
547 2981 608 3020 esse
627 2966 661 3021 de
679 2965 783 3036 scripta
799 2965 874 3037 lege,
900 2974 1009 3022 constat
1028 2984 1062 3022 ex

226 3074 250 3113 c.
270 3061 310 3111 m.
332 3053 419 3109 Exod.
436 3070 463 3108 r.
483 3057 507 3106 3.
543 3058 567 3109 2.
587 3051 768 3124 Privilegium
785 3053 919 3107 ecclesiae
938 3053 1064 3108 consistit
1589 3069 1593 3078 ·

224 3157 281 3195 non
299 3137 544 3195 inconservatione
560 3136 749 3202 traditionum,
769 3137 817 3193 sed
838 3137 982 3193 doctrinae
1002 3155 1062 3193 coe·
1365 3110 1462 3170 ΗΡ
1476 3112 1540 3171 ΠΤ
1570 3112 1644 3174 xx·

223 3226 355 3282 ιιιιιιι
328 3226 333 3238 ·
378 3225 489 3295 seusa
511 3223 681 3296 ιιοιιιιιιιι
701 3229 729 3279 et
746 3223 879 3295 apostola
896 3223 1061 3295 ιιοιοιιιιι.
1140 3234 1199 3299 nn
1223 3231 1492 3298 semiannus
1516 3234 1870 3306 Ριιιιιιιιιιιι

224 3328 297 3384 quae
319 3310 471 3383 gentiles
463 3328 493 3364 ιιι
511 3310 684 3379 universum,
711 3308 814 3364 ludaei
835 3326 868 3364 ax
885 3317 964 3381 parte
981 3327 1060 3381 repu-

224 3397 310 3467 diant,
327 3397 459 3452 haeretici
476 3396 631 3466 depravant
648 3400 676 3450 et
694 3402 881 3466 corrumpunt.
911 3401 936 3451 3.
955 3395 1060 3451 Distin·
1121 3406 1178 3457 414.
1204 3399 1331 3455 Diximus
1356 3398 1531 3475 superius§.
1551 3406 1609 3456 366.
1629 3418 1660 3455 aa
1678 3420 1768 3457 cansa
1786 3406 1975 3483 efficientem
1934 3389 1980 3438 ⁸⁶¹⁴*

223 3485 365 3580 guendum
384 3483 456 3537 inter
475 3483 604 3536 notitiam
625 3482 723 3534 literae
743 3490 769 3534 et
789 3481 928 3551 Spiritus,
952 3483 1001 3537 illa
1019 3489 1061 3538 cst
1086 3494 1112 3540 et
1135 3487 1194 3556 fine
1225 3485 1384 3558 Scripturas
1414 3501 1509 3541 sacrae
1539 3485 1674 3542 resultare
1704 3488 1831 3558 ejusdem
1857 3503 1980 3584 per-1³2·

192 3570 196 3573 ’
223 3568 375 3626 communis
392 3568 446 3638 piis
466 3574 494 3622 et
514 3567 613 3638 impiis,
632 3567 702 3622 haec
720 3582 786 3621 vero
804 3566 869 3621 solis
887 3567 941 3638 piis
960 3568 1058 3623 Matth.
1078 3573 1233 3640 fertonem
1259 3580 1285 3625 et
1302 3571 1540 3641 perspicuitatem
1585 3571 1628 3627 De
1649 3575 1830 3641 perfectione
1852 3575 1922 3633 Scri·
1934 3553 1980 3638 ιι..

226 3660 314 3721 16,v
314 3659 387 3709 .1’1.
417 3659 438 3708 1.
462 3652 524 3708 Cor.
546 3658 575 3721 2,
600 3671 625 3706 v
653 3658 691 3708 14.
714 3659 766 3707 etc
804 3659 827 3708 4.
856 3651 969 3708 Summa
991 3654 1058 3711 haec
1084 3664 1184 3729 pturae
1206 3658 1311 3712 dictum
1332 3656 1387 3711 suit
1408 3656 1555 3720 hactenus,
1579 3658 1616 3712 ιιι
1629 3659 1833 3728 perspicuitate
1851 3663 1922 3732 ejus·

224 3739 357 3794 ecclesiae
380 3739 440 3793 laus
464 3744 517 3806 est,
545 3737 620 3809 quod
645 3736 711 3792 tidei
735 3739 868 3808 mysteria
890 3745 918 3794 et
942 3738 1058 3794 formam
1084 3745 1147 3798 dem
1174 3743 1323 3798 dicendum
1349 3758 1431 3812 porro
1449 3750 1543 3797 restat.
1578 3744 1764 3815 Perspicuum·
1777 3763 1838 3802 esse
1852 3747 1924 3804 Scri·

223 3825 310 3880 divini
335 3822 428 3879 cultus
454 3841 510 3879 non
535 3822 621 3878 habet
647 3829 779 3894 tanquam
804 3840 883 3878 sacra
908 3824 1058 3895 Eleusinia,
1084 3835 1194 3900 pturam
1211 3836 1322 3885 noemae
1342 3829 1473 3884 ecclesiae
1488 3829 1611 3884 unanimi
1624 3847 1761 3886 consensu
1774 3831 1923 3903 affirmant,

222 3910 297 3967 sed
290 3927 317 3964 ιιι
329 3909 441 3980 publico
460 3908 587 3965 omnibus
604 3909 734 3979 proponit
751 3909 797 3963 ad
803 3910 943 3964 salutem
936 3927 1057 3980 ipsorum
1083 3915 1271 3971 Romanenses
1288 3931 1354 3970 reto
1371 3921 1482 3986 negant.
1510 3914 1551 3971 Ut
1569 3922 1662 3971 autem
1681 3918 1854 3987 quaestionis
1868 3927 1923 3976 sta·

221 3995 446 4067 promovendam.
489 3993 559 4050 Tob.
587 3999 632 4063 12,
661 4012 686 4048 v
715 4000 759 4050 11:
790 3996 957 4062 Mystcrium
983 3999 1057 4065 repis
1083 4007 1128 4055 tus
1159 4000 1196 4053 sit
1223 3998 1364 4069 illustrior,
1397 3999 1601 4055 observandam
1630 4007 1688 4070 est,
1725 4007 1746 4056 1.
1777 4019 1834 4058 non
1863 4021 1923 4062 ιιιι

223 4083 394 4137 abscondere
423 4082 537 4149 bonum,
566 4088 597 4133 ot
621 4097 709 4150 opera
736 4069 795 4134 Dei
819 4081 944 4135 revelare
973 4082 1057 4137 hono
1084 4085 1288 4182 quaestionem,
1312 4101 1348 4138 an
1373 4084 1537 4157 quaedam
1529 4103 1558 4139 ιιι
1576 4042 1725 4156 Βιιιριιιιιι
1744 4088 1803 4143 sint
1821 4090 1920 4147 obscu-

221 4169 339 4238 rificum
1084 4169 1141 4225 rius
1167 4170 1245 4225 diota
1262 4176 1292 4225 et
1308 4171 1452 4225 intellectu
1472 4168 1641 4238 difficiliora,
1669 4173 1718 4227 sed
1736 4189 1773 4228 an
1790 4174 1923 4246 dogmata

96 4269 116 4311 t
131 4270 165 4309 ι
258 4258 316 4310 eta.
340 4253 445 4319 Quarta
461 4251 532 4307 ratio
549 4255 639 4321 petita
655 4256 697 4305 est
713 4266 746 4303 ea
762 4250 899 4318 dipnitate
915 4255 1057 4320 mysterio·
1084 4256 1163 4326 fidei,
1189 4272 1307 4327 quorum
1329 4257 1429 4311 notitia
1452 4257 1579 4312 omnibus
1603 4257 1641 4312 ad
1660 4258 1778 4313 salutem
1796 4277 1921 4317 necessa

95 4321 206 4422 ξιξξέξω
220 4358 282 4394 rum
308 4339 476 4393 divinorum.
513 4337 655 4406 Mpsteria
679 4337 824 4406 requinsnt
846 4337 985 4392 silentium
1008 4357 1058 4395 nec
1083 4343 1125 4397 ria
1156 4345 1210 4406 est,
1239 4343 1388 4414 perspicue
1416 4343 1444 4396 in
1477 4358 1511 4397 ea
1539 4343 1596 4398 sint
1624 4344 1774 4413 proposita.
1821 4343 1921 4402 Christ

95 4426 186 4516 mue
221 4427 312 4493 decet,
337 4425 415 4477 utin
435 4424 604 4492 Scripturis,
633 4439 704 4491 quoe
733 4422 786 4475 toti
800 4425 904 4476 mundo
922 4424 1057 4495 lepuntnr,
1083 4428 1218 4499 Agricola
1234 4427 1350 4481 inAnti·
1352 4427 1452 4482 Pistor.
1471 4434 1589 4499 quatuor
1609 4429 1711 4483 classes
1730 4429 1869 4486 dictorum
1883 4432 1921 4487 di·

95 4538 151 4568 rum
220 4511 399 4582 euplicentur
440 4509 516 4562 Hinc
539 4508 681 4561 Dominus
702 4509 820 4561 seorsim
845 4509 1029 4579 descipulis
1016 4529 1058 4564 rn-
1083 4511 1209 4566 vinorum
1228 4512 1378 4571 constituit.
1413 4513 1557 4578 Quaedam
1574 4519 1657 4568 vocat
1675 4515 1901 4582 elementaria,
1891 4535 1920 4572 ιι

222 4596 428 4666 terpretabatur
453 4594 614 4663 parabolas
642 4591 710 4647 Luc.
737 4598 760 4649 6.
791 4602 815 4648 et
842 4597 985 4664 apostolus
1016 4597 1057 4649 ait
1085 4598 1186 4670 quibus
1205 4615 1311 4652 summa
1328 4604 1356 4654 ct
1369 4599 1526 4653 necessaria
1541 4599 1682 4672 religionis
1699 4607 1811 4657 nostrae
1828 4603 1921 4674 capita

168 4673 174 4687 “
224 4689 246 4738 1.
278 4681 342 4736 Cor.
373 4685 402 4735 2:
436 4679 611 4748 Sapientiam
643 4678 783 4747 loquimur
811 4680 883 4732 inter
907 4683 1057 4750 perfectos.
1082 4683 1174 4738 verbis
1202 4683 1283 4738 claris
1309 4690 1337 4739 et
1362 4684 1516 4755 perspicuis
1542 4693 1748 4755 proponuntur,
1781 4689 1919 4759 quaedam

119 4791 148 4831 ιι
161 4787 207 4830 ιιι.
221 4767 306 4837 Reep.
326 4771 348 4821 1.
365 4770 559 4836 argumentum
577 4763 694 4834 petitum
712 4769 803 4818 estex
821 4763 916 4820 schola
933 4772 1057 4822 ιθιιιιιιιι
1082 4770 1214 4823 sublimia
1225 4808 1240 4833 ,ι
1263 4768 1400 4840 quaedam
1419 4770 1548 4837 mystica,
1581 4770 1718 4840 quaedam
1737 4775 1919 4828 onomastica.

221 4851 436 4918 haereticorum,
467 4855 500 4905 nt
526 4854 634 4904 constat
660 4865 693 4903 er
718 4849 832 4905 Irenaeo
857 4850 905 4906 lib.
932 4857 955 4906 3.
982 4869 1004 4906 o.
1031 4858 1055 4909 2.
1084 4859 1108 4910 2.
1133 4855 1197 4909 Non
1217 4853 1328 4908 excludi
1353 4870 1370 4908 a
1395 4854 1474 4910 nobis
1498 4872 1548 4926 per
1569 4855 1746 4911 ιιιιιιιοιιιιιι
1767 4858 1920 4930 perspicui-

222 4944 245 4993 2.
265 4936 461 5009 Mysteriorum
481 4935 637 4990 divinorum
654 4935 794 5004 majestati
813 4952 863 5004 per
880 4937 1056 5008 scriptionem
1082 4941 1147 4994 tatis
1169 4941 1246 5011 pium
1269 4939 1392 4995 studium
1414 4941 1444 4995 in
1467 4941 1586 4996 lectione
1607 4946 1636 4996 et
1652 4942 1833 5000 meditatione
1850 4945 1920 5003 Suri·

222 5023 289 5078 nihil
306 5021 424 5089 decedit,
445 5022 514 5076 alias
534 5039 641 5076 summa
659 5020 709 5075 illa
727 5018 901 5077 Christianae
918 5023 1057 5095 religionis
1083 5031 1181 5094 pturae
1209 5025 1410 5097 adhibendum,
1440 5043 1492 5082 nec
1514 5027 1684 5082 adminicula
1706 5028 1742 5082 ad
1761 5027 1920 5101 Scripturas

222 5107 354 5178 mysteria
383 5107 418 5162 de
445 5107 596 5174 Trinitate,
628 5108 663 5162 de
695 5106 884 5163 incarnatione
912 5109 991 5178 Filii,
1022 5110 1057 5164 de
1082 5112 1337 5182 interpretationem
1364 5113 1527 5169 necessaria.
1569 5118 1594 5169 3.
1619 5112 1685 5168 Alia
1709 5112 1772 5168 aliis
1795 5115 1825 5170 in
1850 5117 1919 5173 Scri·

221 5210 303 5265 opere
321 5193 506 5258 redemtionis,
526 5200 578 5249 eto.
605 5192 682 5247 Deus
699 5209 754 5248 non
774 5200 898 5248 curasset
915 5195 944 5248 in
963 5195 1056 5250 literas
1083 5203 1165 5267 ptura
1185 5211 1245 5252 esse
1272 5197 1402 5266 clariora,
1429 5205 1457 5253 et
1482 5215 1553 5269 quae
1578 5200 1607 5253 in
1630 5215 1686 5253 uno
1708 5199 1771 5255 loco
1789 5200 1920 5258 dicuntur

220 5276 318 5348 redigi.
359 5284 383 5332 3.
408 5279 512 5350 Ecquis
536 5295 600 5333 vero
623 5279 760 5334 somniare
784 5279 885 5350 poterit
909 5280 937 5335 in
962 5281 1056 5334 Ponti·
1083 5281 1242 5351 obscurius,
1268 5282 1336 5337 alibi
1360 5281 1491 5354 explicari
1517 5281 1698 5338 manifestius.
1739 5291 1763 5340 4.
1789 5285 1870 5351 Quae
1891 5287 1920 5342 in

220 5362 291 5418 ficiis
324 5362 520 5419 ιιιιιιιιοιιιιιιι
555 5362 714 5418 sublimiora
748 5366 881 5422 contineri
915 5366 1057 5436 mysteria,
1084 5366 1235 5438 Scriptun‘s
1251 5368 1380 5439 nuspiam
1397 5368 1499 5423 diserte
1518 5376 1546 5422 et
1564 5369 1710 5440 perspicue
1729 5372 1856 5442 exposita
1872 5374 1921 5430 ha-

221 5463 305 5521 qnam
322 5454 386 5503 sunt
401 5465 442 5519 aa,
461 5465 533 5519 quae
550 5448 579 5502 in
593 5447 742 5518 Scripturis
760 5450 841 5505 nobis
857 5456 1055 5521 proponuntur,
1085 5447 1199 5523 henan,
1218 5470 1312 5512 eorum
1329 5454 1516 5526 cognitionem
1533 5469 1589 5508 non
1607 5470 1667 5513 esse
1683 5455 1720 5510 ad
1736 5455 1856 5514 salutem
1872 5457 1921 5515 ab·
