3984 6022
600 267 653 338 DE
672 268 846 327 PERSONA
864 269 913 325 ET
932 266 1083 325 OFFICIO
1103 267 1263 356 CHRISTI.
1727 277 1787 336 705

93 422 281 493 responsionis
300 423 427 481 membris
449 426 494 481 hic
518 427 555 481 ad
572 412 703 498 majorem
730 428 928 498 respondemus
957 425 1204 480 communicatione
1221 426 1417 495 hypostaseos,
1435 425 1541 494 sufficit
1558 427 1720 480 sunemotio
1739 426 1787 479 hu·
1800 439 1839 480 111.
1852 435 1898 482 stt

94 525 145 579 per
174 510 344 566 instantiam.
379 511 481 568 Anima
506 513 638 568 divinitus
664 512 767 570 homini
795 514 929 584 inspirata
955 529 1055 565 manoe
1071 520 1190 565 naturae
1208 513 1383 580 hypostatica
1392 530 1441 566 seu
1448 514 1618 583 personalis,
1631 520 1690 582 per'
1703 530 1786 581 quam

94 597 257 665 supervenit
282 598 339 652 enti
358 597 386 651 in
404 605 468 652 actu
490 584 632 655 exsistenti
648 599 719 656 Gen.
738 606 767 670 2,
785 619 809 653 v.
829 608 857 668 7,
877 617 928 656 nec
954 597 1103 657 ὑπόστασις
1121 601 1168 652 νοῦ
1180 597 1279 667 Λόγου
1298 600 1334 651 sit
1346 598 1439 667 h0m03
1457 617 1484 669 p.
1500 604 1557 653 260.
1571 601 1667 653 261.itit
1690 598 1782 655 Utun-

95 688 191 737 tamen
211 684 270 752 ejus
288 683 416 739 accidens
433 687 478 742 vel
496 687 658 757 adjunctum
676 688 731 742 dici
751 694 850 758 potest.
882 688 928 740 Li·
953 692 998 739 tur
1018 703 1083 740 vero
1111 691 1207 740 contra
1230 685 1412 756 hypostaseos
1436 684 1710 757 communicationem
1735 686 1784 741 tali

97 768 222 824 mitanda
239 769 325 841 igitur
342 773 437 841 major.
463 773 601 844 Quicquid
619 790 652 828 eo
669 774 751 828 modo
770 774 928 844 supervenit
954 778 1125 843 argumento.
1163 772 1346 826 &absistentia
1369 791 1424 826 non
1443 772 1538 841 differt
1554 773 1671 825 realiter
1689 772 1725 825 ab
1743 789 1785 825 es·

95 854 152 910 enti
170 855 199 908 in
220 863 284 910 actu
309 857 467 927 exsistenti,
493 865 525 913 ut
547 877 603 915 non
632 861 782 914 constituat
806 878 869 917 cum
894 878 927 916 co
953 861 1051 912 sentia.
1098 859 1132 912 Si
1153 876 1219 926 eryo
1245 859 1356 928 infinita
1380 857 1479 927 Λόγου
1506 858 1683 911 subsistentia
1708 860 1790 912 carni

94 958 180 995 unum
198 941 439 1013 hyphistamenon,
457 950 499 999 est
511 946 572 1015 ejus
589 944 730 1015 iccidens;
750 952 773 1002 2.
792 946 928 1003 definiunt
954 947 1164 1014 communicata,
1183 946 1277 1014 etipse
1293 945 1375 998 etiam
1393 946 1502 998 ratione
1514 945 1649 998 essentiae
1661 945 1714 998 erit
1726 947 1788 1014 infi-

94 1045 145 1098 per
161 1028 263 1082 nudam
282 1031 508 1086 sustentationem
530 1039 557 1087 et
578 1033 759 1104 gestationem
784 1034 874 1088 carnis
898 1034 927 1088 in
953 1032 1021 1084 nita.
1047 1030 1269 1102 Respondemus:
1282 1029 1787 1101 valethocdesubsistcntiapersonali
1871 1037 1876 1046 “

94 1114 192 1186 Λόγου
208 1115 368 1171 ὑποστάσει.
403 1118 478 1172 Besa
502 1117 530 1172 in
553 1120 615 1174 coll.
639 1120 787 1191 Mompelg.
814 1138 840 1190 p.
862 1126 926 1175 245:
954 1118 1080 1189 propria,
1101 1134 1157 1172 non
1178 1118 1213 1172 de
1232 1117 1411 1172 subsistentia
1428 1116 1567 1186 personali
1586 1116 1622 1171 ab
1643 1117 1698 1171 alio
1716 1134 1787 1172 com·

94 1202 156 1254 Nos
176 1203 309 1272 dicimus,
335 1206 413 1274 qaod
436 1205 596 1258 humanitas
621 1224 640 1259 a
658 1204 742 1275 Λόγῳ
761 1214 866 1260 tantiam
883 1224 927 1258 su·
955 1205 1103 1259 municata
1131 1203 1318 1261 subsistentia
1329 1203 1489 1274 personalis,
1508 1219 1563 1274 qua
1581 1220 1645 1257 caro
1659 1203 1688 1257 in
1701 1203 1788 1274 Λόγῳ

93 1289 285 1342 sternationcm
314 1291 443 1360 accipin.
496 1290 611 1361 Martyr.
643 1291 670 1345 in
703 1292 776 1346 Dial.
807 1292 855 1346 fol.
887 1299 926 1347 16.
954 1291 1087 1360 subsistit,
1106 1307 1161 1344 non
1180 1296 1222 1345 cst
1243 1290 1296 1360 ipsi
1309 1290 1428 1361 propria,
1448 1290 1497 1344 sed
1515 1291 1651 1344 duntaxat
1668 1307 1787 1344 commu·

95 1372 340 1430 Pseudostereoma
358 1377 438 1431 litera
455 1377 529 1432 hhh
551 1385 578 1432 l:
599 1379 634 1430 In
650 1377 760 1433 Christo
779 1380 927 1432 sicuritas
955 1377 1063 1445 nicata,
1092 1377 1210 1448 ideoque
1234 1377 1345 1432 realiter
1369 1376 1462 1432 differt
1485 1377 1522 1432 ab
1547 1377 1665 1432 essentia
1688 1377 1787 1432 camis.

93 1469 157 1514 sunt
176 1463 249 1514 disce
269 1471 394 1527 naturae,
412 1472 442 1516 ut
458 1464 496 1518 sit
513 1481 598 1516 unum
618 1464 856 1534 hyphistamenon,
876 1465 927 1516 huc
955 1461 1028 1517 Vide
1047 1462 1126 1534 Disp.
1146 1463 1173 1519 d.
1198 1460 1225 1536 ξ.
1249 1469 1287 1519 13.
1324 1462 1638 1533 11ΙρυοΡοιουοειῑο.
1660 1468 1684 1519 6.
1717 1462 1786 1534 Syn·

95 1555 151 1612 est,
169 1555 198 1599 ut
215 1556 336 1613 yestetur
353 1548 475 1602 humana
495 1558 599 1603 natura
618 1570 637 1602 a
656 1549 750 1621 Λόγῳ,
766 1551 808 1603 sic
825 1559 856 1603 ut
873 1552 928 1603 sint
954 1555 1039 1621 tagm.
1063 1568 1087 1605 c.
1116 1556 1155 1605 16.
1181 1549 1355 1610 ὑποστάσεως
1378 1550 1653 1612 communicationem
1679 1552 1788 1620 aliquot
1831 1600 1837 1613 ,

94 1632 298 1701 inseparabiles
316 1643 435 1688 natmce
453 1637 482 1689 in
501 1645 560 1690 tota
580 1638 758 1705 aeternitate,
787 1646 812 1690 et
828 1647 859 1690 ut
879 1639 926 1690 hu·
956 1638 1240 1706 oryumcntisprobat
1258 1645 1284 1689 et
1300 1637 1466 1705 objectiones
1486 1637 1686 1691 haeretieorum
1698 1639 1787 1692 soluit.

94 1737 180 1771 mana
192 1721 486 1787 naturarediyeretur
503 1723 534 1775 in
550 1724 677 1792 nihilum,
696 1725 753 1777 ussi
769 1725 927 1777 sicmuten-
945 1720 1083 1791 Damaso.
1109 1723 1157 1777 lib.
1179 1728 1202 1778 3.
1226 1723 1261 1777 de
1285 1722 1353 1777 orth.
1379 1722 1426 1778 fid.
1452 1739 1474 1776 c.
1496 1728 1527 1776 2:
1557 1720 1638 1783 αι’νὸς
1660 1722 1788 1794 όΛόγος

94 1814 202 1859 teretur
225 1813 276 1860 etc.
311 1804 425 1874 (Contra
452 1812 473 1860 1.
499 1809 617 1880 gestatio
643 1816 670 1866 et
695 1809 859 1864 sustentatio
887 1817 929 1864 est
955 1810 1106 1881 γενόμενος
1130 1811 1162 1883 τῇ
1181 1815 1259 1881 σαρκὶ
1283 1807 1440 1868 ὑπόστασις.
1480 1808 1560 1870 Quod
1574 1826 1629 1878 per
1646 1827 1675 1862 se
1696 1818 1721 1863 et
1738 1829 1787 1862 na·

95 1909 164 1963 opus
184 1897 292 1945 tantum
311 1893 347 1946 ad
366 1901 457 1955 extra,
485 1896 534 1948 sed
553 1897 617 1949 unio
634 1897 741 1952 ratione
759 1896 868 1951 termini
886 1903 928 1950 est
955 1895 1086 1948 turaliter
1103 1896 1184 1949 habet
1197 1896 1348 1965 propriam
1365 1895 1546 1964 hypostasin,
1575 1895 1650 1948 illud
1668 1903 1707 1948 est
1723 1912 1787 1965 per·

94 1997 165 2048 opus
185 1978 219 2031 ad
240 1978 325 2047 intra3
346 1986 368 2034 2.
388 1981 506 2051 gestatio
524 1990 566 2035 est
583 1989 660 2036 actus
679 1983 814 2037 duntaxat
831 1998 927 2036 secun·
954 2000 1031 2035 sono.
1070 1981 1153 2043 Quod
1170 1982 1402 2035 communicatam
1421 1982 1457 2033 ab
1476 1980 1535 2033 alio
1559 1981 1639 2034 habet
1658 1982 1787 2051 hyposta-

95 2065 164 2132 dus,
189 2071 218 2118 at
234 2066 386 2133 personalis
403 2066 512 2120 unionis
536 2067 651 2123 formale
671 2067 858 2123 definiendum
878 2086 928 2138 per
955 2068 1007 2135 sin,
1029 2068 1061 2120 id
1071 2068 1183 2137 quidem
1200 2087 1256 2122 non
1268 2085 1403 2136 persona,
1422 2070 1474 2120 sed
1491 2074 1582 2119 tamen
1601 2066 1788 2121 ἰνυσὸσνατον

94 2157 186 2205 actum
204 2152 336 2221 primum;
365 2160 388 2208 3.
409 2154 527 2225 gestatio
547 2161 589 2208 est
613 2155 766 2209 communis
788 2161 927 2210 assumtae
956 2160 980 2205 ct
995 2161 1178 2221 personatum
1197 2154 1286 2218 est,·**
1314 2160 1336 2208 7.
1357 2158 1461 2223 negant
1481 2152 1630 2206 bunionem
1655 2162 1787 2207 naturam

94 2237 171 2292 carni
198 2255 261 2292 cum
293 2238 407 2308 reliquis
437 2239 589 2308 creaturis,
619 2240 711 2295 Actor.
746 2247 795 2309 17,
827 2259 852 2294 v.
886 2247 928 2298 16.
955 2247 1105 2292 assumtam
1134 2243 1171 2299 sir
1199 2229 1315 2306 θεόιῄνυ
1341 2256 1376 2291 ac
1399 2228 1551 2307 perbonam
1575 2256 1630 2291 non
1657 2248 1788 2294 natmam

94 2323 246 2380 Hebraeor.
273 2331 302 2391 1,
330 2343 355 2376 v.
384 2330 419 2391 3,
450 2342 505 2379 non
541 2343 607 2397 crgo
639 2326 767 2396 exprimit
804 2328 927 2398 mysterii
954 2329 1003 2380 τοῦ
1029 2324 1127 2395 Λόγου
1153 2327 1248 2379 dicunt
1273 2327 1460 2379 incarnatam.
1496 2323 1671 2379 Contrarium
1697 2335 1787 2382 osten·

94 2410 177 2482 hujus
213 2409 425 2480 sublimitatem,
464 2420 488 2468 4.
519 2430 569 2483 per
606 2414 708 2467 nudam
745 2414 928 2486 gestationem
955 2411 1197 2484 dimussuperius;
1218 2419 1241 2469 8.
1261 2419 1388 2468 asserunt
1405 2416 1494 2465 totum
1507 2408 1606 2481 Λόγον
1624 2412 1664 2466 ita
1682 2431 1741 2469 essa
1757 2414 1786 2469 in

93 2514 149 2551 non
175 2496 330 2553 efficeretur
352 2496 503 2559 ὑπόστασις
526 2498 673 2568 σόνθενυςς
704 2507 728 2554 5.
747 2501 867 2572 gestatio
887 2508 929 2555 est
954 2516 1045 2568 carne,
1065 2507 1096 2554 ut
1114 2500 1150 2554 sit
1167 2500 1251 2555 etiam
1268 2504 1342 2555 totus
1361 2507 1439 2554 extra
1457 2515 1575 2554 carnem.
1604 2497 1685 2553 Circa
1704 2517 1787 2570 quam

93 2584 167 2638 actio
193 2584 344 2638 communis
365 2586 416 2639 toti
440 2586 572 2648 trinitati,
600 2587 663 2640 unio
687 2593 778 2641 autem
796 2586 926 2657 hyposta·
954 2585 1132 2641 assertionem
1162 2587 1197 2641 in*
1222 2587 1291 2641 duas
1318 2586 1422 2642 abeunt
1448 2585 1557 2640 classes.
1610 2585 1729 2650 Quidam
1760 2594 1788 2641 et

93 2669 150 2723 tica
176 2668 248 2723 facta
277 2675 319 2724 est
345 2670 374 2722 in
401 2670 460 2726 sola
486 2687 605 2741 persona
629 2671 693 2725 Filii
720 2672 787 2738 Dei,
818 2672 846 2725 iu
872 2689 927 2742 qua
955 2678 1083 2727 naturam
1112 2680 1140 2728 et
1166 2672 1329 2744 hypostasin
1355 2671 1454 2740 Λόγου
1481 2671 1522 2725 ita
1538 2671 1643 2726 dicunt
1670 2689 1731 2727 esse
1758 2673 1787 2726 in

93 2755 181 2825 ipsius
209 2755 331 2810 humana
356 2763 456 2810 natura
487 2757 627 2820 subsistit,
665 2774 720 2813 non
752 2759 781 2812 in
810 2775 927 2829 persona
953 2774 1050 2820 carne,
1076 2772 1106 2813 ut
1122 2766 1215 2813 tamen
1233 2759 1269 2813 sit
1289 2758 1373 2812 etiam
1394 2764 1470 2814 erma
1486 2774 1605 2812 carnem.
1641 2757 1743 2813 Zanch.
1762 2765 1786 2814 2.

92 2841 184 2896 Patris
215 2848 263 2895 aut
291 2842 410 2912 Spiritus
436 2861 457 2897 s.
498 2842 601 2898 Confer
626 2843 736 2914 Disput.
759 2852 782 2899 7.
807 2845 842 2900 de
867 2846 926 2917 glo·
954 2844 988 2899 de
1007 2850 1062 2898 nat.
1080 2845 1134 2900 Dei
1152 2861 1175 2899 c.
1195 2851 1218 2898 6.
1236 2863 1262 2915 p.
1287 2851 1346 2899 157:
1375 2845 1481 2897 Divina
1500 2852 1604 2897 natura
1622 2852 1681 2898 tota
1700 2847 1787 2899 estin

92 2927 135 2982 ria
161 2927 235 2994 Dei.)
264 2934 287 2982 3.
308 2929 447 2984 Christum
471 2930 569 2983 dicunt
594 2948 654 2985 esse
678 2940 764 2984 totum
780 2933 926 3001 inteyrats,
955 2931 1077 2984 humana
1106 2940 1132 2985 et
1163 2939 1221 2984 tota
1252 2934 1335 2985 etiam
1364 2940 1442 2985 satra
1470 2932 1619 2984 humanum
1647 2940 1785 2988 namnam.

93 3013 215 3068 σύνολον
234 3032 266 3067 es
288 3017 398 3069 ditabus
420 3018 530 3069 nutriris
550 3025 682 3085 tanquam
703 3020 832 3086 partibus
858 3020 927 3073 inte-
953 3017 1157 3074 Herbornensis
1170 3019 1199 3072 in
1213 3018 1308 3090 Spicil.
1322 3037 1349 3089 p.
1365 3024 1413 3073 78:
1434 3020 1506 3071 Tota
1518 3018 1675 3086 hypostasis
1687 3016 1785 3089 Λόγου

92 3102 240 3169 yrantibus
263 3104 452 3169 constitisturn,
481 3105 553 3156 sicut
579 3105 666 3172 peries
692 3112 717 3156 ct
739 3104 818 3157 horno
843 3124 927 3158 unstm
954 3113 994 3158 est
1013 3105 1099 3173 aiibi,
1117 3106 1166 3157 abi
1185 3123 1252 3158 caro
1277 3123 1332 3157 non
1355 3105 1467 3158 assistit.
1503 3103 1602 3157 Franc.
1618 3104 1720 3158 hunius
1739 3105 1785 3160 de·

92 3188 231 3257 inteyrate
257 3189 432 3242 constituunt.
474 3189 712 3243 chkermansin
741 3189 857 3261 Systcm.
888 3193 925 3247 lo·
953 3190 1023 3247 sens.
1046 3197 1067 3245 1.
1086 3190 1194 3245 Cathol.
1219 3190 1344 3245 doctrina
1365 3190 1400 3245 de
1423 3190 1508 3244 trinit.
1535 3195 1632 3244 contra
1651 3188 1784 3248 Samosat.

93 3276 147 3348 gie.
168 3294 194 3346 p.
217 3281 350 3336 797198.
388 3275 502 3343 (Contra
524 3283 546 3330 1.
570 3277 676 3332 nullum
694 3284 783 3332 totum
807 3278 925 3333 auritos
952 3276 999 3330 fol.
1019 3283 1064 3332 20:
1085 3280 1136 3331 Est
1154 3277 1304 3337 ὑπόστασις
1318 3276 1392 3330 Filii
1407 3277 1437 3329 in
1455 3293 1571 3344 corpore
1587 3276 1641 3329 sibi
1660 3278 1785 3333 adunato

93 3369 135 3419 est
155 3362 184 3416 in
202 3368 280 3432 parte
298 3378 349 3416 sua
374 3361 521 3434 integrali,
547 3363 628 3418 homo
651 3364 723 3417 enim
749 3382 804 3419 non
828 3372 869 3420 est
897 3365 926 3419 in
953 3365 1084 3417 nimirum
1103 3372 1161 3417 tota
1178 3364 1302 3418 totaliter
1322 3371 1352 3416 ut
1378 3363 1508 3433 spiritus,
1534 3370 1574 3414 est
1596 3363 1679 3416 etiam
1706 3373 1786 3419 entra

92 3450 228 3523 pedibus,
256 3451 305 3505 sed
323 3448 419 3518 Λόγος
436 3450 537 3505 dicitur
563 3451 590 3504 in
616 3467 699 3505 carne
726 3437 924 3507 manifestatus.
952 3467 1054 3517 corpus
1072 3451 1127 3502 sibi
1143 3452 1296 3502 adunatum
1312 3449 1441 3500 himinam
1457 3447 1580 3500 totaliter
1598 3465 1684 3517 cepae
1704 3457 1785 3518 atque

92 3538 168 3609 Ergo
186 3536 281 3606 Λόγος
303 3544 331 3591 et
355 3537 436 3591 homo
459 3555 515 3590 non
538 3537 711 3591 constituunt
738 3544 826 3592 totum
856 3540 925 3594 inte·
953 3538 982 3589 in
1005 3554 1121 3605 corpore
1146 3545 1176 3589 ut
1202 3537 1325 3605 infinitus
1351 3543 1407 3604 est,
1434 3535 1562 3603 alioquin
1582 3536 1786 3605 proprietatem

94 3624 186 3697 grale;
214 3629 238 3678 2.
257 3623 349 3677 nullus
367 3641 431 3692 pes,
456 3623 548 3677 nullus
566 3624 735 3678 ventriculus
753 3629 845 3695 potest
871 3626 925 3680 dici
952 3624 1129 3693 spiritualem
1149 3624 1257 3677 tolleret
1277 3623 1420 3691 infinitas,
1445 3623 1522 3690 quod
1538 3638 1616 3675 nemo
1637 3623 1785 3692 hominum,

92 3711 284 3767 iactushomo.
312 3710 512 3766 AtFiliusDci
531 3710 779 3779 factusesthomo,
800 3713 925 3767 ethome
953 3713 1052 3764 nedum
1068 3710 1265 3780 philosophus,
1284 3711 1310 3762 si
1327 3710 1417 3778 sapit,
1444 3710 1549 3762 sentiet.
1584 3708 1704 3775 Quidam
1721 3726 1786 3764 con·

92 3799 183 3854 iactus
200 3806 242 3852 est
252 3797 306 3852 Dei
320 3797 416 3852 Filius.
444 3798 519 3868 Ergo
537 3797 618 3851 homo
636 3805 774 3852 assumtus
793 3805 821 3853 et
832 3799 927 3869 Λόγος
952 3796 1063 3865 cedunt,
1080 3797 1244 3865 hypostasin
1263 3795 1361 3864 Λόγου
1380 3813 1435 3848 non
1452 3811 1511 3848 esse
1529 3804 1608 3849 entra
1624 3814 1706 3850 msam
1723 3813 1784 3850 car·

92 3900 148 3939 non
169 3883 338 3938 constituunt
353 3889 443 3938 totum
463 3883 610 3955 integrale,
635 3889 659 3938 3.
679 3890 753 3938 totus
772 3884 852 3939 homo
871 3903 926 3940 uon
952 3903 1021 3954 nem,
1039 3885 1150 3938 interim
1162 3892 1292 3938 natmam
1306 3885 1432 3938 diuinam
1445 3884 1493 3937 τοῦ
1504 3881 1603 3953 Λόγου
1616 3884 1713 3937 dicunt
1727 3901 1784 3937 esse

94 3977 137 4025 est
155 3970 276 4026 totaliter
293 3972 323 4025 in
339 3970 475 4041 pedibus,
510 3978 540 4025 at
557 3977 631 4026 totus
649 3971 745 4040 Λόγος
761 3978 804 4026 est
821 3972 850 4026 in
867 3978 927 4028 tota
952 3980 1030 4025 cntra
1052 3989 1132 4024 suam
1151 3988 1265 4023 carnem
1276 3978 1395 4040 propter
1413 3970 1583 4037 infinitatem.
1621 3969 1738 4027 Sohnius
1756 3969 1785 4024 in

93 4073 178 4111 carne
195 4064 330 4125 assumta,
348 4065 377 4111 et
393 4063 452 4111 tota
470 4073 534 4110 earo
552 4062 594 4112 est
610 4057 638 4111 in
659 4063 717 4112 toto
736 4057 830 4128 Λόγῳ.
870 4060 925 4114 Da·
952 4074 1028 4129 exeg.
1047 4056 1166 4129 August.
1186 4056 1308 4111 Confess.
1328 4061 1392 4112 tom.
1416 4060 1438 4110 2.
1457 4073 1484 4125 p.
1505 4061 1567 4112 207:
1587 4055 1712 4124 όΛόγος
1729 4074 1784 4110 σου

94 4159 239 4197 mascenus
258 4142 306 4197 lib.
321 4149 343 4198 3.
362 4161 385 4196 c.
407 4149 438 4198 6:
456 4143 522 4198 dior
541 4142 736 4219 discissioni
752 4164 788 4217 με
807 4150 852 4198 καὶ
870 4146 926 4214 ὅλῳ
952 4153 991 4197 est
1006 4153 1083 4197 entra
1102 4145 1252 4197 humanam
1270 4150 1414 4208 sauram,
1434 4158 1521 4210 neque
1540 4142 1661 4195 humana
1680 4150 1783 4195 natura

92 4230 159 4289 ὅλος
171 4229 290 4298 ἡνώθῳ);
309 4238 332 4286 1.
353 4231 421 4285 duas
433 4238 545 4286 naturas
559 4237 685 4287 statuunt
699 4251 783 4287 unum
796 4231 927 4295 οόσυοῐόυς
952 4239 992 4283 est
1009 4238 1087 4283 entra
1104 4230 1212 4298 Adyov,
1232 4229 1300 4298 quia
1317 4246 1373 4280 una
1393 4228 1550 4297 hypostasis
1569 4229 1671 4298 estrei
1685 4225 1783 4297 Λόγου

92 4317 155 4372 sive
173 4319 325 4386 essemiale,
359 4318 544 4373 Keckerman.
564 4318 631 4373 ibid.
650 4323 757 4387 (contra
775 4328 927 4392 urgeantur
951 4317 1114 4369 assumentis
1139 4324 1165 4368 et
1182 4316 1321 4367 leumanae
1342 4322 1463 4367 naturae
1490 4320 1643 4380 assumtae,
1666 4315 1717 4365 sed
1742 4314 1784 4366 di·

91 4403 275 4459 fundamenta
291 4404 417 4474 superins
436 4405 592 4475 proposita,
613 4406 713 4477 quibus
732 4407 925 4462 demonstravi·
950 4403 1016 4455 rina
1034 4409 1137 4455 natura
1155 4404 1204 4455 τοῦ
1220 4400 1319 4471 ,Λόγου
1333 4407 1454 4470 propter
1465 4400 1629 4468 infinitatem
1647 4405 1686 4451 est
1704 4407 1784 4452 satra

92 4509 162 4558 mus,
179 4491 308 4546 unionem
328 4491 404 4545 illam
421 4509 476 4546 non
494 4509 554 4546 esse
573 4491 693 4560 οὐσιώόνγ
716 4494 773 4548 sive
795 4495 925 4549 essentia·
950 4507 1030 4542 suam
1057 4506 1177 4542 carnem·
1224 4487 1275 4541 Sis
1302 4488 1337 4540 de
1358 4486 1516 4554 utrimque,
1542 4484 1593 4537 11⁰⁶
1620 4491 1659 4537 ⁶8⁶
1685 4483 1783 4553 Λόγον

91 4577 173 4645 lem),
194 4583 217 4632 5.
236 4563 340 4648 negant
356 4578 487 4633 unionem
503 4598 563 4634 esse
580 4579 684 4634 factam
703 4580 738 4633 ad
758 4581 925 4636 coustituen-
950 4577 1114 4629 assumentis
1132 4583 1163 4642 ¹et
1187 4582 1306 4627 naturas
1326 4581 1465 4627 assumtae
1486 4570 1607 4637 essemia
1631 4577 1656 4623 et
1679 4579 1784 4625 natura

91 4662 158 4718 dum
171 4680 257 4717 unum
275 4662 474 4738 ὑφιστάμενον,
487 4664 616 4720 Danaeus
630 4665 926 4722 contraChcmnicium
950 4663 1112 4732 quaeritur,
1142 4669 1210 4713 tum<
1224 4658 1319 4730 Λόγος
1344 4659 1418 4712 idem
1446 4665 1471 4710 ei
1496 4664 1567 4710 101111
1591 4664 1631 4709 ⁶³⁶
1655 4657 1731 4710 iutra
1758 4665 1783 4710 et

91 4768 118 4821 p.
133 4755 174 4805 83.
200 4749 372 4805 Carbanum
385 4751 632 4806 demonstravimus
645 4751 785 4822 Disputat.
797 4751 823 4806 d.
837 4750 863 4827 ἓ.
879 4761 923 4820 11;
952 4758 1029 4802 esna
1046 4753 1147 4817 corpus
1167 4766 1255 4804 mum.
1291 4749 1366 4801 Nam
1391 4745 1489 4800 diuina
1511 4744 1628 4797 essentia
1646 4743 1719 4797 Filii
1743 4750 1783 4796 est

93 4843 117 4894 6.
143 4843 248 4908 negant
276 4836 455 4907 hypostaseos
477 4838 767 4904 communicationem,
803 4837 924 4894 Grabius
950 4835 1159 4905 simplicissima
1194 4843 1219 4887 et
1254 4835 1372 4897 infinita.
1414 4830 1641 4887 iti*Wendelinus
1676 4829 1723 4884 lib.
1760 4836 1782 4886 1.

91 4929 189 4979 contra
205 4923 349 4978 Hunnium
368 4924 402 4979 de
419 4941 537 4994 persona
554 4922 655 4978 Christi
667 4942 695 4994 p.
707 4931 748 4980 ts.
773 4924 881 4982 Alsted.
897 4927 925 4980 in
952 4922 1051 4978 Christ.
1071 4921 1154 4986 theol.
1174 4938 1197 4975 c.
1220 4927 1259 4977 16.
1286 4939 1313 4991 p.
1334 4925 1397 4976 258:
1425 4918 1534 4971 Divina
1554 4916 1663 4970 Christi
1680 4923 1784 4969 aalma

91 5010 225 5081 Theolog.
245 5010 344 5080 palem.
363 5029 389 5081 p.
412 5016 473 5064 155:
493 5012 664 5078 Hypostasis
681 5010 778 5080 Λόγου
795 5021 925 5066 accurate
952 5011 1028 5062 intra
1047 5015 1197 5061 assumtam
1217 5024 1328 5060 carnem
1348 5023 1403 5058 non
1421 5005 1462 5058 ita
1480 5011 1536 5070 est,
1557 5010 1586 5056 ut
1604 5003 1688 5056 simul
1706 5010 1785 5056 estro

92 5097 233 5166 loquendo
250 5115 305 5150 non
324 5097 577 5150 estcommunicata
596 5099 695 5160 carni,
714 5099 818 5151 horest
837 5100 925 5167 efflusa
952 5114 1013 5149 eam
1039 5090 1093 5148 non
1117 5095 1195 5148 siti*
1230 5090 1382 5148 Wetaelius
1405 5089 1516 5160 Disput.
1545 5096 1569 5146 9.
1592 5088 1660 5146 thes.
1683 5094 1722 5145 12.
1747 5090 1783 5144 ad

91 5181 122 5235 in
141 5182 245 5251 ipsam,
266 5184 318 5236 sed
336 5183 404 5235 hacc
419 5198 474 5251 per
492 5185 647 5249 oiartnorr,
676 5182 727 5235 hoc
748 5191 788 5237 est
801 5200 856 5253 per
875 5202 925 5253 ap·
951 5181 1148 5254 quaestionem,
1168 5199 1207 5233 an
1220 5186 1284 5248 post
1301 5179 1410 5242 factam
1428 5176 1556 5230 unionem
1575 5173 1667 5243 Λόγος
1685 5177 1723 5230 sit
1739 5194 1783 5230 en·

87 5269 315 5338 propriationem
328 5269 357 5322 in
375 5269 428 5321 tua
444 5269 576 5336 subsistit,
594 5270 667 5322 sicut
683 5271 812 5323 surculus
831 5272 860 5323 in
879 5289 924 5323 ar·
952 5279 997 5322 tra
1015 5286 1096 5322 suam
1112 5282 1234 5332 carnem,
1253 5263 1409 5333 respondet,
1426 5269 1457 5315 at
1474 5263 1579 5330 duplos
1598 5270 1636 5315 est
1649 5279 1782 5331 praesen·

92 5355 158 5408 bore
181 5355 312 5408 subsistit.
348 5353 571 5410 “wandelinus
595 5354 657 5409 libr.
679 5362 699 5410 1.
724 5355 823 5410 Christ.
850 5356 925 5411 theo·
951 5359 1006 5418 tiu,
1030 5371 1087 5407 unu
1112 5350 1293 5404 humanitatis
1316 5349 1357 5426 ad
1378 5347 1478 5419 Λόγον
1500 5355 1525 5402 et
1547 5351 1597 5402 τοῦ
1621 5347 1718 5417 Λόγου
1744 5352 1786 5403 ad

89 5440 145 5512 leg.
165 5457 188 5494 c.
211 5445 250 5503 16,
267 5458 294 5511 p.
315 5447 379 5496 259:
411 5441 485 5503 Quia
501 5442 635 5493 assunnio
653 5442 788 5495 humasset
806 5451 925 5495 natiuae
951 5457 1071 5506 carnem,
1084 5439 1175 5492 altera
1191 5433 1297 5488 Christi
1307 5436 1348 5488 ari
1359 5442 1511 5501 creaturas,
1529 5434 1571 5487 ita
1583 5435 1666 5488 etiam
1681 5436 1785 5505 duplas

88 5529 133 5584 ad
156 5525 311 5583 όσόστσσιν
334 5529 382 5581 νοῦ
411 5510 522 5599 Λόγου
537 5529 685 5584 causatore
702 5536 795 5600 potest
821 5529 925 5602 absque
952 5535 1040 5583 astru.
1076 5526 1143 5580 Non
1161 5529 1200 5577 ea
1220 5528 1302 5599 entra
1316 5537 1428 5577 carnem
1442 5520 1606 5592 praesentio
1620 5522 1726 5594 prima,
1745 5530 1783 5582 est
