3984 6022
217 273 277 332 att
893 262 1014 323 meus
1031 261 1229 322 SECUNDUS

220 421 275 479 Dei
293 424 388 494 saror,
414 421 564 489 beneficia,
593 437 663 493 quae
681 421 759 476 Deus
786 438 818 476 ex
837 421 927 492 gratia
953 421 982 474 in
1000 437 1051 476 nos
1080 425 1193 472 amatur
1209 425 1326 488 propter
1345 417 1429 471 aliud
1444 417 1588 481 0101001000,
1607 416 1660 472 hoc
1680 421 1813 487 001,ῳο
1829 414 1913 470 alicui
1932 450 1941 465 .

221 512 334 576 contem,
353 510 483 564 dicuntur
499 507 604 580 greum
625 509 770 577 secundae,
791 514 961 582 χαρίσματα,
980 510 1053 564 dona
1079 511 1191 577 optatur
1208 505 1311 560 bonnm
1330 510 1445 574 propter
1464 503 1588 570 alterum,
1608 503 1654 557 cui
1671 501 1805 577 proficere
1823 507 1916 573 potest

222 614 273 668 per
292 597 427 669 gratiam.)
462 594 585 649 Anselm.
606 595 634 647 in
651 596 771 666 proslog.
793 612 815 649 c.
836 601 859 650 1.
885 596 1053 649 1300010000·-
1080 592 1116 647 ad
1135 591 1346 648 delectationem
1365 597 1394 646 et
1411 590 1567 658 utilitatem,
1586 595 1615 644 ct
1632 590 1684 644 hoc
1704 606 1798 645 amore
1818 589 1914 645 dicunt

220 701 296 752 sors,
322 685 450 745 oDeus,
475 683 625 734 secundum
648 700 698 735 uos
723 690 748 735 01
773 699 828 736 iton
851 685 1001 736 secundum
1019 690 1054 748 10,
1081 679 1171 735 1)0οιιι
1201 677 1345 749 complecti
1381 683 1522 733 creaturas
1557 675 1739 732 imationales.
1786 676 1859 733 Biel.
1890 682 1912 732 3.

221 771 372 826 0000001000
392 785 503 822 sensum
522 758 647 822 nostram
668 777 694 821 01
717 771 943 823 transemundum
969 777 1053 837 tuum,
1081 766 1204 821 010111.
1223 783 1249 837 q.
1268 783 1315 820 un.
1353 764 1471 830 Quando
1494 769 1588 819 autem
1614 780 1648 820 ex
1671 770 1750 835 parte
1776 770 1914 819 01001100·

221 875 281 911 mins
301 865 332 909 tu
348 856 458 925 respuis
475 872 527 908 nos
552 856 680 925 meteres,
705 874 756 908 nos
781 858 915 909 semirasus
938 857 1053 910 misera-
1080 871 1141 908 rum
1158 852 1334 908 rationalium
1352 852 1509 923 reciprocas
1526 856 1554 905 et
1571 855 1683 905 mutuus
1700 865 1779 905 amor
1798 849 1914 919 0000111,

191 931 195 941 ’
221 944 305 996 moniis
324 944 455 1011 effectam,
474 949 503 994 tu
519 959 575 995 non
591 943 677 995 sentis
694 945 975 1014 miseriaeaffeetum.
1002 941 1054 998 Re-
1080 950 1146 998 tunc
1172 957 1205 994 cx
1234 956 1326 994 amore
1348 938 1557 994 benevolentias
1584 937 1680 992 dicunt
1705 934 1767 991 fieri
1792 954 1915 992 00000000

220 1029 368 1102 purganda
387 1028 473 1102 igitur
491 1029 559 1083 haec
577 1029 669 1082 omnia
692 1028 728 1083 ab
750 1028 1003 1100 imperfectionibus
1026 1034 1055 1082 ct
1082 1029 1237 1093 amicitiae,
1257 1028 1292 1083 de
1311 1044 1366 1098 quo
1385 1025 1527 1097 accipiunt
1544 1025 1614 1079 illud
1632 1022 1736 1081 Christi
1753 1022 1857 1079 Joban.
1877 1030 1914 1093 tt,

222 1116 259 1186 id,
279 1116 354 1188 quod
374 1118 505 1184 remanet,
527 1133 627 1186 purum
646 1131 679 1170 ac
690 1115 843 1186 perfectum
855 1116 916 1170 Deo
933 1115 1054 1169 tribuen·
1081 1133 1106 1169 v.
1127 1121 1172 1171 23:
1192 1116 1226 1170 Si
1244 1115 1306 1184 quis
1326 1115 1421 1183 drtipit
1440 1129 1491 1176 mc,
1508 1128 1660 1166 emmonem
1678 1128 1768 1165 marm
1786 1111 1915 1183 00000111,

222 1204 296 1257 dum.
320 1201 366 1258 Sic
386 1201 575 1256 misericordia
592 1208 670 1257 notat
687 1209 746 1257 tum
761 1201 974 1273 compassionem
995 1218 1054 1256 cor·
1082 1211 1109 1258 et
1126 1205 1214 1257 Pater
1232 1219 1308 1255 meris
1329 1202 1427 1268 ditipet
1445 1217 1513 1253 eum.
1541 1198 1725 1271 Distinguunt
1742 1197 1829 1254 etiam
1846 1197 1917 1254 inte

222 1288 266 1344 dis
284 1288 320 1344 ob
340 1286 453 1342 alterius
471 1287 608 1342 miseriam
631 1287 799 1357 contristati,
819 1294 879 1342 tum
905 1288 1054 1359 promtissi-
1082 1305 1202 1344 amorem
1219 1288 1474 1341 communicationis
1493 1295 1519 1340 01
1535 1286 1760 1355 complacentiam
1785 1285 1915 1340 Amormn

223 1391 295 1430 mam
311 1374 482 1429 voluntatem
499 1373 591 1429 verbis
608 1380 637 1428 et
662 1392 691 1429 re
715 1375 777 1446 ipsa
798 1392 858 1429 eam
883 1374 1054 1443 sublevandi,
1082 1375 1337 1432 communicationis
1354 1379 1463 1438 vocant,
1482 1390 1537 1444 quo
1555 1373 1632 1427 Dens
1652 1371 1760 1428 confert
1776 1372 1853 1427 bona
1869 1389 1915 1428 na·

199 1459 496 1531 ,tolle'compassionis
507 1461 688 1514 mutationem
701 1468 728 1515 et
746 1461 835 1515 cordis
853 1461 1054 1533 aegritudinem
1082 1468 1175 1530 turae,
1198 1460 1306 1533 gratiae
1333 1465 1361 1514 et
1384 1459 1506 1531 gloriam
1539 1457 1658 1514 amorem
1690 1458 1916 1530 complacentiae,

225 1564 259 1603 ex
278 1564 310 1602 ea
328 1554 424 1614 ortam,
443 1562 476 1600 ac
494 1547 569 1617 quod
589 1553 712 1601 remanet
731 1565 830 1618 purum
849 1553 877 1603 et
894 1548 1055 1619 perfeetum,
1083 1566 1138 1621 quo
1156 1553 1231 1603 amat
1248 1564 1329 1601 sunm
1348 1545 1460 1615 bonnm,
1478 1546 1552 1618 quod
1571 1561 1633 1599 cum
1650 1550 1778 1600 creattrra
1796 1562 1916 1600 commu·

224 1634 351 1690 videlicet
366 1639 502 1703 promtam
515 1633 591 1686 illam
606 1632 776 1687 voluntatem
787 1633 926 1689 miseriam
943 1634 1056 1689 alterius
1083 1635 1192 1690 nicavit.
1230 1635 1350 1689 Possunt
1377 1632 1445 1688 haec
1475 1632 1567 1686 omnia
1593 1648 1660 1687 sano
1684 1647 1769 1686 sensu
1796 1631 1916 1700 tolerati,

224 1720 396 1787 sublevandi,
415 1718 476 1774 Deo
498 1718 630 1790 relinque.
668 1719 799 1785 Quamvis
815 1721 931 1790 proinde
953 1722 1056 1778 miseri·
1083 1722 1164 1776 modo
1183 1736 1260 1775 amor
1277 1719 1324 1774 ille
1342 1720 1371 1774 in
1389 1718 1521 1773 creaturis
1539 1717 1718 1773 rationalibus
1738 1733 1795 1771 non
1813 1723 1916 1773 scama

223 1807 325 1874 cordia,
343 1805 549 1876 longanimitas,
564 1805 664 1860 caritas
681 1813 732 1861 ctc.
750 1824 805 1861 non
823 1806 878 1860 sint
896 1807 997 1862 inDeo
1017 1815 1056 1864 ta·
1082 1815 1128 1862 tar
1149 1806 1263 1880 aliquod
1283 1806 1411 1860 meritum
1429 1802 1583 1859 dilectionis
1603 1804 1725 1873 divinae,
1755 1819 1829 1875 quae
1846 1820 1917 1859 mars

224 1893 257 1948 lis
275 1893 406 1961 affectus,
434 1892 530 1962 quales
547 1892 575 1944 in
592 1890 687 1962 nobis,
711 1900 802 1948 tamen
820 1910 883 1948 vere
902 1901 930 1949 et
947 1894 1058 1950 realiter
1083 1899 1125 1948 est
1142 1892 1279 1965 gratuita,
1302 1897 1407 1947 certum
1427 1890 1499 1946 enim
1526 1895 1568 1944 est
1594 1890 1742 1960 specialem
1768 1889 1850 1944 illurn
1868 1889 1917 1945 na

224 1978 729 2050 Deomagiscompetuntquamnobis.
748 1979 1058 2036 Scholasticidicnntai·
1084 1996 1219 2046 amorem,
1238 1995 1293 2050 quo
1312 1976 1505 2047 complectitur
1522 1976 1666 2030 credentes
1684 1975 1713 2029 in
1732 1975 1876 2032 Obrutam
1891 1984 1918 2032 et

224 2066 314 2121 iectus
324 2065 384 2119 illos
394 2064 479 2118 tribui
488 2063 548 2119 Deo
559 2082 623 2132 non,
635 2073 666 2118 at
672 2067 745 2134 fiunt
754 2085 815 2119 cum
825 2068 1057 2121 transmutatione
1084 2082 1148 2120 vero
1163 2081 1256 2119 amore
1271 2063 1323 2118 sibi
1342 2063 1530 2129 adhaerentes,
1551 2062 1712 2117 distinctum
1730 2079 1792 2118 esse
1807 2079 1826 2117 a
1837 2080 1917 2136 gare·

225 2153 331 2222 etipiia,
344 2169 397 2222 quo
407 2158 534 2221 respectu
544 2151 823 2222 dicunturpsssiones
833 2159 861 2207 et
869 2154 1008 2223 pertinent
1021 2155 1057 2208 ad
1085 2151 1136 2206 rali
1154 2151 1202 2205 illo
1219 2167 1318 2212 amore,
1338 2166 1393 2220 quo
1410 2164 1503 2203 omnes
1515 2148 1639 2203 homines
1650 2149 1854 2218 complectitur.
1880 2150 1918 2207 Ut

226 2238 381 2310 appetitum
399 2237 569 2304 sentientem,
588 2239 637 2292 sed
655 2245 686 2293 ut
706 2245 770 2293 sunt
791 2247 871 2293 netur
888 2240 1047 2294 satientatis.
1086 2246 1177 2294 antem
1197 2236 1334 2307 duplicem
1354 2251 1487 2303 amorem,
1512 2235 1550 2290 ita
1568 2251 1678 2306 quoque
1696 2235 1801 2305 duplex
1825 2237 1918 2290 0011000

260 2331 317 2380 223.
354 2324 404 2388 Qu.
428 2331 451 2379 2.
488 2325 533 2378 Aa
558 2327 639 2378 Deus
663 2334 735 2379 amet
758 2344 787 2378 se
812 2335 837 2380 01
862 2329 956 2381 omnia
980 2336 1058 2381 extra
1085 2327 1114 2379 in
1125 2325 1186 2379 Deo
1204 2329 1338 2390 statuunt,
1356 2322 1473 2376 alterum
1491 2322 1711 2390 abominationis,
1730 2322 1852 2378 altarum
1869 2322 1918 2375 tnt-

224 2416 275 2466 rei
295 2412 377 2482 Resp.
398 2412 474 2466 Deua
495 2429 557 2466 cum
575 2412 612 2466 sit
630 2430 766 2466 summum
778 2415 890 2482 bonum,
909 2413 970 2468 ideo
985 2421 1059 2470 amat
1086 2412 1215 2465 micitiae.
1260 2409 1362 2464 Odium
1389 2406 1598 2462 abominationis
1625 2407 1743 2477 dicitur,
1772 2425 1831 2480 quo
1858 2409 1918 2481 quis

225 2514 254 2552 se
273 2497 363 2568 ipsum
383 2505 414 2551 ut
432 2515 568 2552 summum
585 2498 697 2554 bonum.
741 2498 775 2552 ln
794 2498 904 2553 homine
922 2517 998 2554 amor
1015 2502 1056 2555 sui
1085 2497 1260 2553 abominatur
1280 2495 1418 2561 malumst
1405 2511 1465 2565 Jam
1485 2510 1549 2549 vero
1566 2495 1643 2550 Deus
1661 2449 1840 2552 abominatur
1859 2513 1918 2568 pcc

120 2580 124 2594 '
227 2584 311 2653 ipsius
329 2589 371 2638 est
388 2583 503 2637 vitiosus
522 2590 549 2637 et
568 2584 742 2650 damnabilis,
761 2585 827 2655 quia
844 2585 924 2641 homo
942 2604 998 2641 non
1017 2594 1058 2642 cst
1086 2592 1191 2652 catum,
1212 2586 1310 2653 utpote
1328 2598 1394 2636 suae
1412 2587 1529 2635 naturae
1555 2587 1582 2635 et
1606 2581 1724 2636 bonitati
1749 2582 1857 2638 directe
1874 2601 1919 2654 op·

163 2663 166 2670 ’
226 2686 361 2724 summum
381 2669 500 2738 bonum,
523 2670 597 2724 sed'
590 2689 619 2723 m
637 2670 698 2724 Deo
723 2670 807 2725 debet
828 2688 960 2742 quaerere
986 2691 1056 2728 sum·
1085 2669 1219 2742 positum·
1247 2669 1341 2723 odium
1359 2666 1519 2722 inimicitiae
1538 2666 1647 2734 dicitnr,
1665 2683 1720 2736 quo
1741 2668 1804 2739 quis
1824 2668 1916 2741 agenti

226 2772 300 2811 mum
318 2755 421 2810 bonum
438 2756 519 2826 eique
539 2755 618 2810 unice
635 2755 792 2811 adhaerere.
825 2755 901 2812 Deus
919 2764 1009 2812 autem
1028 2778 1057 2815 se
1085 2758 1186 2812 malum
1210 2756 1309 2826 culpae
1334 2754 1394 2808 vult
1419 2754 1521 2808 malum
1546 2769 1651 2823 poenae
1678 2768 1712 2807 cx
1741 2752 1918 2824 displicente

226 2843 317 2913 ipsum
335 2848 417 2908 amat,
434 2857 489 2895 non
507 2846 599 2895 tamen
617 2848 649 2895 ut
666 2843 732 2896 est
724 2860 792 2912 ipse,
813 2844 862 2897 sed
879 2849 912 2898 nt
930 2851 971 2900 est
986 2863 1056 2900 sum-
1084 2843 1244 2915 peccatoris,
1263 2846 1399 2913 quatenus
1417 2844 1460 2896 est
1477 2847 1613 2911 peccator,
1627 2840 1687 2910 jam
1699 2855 1766 2895 vero
1778 2840 1859 2896 Dsns
1870 2841 1916 2896 nti

228 2945 303 2984 mum
320 2927 431 2991 bonum,
452 2926 566 2983 sienim
586 2927 746 2983 aliudesset
764 2930 854 3000 majus
871 2936 898 2985 et
916 2939 1056 3001 praestan·
1085 2930 1148 2985 odio
1169 2928 1342 3001 prosequitur
1367 2933 1526 2998 peccatores
1552 2935 1685 2998 quatem
1707 2928 1780 2981 tates
1805 2932 1918 3000 proptu

226 3015 281 3071 tius
298 3014 415 3082 boumn,
436 3018 494 3067 tum
512 3012 582 3067 illud
600 3030 655 3068 non
673 3031 703 3069 se
722 3013 862 3086 diligeret,
882 3015 954 3071 sicut
975 3017 1058 3073 theol.
1084 3033 1162 3071 suam
1183 3015 1335 3087 justitiam,
1364 3013 1428 3084 Sap.
1449 3019 1494 3081 14,
1512 3030 1539 3068 r.
1558 3019 1587 3069 9:
1617 3013 1647 3067 ir
1672 3018 1722 3082 1οῳ
1741 3016 1845 3083 μισητὰ
1864 3017 1918 3085 tui

227 3099 392 3158 Germanica
409 3100 461 3154 hac
480 3100 514 3154 de
534 3116 563 3153 re
582 3100 638 3155 late
657 3099 775 3159 disserit.
811 3102 896 3157 Pater
911 3103 940 3157 in
959 3103 1058 3159 divinis
1086 3101 1293 3172 00101010ερῶο
1317 3105 1363 3155 καὶ
1387 3101 1403 3170 ἡ
1428 3099 1538 3171 ἀσέβεια
1564 3098 1657 3157 αὐτοῦ.
1692 3100 1766 3156 Dico
1782 3109 1918 3172 00010000

227 3189 320 3262 diligit
350 3187 467 3257 Filium,
503 3193 534 3242 ut
563 3186 772 3244 substantialem
800 3207 880 3244 snam
910 3189 1058 3264 imaginem
1085 3192 1165 3261 10100,
1183 3190 1250 3263 quia
1266 3190 1295 3243 in
1312 3188 1379 3260 ipsis
1396 3188 1678 3259 peccatoribusDcns
1695 3193 1773 3245 amat
1790 3194 1918 3247 uturum

227 3276 326 3332 Matth.
348 3280 372 3343 3,
391 3293 415 3332 v.
437 3282 460 3329 7.
479 3292 502 3328 c.
518 3280 555 3342 17,
574 3292 598 3328 v.
614 3282 637 3329 5.
659 3275 723 3331 ioh.
745 3282 768 3343 3,
789 3268 872 3333 035.
892 3294 914 3330 c.
935 3284 958 3345 5,
976 3296 1002 3334 v.
1019 3285 1058 3334 20.
1086 3295 1144 3332 ase
1156 3277 1304 3344 conditam,
1323 3275 1394 3330 sicut
1406 3275 1504 3330 artifex
1522 3293 1602 3329 suum
1620 3274 1770 3346 opificium.
1799 3276 1918 3349 August

228 3381 251 3420 0,
273 3371 313 3431 11,
333 3378 358 3415 v.
380 3368 420 3416 24.
458 3361 546 3415 Filius
566 3360 658 3432 diligit
674 3362 795 3430 Patrem,
814 3369 910 3433 utpote
927 3381 960 3418 ex
979 3367 1059 3435 cujus
1085 3365 1132 3418 lib.
1155 3371 1175 3418 1.
1194 3364 1231 3417 ad
1250 3362 1346 3432 Simpl,
1366 3379 1392 3433 q.
1411 3366 1441 3417 2:
1471 3364 1551 3416 Deus
1569 3381 1624 3416 non
1648 3362 1708 3416 odit
1726 3363 1810 3417 Esau
1836 3362 1918 3419 tant·

227 3449 310 3505 corde
328 3456 392 3504 ante
410 3449 504 3504 secula
521 3455 602 3501 natus
627 3447 728 3503 11011.
752 3455 796 3518 14,
815 3466 841 3502 v.
862 3455 890 3504 31
897 3493 903 3504 .
940 3450 1059 3522 Spiritus
1086 3468 1155 3512 nem,
1175 3452 1226 3503 red
1243 3451 1325 3502 Esau
1340 3456 1523 3517 peccatorem.

228 3541 339 3590 sanctus
359 3542 401 3590 est
418 3533 606 3589 substantialis
625 3535 717 3588 Patris
745 3535 854 3589 0111111
881 3553 970 3605 amor,
995 3538 1059 3609 quia
1121 3543 1178 3592 224.
1216 3537 1267 3602 Qu.
1288 3541 1310 3590 3.
1351 3536 1394 3588 An
1416 3534 1629 3588 misericordiae
1652 3533 1766 3590 diuinas
1788 3535 1918 3590 01010010-

227 3622 352 3694 procedit
370 3622 405 3675 ab
426 3628 549 3692 utroque.
585 3620 670 3674 Amat
687 3627 780 3676 autem
799 3622 876 3677 Deus
898 3640 952 3677 non
971 3624 1058 3678 solum
1086 3632 1132 3678 tur
1144 3641 1199 3694 per
1216 3624 1255 3685 id,
1273 3623 1350 3691 00001
1365 3623 1512 3675 statuimus
1525 3622 1611 3690 lepem
1628 3638 1683 3674 non
1697 3639 1782 3690 posse
1802 3641 1822 3676 0
1841 3639 1918 3677 renc-

228 3725 265 3770 00,
285 3709 333 3762 sed
353 3723 446 3762 ornnes
466 3706 548 3761 etiam
567 3713 707 3761 creaturas
727 3708 896 3763 exsistentes.
935 3708 998 3779 Sap.
1022 3717 1060 3779 11,
1087 3711 1123 3763 tis
1130 3713 1258 3780 perfecte
1271 3709 1406 3779 implerit
1430 3708 1580 3763 Affirmant
1591 3706 1738 3773 Pontifici,
1751 3709 1801 3764 scd
1814 3716 1918 3766 contra·

227 3801 310 3849 nti:
331 3793 1059 3865 111119100ωηὶ000000001,0100’110“10011011“000000,
1086 3796 1157 3850 rium
1176 3795 1345 3851 ostendimus
1369 3794 1399 3849 in
1423 3801 1502 3849 tract.
1528 3794 1563 3850 de
1592 3795 1654 3866 lege
1678 3793 1732 3850 Dei
1760 3791 1787 3871 ξ.
1812 3801 1868 3853 1118.
1894 3800 1921 3852 ct

228 3897 299 3951 qaas
315 3880 427 3947 fecisti,
445 3897 531 3948 neque
553 3880 624 3933 enim
643 3881 739 3933 odiens
758 3881 870 3951 aliquid
888 3885 1054 3937 constituisti
1087 3884 1164 3954 Disp.
1184 3890 1208 3938 4.
1235 3883 1270 3937 (10
1295 3883 1363 3955 glor.
1383 3881 1438 3938 Dei
1460 3878 1487 3956 ξ.
1509 3885 1533 3936 3.
1566 3883 1613 3936 Aa
1626 3897 1681 3950 per
1703 3882 1869 3951 hypothesin
1885 3883 1920 3936 dc

226 3984 252 4021 r.
275 3972 321 4023 tu:
355 3964 501 4028 Quomodo
524 3975 614 4019 autem
632 3969 831 4035 permansisset
855 3969 979 4038 ale‘quid,
1004 3972 1062 4024 nisi
1086 3972 1247 4026 necessitate
1267 3970 1405 4040 baptismi.
1436 3967 1544 4023 Affirm.
1566 3967 1734 4034 Calviniani,
1751 3969 1918 4026 00an

227 4053 423 4120 10001010εο1,
449 4061 498 4106 aut
520 4070 574 4106 non
594 4061 718 4107 00001000
743 4072 761 4107 0
784 4063 810 4107 10
833 4061 1060 4112 commeretur!
1087 4060 1303 4113 demonstratum
1330 4055 1383 4110 fuit
1409 4055 1438 4109 in
1465 4060 1546 4111 tract.
1576 4055 1612 4108 dc
1637 4054 1713 4125 bapt
1747 4051 1775 4130 g
1803 4061 1864 4112 231.
1893 4062 1920 4113 ct

226 4140 324 4197 Thom.
345 4158 372 4210 p.
395 4145 415 4194 1.
436 4158 461 4211 q.
482 4144 591 4194 211οι1.
613 4146 636 4196 2.
664 4140 691 4194 id
713 4141 813 4211 probat
837 4141 890 4196 hac
914 4144 1058 4199 ratiocina-
1087 4145 1165 4214 Disp.
1184 4149 1207 4200 9.
1227 4143 1262 4197 de
1282 4142 1349 4215 glor.
1368 4141 1423 4197 Dei
1440 4138 1467 4216 ξ
1488 4147 1527 4196 10.
1565 4141 1612 4193 Aa
1626 4157 1682 4208 per
1700 4141 1868 4210 hypothesin
1885 4143 1919 4196 ds

224 4228 314 4284 tione:
345 4229 451 4280 Amare
478 4234 517 4280 est
542 4227 631 4280 alicui
655 4228 725 4281 uelle
753 4229 859 4281 buniam.
897 4231 956 4284 Sed
981 4232 1059 4284 Deus
1087 4227 1776 4297 0000000010001101001100001000110000100001010
1794 4229 1920 4290 00111101

226 4315 351 4372 omnibus
370 4315 507 4368 creaturis
529 4315 717 4367 euristentibus
736 4315 794 4368 ruit
813 4315 932 4386 aliquod
948 4319 1058 4386 ,bonum
1086 4317 1192 4372 Affirm.
1215 4314 1389 4382 Photiniani,
1415 4313 1580 4369 conantium
1599 4313 1768 4369 ostendimus
1785 4314 1817 4369 in
1841 4320 1918 4371 tutat.

226 4402 364 4456 00100100
391 4401 497 4454 scilieet
527 4401 728 4467 emittentium,
760 4403 824 4455 ideo
853 4421 946 4456 omnes
975 4413 1057 4459 amat
1087 4400 1233 4460 uetuerit.
1254 4398 1279 4476 ἕ
1300 4407 1340 4456 49.
1359 4399 1439 4472 Disp.
1460 4406 1499 4456 10.
1518 4399 1553 4453 de
1572 4399 1639 4471 glor.
1660 4397 1713 4454 Dei
1731 4397 1758 4475 ἕ.
1779 4405 1822 4456 38.

226 4486 308 4546 Unde
321 4504 402 4557 porro
416 4487 499 4542 infert
512 4485 604 4541 Deum
616 4487 705 4558 magis
718 4487 834 4559 diligere
853 4488 974 4559 meliora,
993 4491 1060 4563 quie
1121 4495 1178 4545 225.
1214 4487 1266 4551 Qu.
1288 4493 1310 4542 4.
1348 4488 1394 4540 Aa
1419 4488 1499 4540 amor'
1521 4487 1581 4540 Dei
1601 4487 1638 4540 sit
1661 4501 1735 4539 mere
1759 4489 1921 4555 preteritas!

225 4575 287 4628 vult
303 4573 358 4627 illis
371 4573 460 4644 majus
478 4573 588 4639 bonnm,
609 4590 641 4626 as
659 4581 742 4642 parte
760 4583 837 4627 00100
855 4577 954 4630 amoris
973 4576 1058 4630 divini
1086 4575 1279 4642 Affirmamus3
1301 4573 1366 4645 quia
1378 4578 1420 4628 est
1431 4572 1606 4628 indebitusac
1618 4573 1757 4644 gratuitus
1767 4573 1825 4630 Dei
1834 4574 1919 4642 farm,

225 4659 303 4716 Deus
322 4658 413 4713 omnia
431 4658 523 4729 diligit
548 4659 715 4730 aequaliter,
742 4661 789 4714 sed
811 4679 843 4716 ex
861 4671 942 4732 perte
960 4663 1061 4730 objecti
1086 4679 1193 4719 omnem
1212 4667 1335 4716 nostrum
1355 4675 1475 4715 amorem
1492 4658 1680 4730 praeveniens,
1696 4661 1756 4730 jam
1774 4678 1842 4717 vero
1859 4677 1918 4734 gra·

226 4746 340 4800 meliora
360 4746 447 4815 magis
469 4744 585 4816 diligere
609 4744 716 4799 dicitur.
754 4746 825 4810 Quia
850 4765 914 4802 vero
936 4747 987 4802 hoc
1011 4747 1058 4802 bo·
1085 4750 1124 4806 tia
1142 4766 1197 4804 non
1217 4754 1258 4802 est
1275 4746 1366 4819 gratia
1384 4746 1442 4801 ullo
1460 4746 1554 4814 modo,
1575 4746 1628 4800 nisi
1648 4747 1684 4801 sit
1702 4748 1830 4818 gratuita
1848 4747 1919 4805 omni

225 4849 308 4901 num,
335 4832 522 4888 exsistentiam
550 4831 656 4886 scilicet
682 4832 814 4886 creaturis
841 4835 954 4904 reliquis
982 4834 1058 4889 Deus
1085 4836 1181 4903 modo,
1216 4835 1290 4888 unde
1319 4833 1428 4888 disertis
1458 4831 1548 4888 verbis
1582 4831 1744 4903 pronuntiat
1776 4834 1918 4906 apostolus

227 4921 315 4975 soluit
336 4919 364 4973 in
383 4919 479 4973 ordine
491 4918 528 4973 ad
547 4917 684 4973 bominem
703 4919 761 4973 sive
780 4925 893 4990 propter
910 4919 1058 4990 hominem,
1088 4929 1108 4978 1.
1131 4922 1229 4977 Joban.
1251 4928 1274 4990 4,
1292 4939 1317 4977 ι.
1334 4925 1377 4974 te:
1402 4922 1437 4973 ln
1454 4920 1506 4973 iac
1524 4928 1563 4973 est
1581 4921 1694 4988 carim,
1712 4938 1769 4974 non
1780 4922 1858 4990 qaod
1868 4938 1918 4976 sos

99 5031 139 5073 m,
154 5029 197 5074 m
228 5007 273 5061 cui
292 5006 384 5061 omnia
400 5004 503 5060 debent
527 5004 673 5073 inservire,
697 5004 759 5059 ideo
776 5005 940 5061 Scholastici
963 5008 1057 5062 distin·
1085 5009 1264 5062 dilecsrimur
1273 5009 1374 5070 Deam,
1391 5008 1443 5060 sed
1454 5009 1530 5077 qaod
1541 5007 1600 5076 ipse
1612 5006 1742 5059 dilexerit
1754 5024 1816 5062 nor.
1833 5025 1858 5060 r.
1872 5013 1916 5064 ¹9:

225 5099 314 5163 gaunt
331 5091 403 5148 inter
425 5109 547 5144 emerem
573 5092 776 5147 beneuolentiae
801 5100 827 5145 01
851 5111 974 5147 amorem
995 5112 1057 5147 con·
1085 5096 1144 5165 ipse
1163 5094 1248 5165 prior
1275 5094 1370 5147 ditexit
1395 5110 1452 5146 uos.
1489 5092 1568 5146 110ωο
1589 5101 1612 5160 5,
1630 5111 1655 5145 v.
1676 5098 1710 5148 8:
1737 5091 1917 5147 Commendet

224 5179 427 5246 cupisceutiac,·
448 5179 568 5249 priorem
587 5178 730 5247 definiunt,
749 5178 823 5249 quod
841 5179 879 5233 sit
895 5199 982 5246 amor,
1003 5199 1057 5251 qao
1084 5183 1165 5235 Deus
1183 5170 1327 5234 cui-itatem
1346 5198 1433 5249 stram,
1453 5181 1529 5249 praed
1546 5177 1673 5231 Cirr-istus
1688 5197 1743 5248 pro
1755 5180 1837 5235 notu
1848 5198 1917 5235 mct-

225 5263 314 5318 01100·
330 5266 393 5318 0010
415 5268 513 5318 bonum
536 5274 656 5334 propter
680 5269 825 5336 ipsummet
849 5275 973 5321 amatum
998 5270 1057 5322 sine
1084 5276 1154 5334 tuus,
1171 5285 1232 5321 cum
1251 5268 1344 5321 adbuc
1359 5275 1522 5335 peccateres
1542 5283 1670 5318 essemus.
1699 5265 1822 5338 August
1838 5271 1918 5323 tract

224 5350 360 5405 relatione
378 5353 483 5421 010010
502 5353 598 5421 aliud,
625 5358 652 5407 et
668 5352 720 5408 hoc
738 5370 832 5409 amore
852 5355 949 5409 dicunt
965 5355 1057 5410 Deum
1088 5360 1143 5411 102.
1163 5353 1193 5409 in
1210 5353 1326 5411 Joban.:
1356 5355 1428 5406 Num
1448 5354 1512 5407 ideo
1532 5370 1582 5405 nos
1600 5351 1650 5405 1110
1669 5359 1760 5419 amat,
1784 5353 1853 5423 poia
1869 5370 1919 5408 sos

223 5437 369 5508 complecti
388 5447 527 5496 creaturas
545 5439 709 5501 rationales,
737 5441 853 5512 angelos
875 5446 904 5494 et
920 5441 1057 5507 bominem
1085 5459 1227 5509 amamur,
1249 5459 1286 5494 an
1299 5442 1399 5510 potiar
1416 5441 1484 5512 quie
1502 5440 1550 5494 0110
1573 5447 1664 5503 emat,
1690 5439 1755 5492 ideo
1772 5458 1824 5495 nor
1842 5457 1918 5494 cmu-

222 5523 402 5606 postcriorem
424 5523 573 5594 deliniunt,
596 5525 671 5595 quod
689 5526 727 5580 sit
751 5544 847 5595 amor,
872 5542 927 5597 quo
945 5529 1059 5598 atipsiid
1085 5529 1165 5581 must
1190 5545 1223 5582 se
1240 5526 1360 5598 epistola
1376 5543 1429 5580 000
1454 5526 1529 5580 idem
1551 5525 1722 5595 manpelistc
1741 5527 1919 5597 mspmdeat.
