3984 6022
178 341 240 403 273
855 325 978 386 nouus
1000 322 1198 386 susumus

180 497 208 547 et
226 488 371 562 posterius.
406 484 533 543 Ambros.
550 486 579 541 in
597 502 694 541 comm.
712 484 739 540 h.
756 482 774 539 l
791 501 818 554 p.
838 488 881 540 lt:
901 481 1014 538 Nots'tiu
1041 481 1132 555 legem
1145 481 1264 538 exterius
1278 479 1384 536 scilicet
1400 480 1606 553 promulgatam
1626 486 1654 538 et
1672 482 1805 555 scriptam
1822 498 1881 538 nou

180 577 241 631 Dei
253 576 405 642 manffesta
423 580 463 626 est
474 590 507 626 ee
523 573 624 627 mundi
632 572 760 640 fabrica.
791 570 825 624 Ut
841 571 914 624 enim
927 570 1015 633 Desss,
1041 568 1190 637 haberent,
1210 586 1279 640 opus
1295 567 1365 640 legis
1382 566 1511 623 cordibus
1529 567 1586 624 suis
1606 567 1770 640 inscriptum
1789 573 1880 625 ortm-

181 663 231 732 pui
254 669 357 729 natura
381 660 533 714 inuisibilis
557 667 613 728 est,
638 659 722 713 etiam
745 657 900 712 orantibus
919 663 1014 727 posset
1042 654 1112 710 dunt
1138 662 1222 728 atque
1250 653 1359 710 interim
1385 652 1565 711 horribilibus
1591 655 1715 726 peccatis
1741 672 1766 711 c.
1786 660 1808 711 l.
1831 654 1879 710 de·

179 749 257 818 sciri,
272 766 341 819 opus
351 748 467 815 saetam
486 754 525 800 est
544 746 578 799 ab
598 764 638 816 ee,
662 746 740 815 quod
756 745 880 816 opijieem
899 743 1015 798 vinidi·
1041 743 1151 815 scriptis
1169 759 1199 797 se
1217 740 1454 811 contaminarunt,
1473 747 1501 796 et
1518 740 1554 796 de
1570 740 1700 812 ludaeis,
1718 741 1768 814 qui
1786 741 1879 814 legem

180 817 236 889 tute
255 853 308 887 essa
327 834 530 900 manifestaret.
557 838 609 888 etc.
648 830 737 887 ibid:
763 830 963 897 Manifestaeit
986 846 1016 884 ae
1042 827 1191 886 solenniter
1219 827 1350 883 traditam
1369 831 1398 884 et
1413 827 1617 900 promulgatam
1633 835 1812 900 acceperunt,
1829 826 1878 883 ba·

180 922 274 985 Desse,
300 921 368 974 dum
395 938 464 990 opus
487 919 578 986 serit,
601 935 656 989 per
679 919 756 987 quod
781 916 898 986 opnoaei
914 916 1015 987 potuit.
1040 922 1137 971 eunus
1171 931 1231 971 csse
1257 913 1381 969 locutum
1407 920 1491 985 atque
1518 920 1649 988 utrosque
1676 911 1786 986 peccati
1812 928 1874 970 reos

179 1005 339 1061 Theodulus
359 1004 389 1060 in
405 1005 433 1062 h.
452 1005 485 1059 l.:
514 1006 594 1059 Deus
614 1003 746 1074 apposuit
764 1003 889 1057 omnibus
909 1010 1015 1056 creatu·
1043 1001 1147 1073 egisse,
1168 1019 1193 1058 v.
1216 1005 1254 1057 17.
1273 1000 1303 1056 in
1323 1000 1415 1072 speeie
1434 999 1598 1074 aggreditur
1614 999 1751 1070 ludaeos,
1778 999 1828 1072 qui
1844 998 1879 1056 dc

180 1110 243 1146 sam
263 1093 413 1147 doctricem
429 1091 587 1160 majestatis
603 1107 679 1146 sune.
707 1089 792 1147 item:
813 1088 950 1144 Creaturo
969 1105 1015 1142 aa·
1042 1088 1119 1144 cultu
1130 1087 1186 1143 Dei
1199 1087 1398 1160 gloriabantur.
1423 1086 1487 1145 Non
1505 1094 1547 1144 est
1563 1087 1639 1159 quod
1656 1092 1789 1160 sugerunt
1804 1105 1830 1141 o.
1839 1089 1879 1142 19.

181 1195 238 1232 cem
260 1181 344 1232 edens
362 1195 418 1248 per
439 1178 528 1231 nisum
552 1185 695 1232 erectorem
719 1194 799 1231 suum
822 1174 1016 1245 depraedicat.
1042 1175 1205 1230 mentionem
1221 1175 1286 1240 fieri
1301 1173 1423 1244 alicujus
1437 1175 1651 1244 patefactionem
1669 1172 1736 1247 quia
1752 1172 1879 1245 quamvis

181 1264 301 1336 August.
320 1282 399 1322 serm.
418 1270 460 1320 55.
479 1263 513 1319 de
530 1262 606 1322 verb.
624 1260 720 1318 Dum:
756 1262 888 1317 Videmus
911 1268 1016 1315 ereata·
1042 1260 1161 1333 gentiles
1187 1260 1315 1315 destituti
1336 1258 1450 1315 fuerunt
1471 1259 1585 1333 speciali
1609 1258 1659 1315 illa
1681 1256 1878 1331 patefactione,

180 1366 239 1403 rem
253 1366 310 1419 per
327 1358 500 1420 ereaturam,
517 1352 661 1418 sanorem
673 1367 729 1420 per
747 1350 906 1418 scamnum,
918 1346 1016 1415 satri·
1043 1362 1114 1420 qnae
1132 1346 1165 1402 sit
1185 1346 1367 1419 perverbum
1389 1354 1417 1402 et
1433 1350 1476 1402 est
1494 1344 1627 1403 ecclesiae
1644 1344 1767 1417 propria,
1784 1352 1878 1402 nmen

182 1443 303 1489 autorem
322 1436 421 1490 mundi
435 1453 489 1507 per
505 1436 647 1489 mundam.
672 1433 811 1489 Addimus
830 1433 912 1489 edam
932 1428 1016 1487 illud:
1041 1433 1200 1489 habuerunt
1219 1432 1376 1506 generalem
1385 1432 1599 1504 patefactionem
1617 1432 1647 1503 iu
1664 1430 1799 1489 creaturh
1816 1446 1878 1503 pre

181 1520 250 1577 Ideo
276 1521 379 1578 ethnici
408 1521 537 1577 dicumm
562 1519 777 1591 inexcusabiles,
802 1520 877 1594 quod
900 1518 1016 1575 seientes
1043 1521 1160 1592 positam
1184 1520 1303 1576 exterius
1326 1526 1355 1576 et
1379 1520 1509 1576 cordibus
1533 1536 1627 1576 comm
1650 1519 1813 1591 inscriptam
1838 1518 1878 1574 lu·

183 1625 243 1664 esse
254 1607 345 1664 Deum
358 1626 414 1664 non
430 1606 654 1681 glorificaverunt
668 1606 808 1664 utDenm.
837 1605 925 1679 Atqui
937 1604 1016 1660 multi
1042 1607 1135 1662 terius.

181 1693 257 1750 fama
274 1713 334 1773 uon
346 1699 533 1767 perceperunt
550 1710 609 1750 esse
627 1693 726 1750 Deum.
762 1692 837 1766 Ergo
858 1692 881 1747 si
899 1709 950 1747 nec
967 1709 1015 1747 na·
1079 1700 1119 1749 ts.
1156 1695 1183 1747 2.
1212 1692 1340 1747 Medium
1358 1690 1524 1761 cognitionis
1542 1691 1637 1747 itidem
1658 1691 1823 1764 depravant
1856 1696 1878 1748 1.

181 1787 245 1837 tura
262 1781 416 1849 sciverunt,
436 1787 518 1836 erunt
536 1780 715 1836 excusabiles.
1011 1840 1014 1851 ,
1041 1779 1159 1836 Phrasin
1180 1778 1253 1835 enim
1265 1775 1320 1833 ini
1333 1784 1446 1840 artesae
1465 1785 1604 1848 exponunt
1621 1780 1658 1832 de
1672 1787 1802 1849 tempore,
1823 1795 1878 1832 son

219 1872 259 1923 ta.
294 1865 455 1923 Photiniani
481 1865 566 1921 variis
593 1865 681 1922 modis
708 1866 801 1920 locam
818 1868 964 1934 torquent:
994 1871 1015 1920 l.
1042 1869 1078 1922 de
1096 1867 1202 1934 medio,
1230 1870 1254 1921 2.
1276 1881 1310 1920 ac
1327 1882 1378 1933 per
1394 1862 1427 1917 ri
1445 1862 1587 1938 ποιήματα
1611 1863 1775 1937 intelligunt
1791 1880 1879 1936 opera

184 1954 343 2022 Subiectum
374 1958 480 2025 negant
509 1969 568 2008 esse
602 1959 699 2025 gentes
732 1951 868 2024 evangelii
895 1953 1016 2024 ignaras.
1042 1952 1182 2023 euangelii
1199 1960 1223 2006 et
1236 1951 1374 2005 miracula
1390 1950 1496 2006 Christi
1515 1959 1541 2004 et
1558 1951 1759 2020 apostolorum
1788 1948 1878 2008 Socim

183 2038 342 2097 (latechesis
357 2037 460 2094 Raeov.
477 2056 505 2109 p.
519 2045 560 2095 23.
579 2037 647 2093 dicit
662 2039 785 2093 describi
800 2056 862 2092 eam
880 2037 1016 2101 notdiam,
1042 2039 1127 2112 prael
1148 2055 1173 2110 p.
1196 2044 1225 2095 5:
1255 2037 1405 2093 Sciendum
1423 2045 1462 2092 est
1482 2037 1565 2093 uerba
1585 2056 1603 2092 a
1621 2037 1761 2093 οτοοίίοιτσ
1778 2037 1878 2093 mundi

183 2133 315 2198 quaeest
333 2143 388 2195 per
412 2125 592 2194 eoanpelium.
627 2123 706 2180 Idem
728 2124 826 2180 statuit
849 2122 964 2183 moinus
988 2123 1018 2178 in
1043 2129 1142 2182 debere
1153 2124 1286 2197 conjungi
1295 2144 1355 2180 eum
1364 2125 1879 2198 aerdo„invieidilia“eundemquseete

182 2212 312 2284 praelect
338 2228 361 2267 c.
381 2216 406 2269 2.
423 2229 451 2284 p.
470 2218 499 2282 5,
518 2210 567 2268 ubi
586 2211 710 2284 disputat
728 2214 764 2266 ds
783 2210 838 2266 tali
853 2211 1017 2280 manifesta·
1043 2231 1161 2283 sensum,
1180 2213 1230 2284 qui
1246 2219 1287 2268 est
1304 2212 1407 2268 Maur.
1421 2216 1465 2282 13,
1483 2232 1506 2266 e.
1523 2216 1577 2266 35:
1595 2211 1762 2267 abscondita
1777 2230 1798 2266 a
1817 2230 1878 2267 coss·

183 2299 258 2353 tione
277 2298 434 2368 apostolum
454 2298 540 2369 loqui,
559 2315 632 2368 quae
656 2297 762 2354 Girstti
782 2306 808 2352 et
826 2299 1018 2369 apostolerum
1044 2301 1185 2356 stitutione
1204 2301 1310 2355 muntii.
1346 2300 1480 2371 Plerique
1503 2301 1665 2372 interpretes
1684 2319 1716 2355 eu
1728 2299 1878 2372 praeposi·

184 2393 307 2454 tempore
327 2386 436 2439 &mum
460 2386 541 2443 facta
558 2401 613 2454 per
637 2383 782 2438 mirabiles
806 2384 931 2454 ipsorum
955 2400 1018 2454 ope·
1045 2387 1119 2443 tione
1138 2407 1157 2442 a
1173 2388 1301 2453 feceruut
1318 2404 1350 2441 en
1370 2395 1469 2442 eontra
1491 2387 1665 2442 Graecorum
1688 2388 1879 2459 eoaefiden,

182 2470 315 2526 rationes.
351 2469 478 2525 Ostnrod.
496 2468 526 2524 in
549 2468 634 2525 instit
657 2487 681 2524 c.
702 2475 724 2528 1.
750 2487 778 2542 p.
801 2477 846 2528 11:
873 2468 1019 2525 reumate
1045 2475 1095 2545 qui
1110 2493 1166 2528 non
1187 2473 1216 2528 is
1239 2479 1365 2545 κτίσεως,
1382 2478 1434 2531 sed
1457 2472 1514 2529 sind
1527 2480 1638 2536 κτίσεως
1657 2475 1766 2531 babent
1800 2474 1879 2531 Idem

182 2559 292 2623 factum
311 2565 350 2611 est
367 2557 486 2627 visibile,
505 2556 558 2610 loc
576 2564 623 2625 eat,
643 2557 767 2628 ignotum
784 2559 892 2621 factum
913 2564 953 2611 est
968 2574 1018 2610 no·
1044 2560 1145 2633 repetit
1164 2559 1194 2615 in
1210 2560 1348 2616 animadv.
1369 2559 1474 2618 desem.
1496 2567 1581 2617 contr.
1599 2560 1767 2634 Eutropium
1788 2579 1819 2634 p.
1836 2564 1876 2619 8³.

186 2651 243 2697 tum
257 2660 289 2697 ec
308 2643 444 2713 operibus,
463 2660 535 2714 esrae
547 2643 627 2697 Deua
638 2660 694 2713 per
707 2643 845 2699 Christum
864 2653 889 2698 et
906 2651 1019 2715 aposto·
1046 2644 1137 2704 Ostor.
1156 2647 1182 2701 d.
1202 2646 1220 2702 l
1255 2648 1295 2705 Db
1317 2649 1370 2704 tuot
1391 2646 1484 2720 [uldel
1505 2657 1585 2719 tutet
1603 2647 1654 2715 nit,
1677 2647 1738 2705 neit
1755 2647 1797 2705 ue
1812 2648 1879 2707 mett

84 2746 125 2788 111.
137 2744 171 2788 tt.
187 2730 230 2785 las
247 2729 289 2797 (m
308 2729 529 2801 promulgatione
548 2730 697 2802 evangelii)
713 2730 844 2801 perfecit.
880 2728 955 2786 Huic
974 2729 1019 2786 de·
1046 2734 1196 2805 paruam,
1213 2734 1329 2806 gtitltn,
1349 2736 1399 2792 but
1419 2734 1463 2806 tn,
1491 2734 1633 2807 oiltnluttt
1648 2734 1695 2806 tn,
1714 2734 1742 2806 [o
1762 2734 1803 2807 itt)
1823 2734 1878 2806 tad

186 2815 301 2872 torsioni
336 2824 476 2889 repugnat
512 2821 536 2874 1.
563 2817 688 2887 apostoli
708 2835 824 2887 scopus,
852 2834 934 2888 quem
960 2816 1020 2890 ipse
1046 2835 1084 2876 nu
1103 2820 1155 2877 tos
1173 2818 1330 2892 uussdthutt
1342 2822 1457 2892 titillat,
1475 2821 1526 2878 tus
1542 2820 1581 2893 ln,
1600 2822 1650 2877 bai
1662 2821 1877 2880 emanantem

186 2903 307 2975 explicat
322 2899 409 2958 'Rom
428 2907 459 2974 a,
484 2921 509 2959 τ.
528 2909 559 2960 9:
586 2900 825 2978 προῃτιασάμεθα,
851 2903 1021 2973 argumentis
1046 2906 1125 2963 luunt
1144 2906 1264 2974 nortun,
1288 2906 1490 2980 nuntiatura
1513 2906 1657 2965 biettinis
1680 2908 1744 2965 obet
1762 2907 1874 2980 {tuna

186 2990 315 3044 evicimus
334 3006 368 3046 ac
386 2988 556 3045 convicimus
575 2990 704 3044 ¹ludaeos
716 2998 742 3043 et
758 2988 884 3045 Graema
901 3008 960 3045 esse
971 2990 1021 3044 sud
1046 2993 1133 3063 tttldn
1145 2991 1212 3050 usu
1230 2992 1304 3064 tutti
1319 2993 1451 3065 titillatu
1465 2994 1519 3049 unt
1537 2992 1577 3050 tit
1588 2993 1693 3065 laedet
1710 2994 1809 3067 geilan
1824 2996 1877 3067 tat,

180 3084 308 3148 peccata.
338 3075 410 3133 Vult
426 3075 512 3148 igitur
526 3074 667 3148 apostolus
685 3075 882 3146 demonstrare,
900 3077 974 3149 quod
994 3083 1022 3132 et
1046 3078 1151 3151 nemlirt
1178 3079 1253 3149 tutis
1275 3078 1314 3134 bie
1331 3077 1531 3137 nuntiemus.
1566 3078 1644 3135 Idem
1668 3079 1755 3137 habet
1773 3078 1876 3138 catech.

185 3162 303 3233 gentiles
323 3160 463 3219 etJudaei
481 3167 615 3232 tanquam
632 3168 792 3233 peccatores
810 3162 908 3234 alege
926 3162 1021 3218 divina
1045 3163 1148 3219 Racov.
1171 3165 1198 3222 d.
1220 3162 1238 3218 l.
1273 3164 1307 3219 Iu
1332 3166 1425 3237 priore
1450 3165 1556 3222 habent
1581 3164 1634 3220 sibi
1660 3166 1877 3243 consentientem

185 3254 352 3305 accusentur
378 3264 411 3304 ae
437 3248 610 3304 damnentur.
644 3248 689 3303 De
707 3247 859 3320 gentilibus
881 3247 951 3303 illud
974 3249 1020 3306 de·
1045 3249 1222 3321 Piscatorem,
1240 3249 1289 3321 qui
1306 3268 1339 3307 ex
1353 3249 1878 3324 Oleviauohancintsrpretationsmse

187 3344 323 3392 monstrat
339 3354 363 3391 c
385 3344 394 3393 l
419 3341 448 3392 et
470 3352 558 3407 usque
581 3334 618 3391 ad
641 3352 666 3389 v.
688 3341 726 3392 17.
752 3352 775 3392 c.
796 3340 820 3404 2,
844 3333 879 3391 de
904 3333 1021 3392 ludaeis
1046 3335 1177 3391 didicisse
1186 3336 1878 3410 asseriteandemquecommeudsttanquamtextai

185 3438 209 3477 c.
231 3428 255 3478 2.
274 3439 292 3478 a
312 3442 337 3477 v.
357 3428 396 3479 17.
423 3438 512 3495 usque
538 3422 574 3476 ad
598 3421 689 3477 tinem
726 3420 800 3488 Quia
822 3438 887 3478 vero
913 3421 1020 3479 obverti
1044 3421 1195 3493 apostolico
1208 3421 1376 3494 etSyriacae
1395 3423 1514 3479 versioni
1532 3407 1658 3500 Νξξῃ
1678 3424 1820 3501 tumn
1841 3426 1878 3499 m

184 3514 294 3580 poterat
312 3506 429 3581 gentiles
448 3525 504 3563 uon
522 3507 661 3579 accepisse
680 3507 775 3563 aDeo
793 3507 882 3580 legem
901 3508 1020 3581 ideoque
1045 3527 1064 3562 a
1078 3509 1246 3574 timdations
1263 3510 1362 3563 mundi
1379 3509 1497 3587 mamme
1514 3526 1674 3582 congruam.
1690 3508 1767 3582 Ἀττό,
1782 3511 1877 3586 inquit,

184 3593 246 3649 illos
264 3611 320 3649 non
338 3611 420 3665 posse
437 3610 454 3648 a
470 3593 533 3666 lege
559 3591 697 3662 accusari,
726 3595 808 3650 docet
830 3594 948 3667 gentiles
972 3595 1020 3650 ha·
1045 3594 1090 3649 bio
1108 3603 1214 3666 tempus
1233 3604 1324 3666 notat,
1343 3613 1398 3650 non
1415 3597 1562 3651 materiam
1578 3596 1745 3666 subjectam,
1762 3588 1815 3654 cui
1826 3616 1877 3654 ser·

186 3679 280 3737 buisse
296 3680 388 3753 legem
405 3678 535 3735 cordibus
554 3677 611 3733 suis
626 3677 788 3751 incomptam
808 3688 837 3736 et
853 3690 956 3735 natura
977 3699 1020 3752 ec,
1045 3681 1084 3736 eit
1096 3683 1273 3755 praepositio
1291 3683 1337 3753 is,
1356 3702 1411 3754 qua
1428 3684 1538 3738 τοίίοττο
1557 3683 1639 3738 etiam
1656 3684 1762 3741 uitmur
1779 3687 1876 3742 isaeo*

187 3784 259 3837 quae
279 3767 350 3836 lepis
368 3775 444 3831 sunt,
473 3768 577 3835 facere
594 3764 675 3824 Rom.
696 3771 724 3836 2,
741 3783 768 3820 u.
791 3773 835 3836 ll,
853 3783 886 3822 ac
903 3767 1021 3839 proinde
1046 3771 1159 3824 modum
1176 3769 1355 3840 tautologiae,
1374 3772 1450 3841 quod
1468 3789 1500 3824 es
1518 3771 1630 3824 disseram
1646 3771 1821 3841 esposifim
1832 3790 1876 3827 no·

185 3869 241 3908 nou
256 3851 342 3908 luisse
354 3852 499 3908 destitutos
516 3851 644 3907 omnibus
657 3852 755 3908 mediis
775 3859 953 3922 θεογσωσίας,
971 3855 1021 3912 sed
1046 3856 1142 3915 scitur.
1165 3854 1248 3928 Resp.
1263 3855 1355 3929 quoad
1366 3857 1457 3928 prius:
1475 3856 1612 3914 Absolute
1628 3862 1658 3912 et
1668 3856 1875 3930 simplicitatis

185 3956 237 4012 per
253 3946 440 3995 creaturarum
460 3937 556 4007 νόησιν
578 3939 702 4011 potuisse
726 3938 762 3994 ad
782 3938 951 4011 agnitionem
970 3941 1019 3997 ali·
1047 3941 1165 4014 quenda,
1182 3960 1239 3999 nou
1256 3950 1393 4016 repugnat
1410 3950 1521 3999 nostrae
1535 3941 1688 4000 sententiae
1699 3943 1819 4016 phrasin
1828 3943 1874 4001 isi

187 4044 270 4098 quam
288 4025 343 4082 Dei
363 4025 515 4098 pervenire,
534 4026 604 4081 adeo
623 4033 656 4080 ut
675 4025 731 4079 sint
749 4025 959 4083 inexcusabiles.
990 4025 1019 4083 Si
1046 4033 1158 4090 κτίσεως
1184 4046 1320 4101 exponere
1344 4029 1379 4086 de
1402 4036 1539 4101 tempore,
1563 4029 1645 4086 modo
1671 4048 1729 4087 non
1753 4040 1876 4091 usnstur

186 4111 335 4169 inuisibilia
353 4112 401 4168 illa
419 4112 530 4168 demum
547 4113 576 4168 in
593 4111 629 4169 N.
647 4111 680 4167 Τ.
698 4129 749 4183 per
766 4113 900 4169 miracula
918 4113 1020 4170 christi
1045 4112 1193 4187 peregrina
1204 4114 1345 4171 distinctio
1358 4121 1386 4172 et
1397 4115 1593 4188 conjungenda
1603 4114 1782 4174 divellantur.
1808 4116 1874 4175 Illud

186 4207 215 4256 et
231 4201 418 4272 apostolorum
437 4205 503 4254 sunt
526 4199 663 4268 revelata,
688 4198 826 4270 quomodo
849 4198 898 4255 illa
920 4201 1019 4256 notitia
1046 4201 1119 4256 enim
1132 4198 1310 4262 iniuriosae
1321 4200 1429 4266 κόσμου
1448 4219 1504 4257 non
1518 4201 1640 4273 pertinet
1656 4200 1693 4257 ad
1710 4204 1873 4277 praecedent

185 4293 278 4359 potest
295 4285 498 4343 inexcusabiles
516 4285 633 4341 reddere
653 4304 707 4354 eos,
727 4285 856 4358 quicum
876 4288 1019 4358 cognovis-
1045 4286 1159 4358 ἀόρατα,
1177 4287 1414 4358 utvultSociuus,
1433 4289 1481 4361 qui
1497 4305 1643 4361 perperam
1659 4286 1690 4343 id
1709 4287 1830 4361 probare
1840 4289 1872 4345 ul·

186 4380 248 4429 sent
265 4390 326 4430 esse
338 4372 439 4443 Deum,
454 4380 549 4428 tamen
566 4373 626 4444 ejus
643 4373 760 4445 gloriam
780 4377 922 4428 mutarunt
938 4374 969 4430 in
984 4373 1019 4429 si·
1044 4373 1112 4430 titur
1128 4389 1162 4428 ex
1179 4371 1277 4429 Matth.
1300 4380 1344 4445 la,
1364 4392 1390 4430 v.
1409 4382 1456 4445 35,
1484 4373 1533 4431 ubi
1549 4393 1604 4431 non
1623 4381 1666 4431 est
1682 4373 1739 4431 iud
1759 4383 1872 4439 κτίσεσι.

186 4458 369 4515 militudinem
381 4459 532 4524 hominum,
551 4459 702 4527 volucrum,
723 4466 784 4527 etc,
801 4457 831 4513 id
843 4464 886 4514 est
897 4459 1019 4516 ethnicos
1044 4460 1093 4516 sed
1115 4459 1169 4515 ὰτιὸ
1189 4461 1340 4530 καταβολῆς
1358 4460 1481 4536 stupas,
1504 4460 1553 4517 sed
1570 4461 1607 4516 ad
1624 4477 1745 4534 sequeus
1763 4460 1870 4521 verbum

186 4540 365 4599 idoloutrast
384 4548 412 4597 2.
430 4544 592 4614 Descriptio
604 4545 720 4613 subjecti
736 4545 766 4599 s'n
777 4552 850 4599 textu
862 4546 1019 4615 apostolico
1045 4547 1211 4616 καθορᾶται,
1239 4554 1270 4603 ut
1287 4548 1368 4603 docet
1385 4547 1489 4603 inserta
1515 4545 1654 4619 paxticma
1677 4549 1735 4625 γὰρ
1759 4556 1790 4608 et
1810 4550 1870 4607 tas

180 4629 340 4702 proposita.
375 4629 443 4685 Illos
466 4629 553 4696 enim,
579 4627 609 4684 in
634 4629 735 4702 quibus
753 4630 783 4684 τό
800 4631 927 4703 γνωστὸν
948 4635 1020 4687 Θεοῦ
1045 4632 1224 4704 probatorum
1236 4633 1433 4705 exemplarium
1444 4640 1515 4690 teste
1526 4633 1595 4690 Aria
1605 4632 1757 4708 Montanos
1771 4635 1871 4694 interim

185 4715 362 4772 manifestum
382 4732 442 4772 esse
459 4716 539 4785 dicit,
559 4714 599 4771 sic
620 4715 765 4786 describit,
784 4717 858 4789 quod
876 4716 1019 4773 unitatem
1044 4717 1224 4792 praeferimus
1241 4719 1319 4776 illam
1338 4720 1563 4793 explicationem,
1586 4737 1658 4793 quae
1682 4718 1801 4795 phrasin
1818 4715 1919 4779 trent

186 4803 247 4858 Dei
266 4802 409 4857 &tineam
434 4801 464 4855 in
490 4802 631 4872 injustitia
649 4808 701 4857 ete.
721 4819 747 4857 v.
769 4807 814 4872 18,
838 4805 916 4873 quoa
932 4811 1019 4858 muta·
1044 4813 1155 4868 κτίσεως
1173 4803 1281 4880 κόσμου
1300 4822 1356 4862 non
1376 4806 1411 4863 de
1429 4812 1568 4880 tempore,
1591 4807 1642 4862 sed
1664 4806 1702 4865 dc
1727 4808 1820 4868 madio
1835 4824 1871 4866 te·

186 4891 275 4946 verint
292 4890 416 4960 gloriam
435 4888 495 4944 Dei
520 4888 742 4959 incorruptibilis
762 4889 791 4943 in
809 4888 1020 4945 sirnilituclinem
1045 4892 1176 4966 gnitionis
1196 4891 1307 4964 accipit
1339 4899 1361 4951 1.
1381 4891 1520 4966 quintini
1539 4893 1870 4968 nonsignifisstsmtnn

186 4978 321 5042 hominm,
347 4978 489 5031 uolucrum
513 4994 538 5035 v.
560 4983 607 5047 23,
632 4976 710 5048 quod
731 4976 880 5030 torrendis
892 4976 1020 5045 peccatis
1045 4999 1071 5046 ο,
1090 4978 1242 5037 sedetiam
1262 4998 1301 5050 ea,
1320 4985 1351 5035 ut
1370 4998 1403 5037 ex
1416 4979 1618 5054 lexicographis
1633 4987 1661 5038 st
1674 4978 1871 5039 concordantia

186 5073 283 5119 canna
303 5072 434 5119 naturam
453 5080 512 5117 aeae
531 5063 783 5118 contaminaverint
802 5079 828 5121 v.
840 5068 880 5118 26.
900 5064 1019 5127 Athaec
1044 5073 1152 5134 notum,
1178 5067 1232 5120 ini
1249 5071 1354 5142 μίρους
1371 5085 1403 5122 en
1415 5077 1516 5140 parte,
1540 5084 1613 5141 quae
1632 5065 1803 5141 significatio
1826 5065 1871 5143 ips*

186 5151 279 5206 omnia
292 5149 461 5207 conveniunt
473 5147 632 5222 gentilibus.
651 5148 751 5221 quibus
764 5147 860 5221 ignota
876 5148 931 5206 fuit
942 5149 1020 5206 verbi
1043 5151 1102 5208 fere
1119 5152 1246 5224 propria,
1266 5152 1378 5225 quando
1398 5153 1433 5209 de
1452 5153 1605 5211 haurienda
1623 5153 1787 5228 cognitione
1803 5171 1871 5213 usur

187 5234 272 5292 divini
283 5236 424 5302 revelatio,
442 5239 491 5309 qul
509 5234 637 5292 vixerant
655 5236 685 5290 in
703 5236 869 5305 temporibus
887 5236 1019 5306 agnoran-
1043 5246 1134 5312 patur,
1152 5239 1476 5310 hermensassen:
1495 5235 1551 5295 sind
1573 5241 1626 5296 τῶν
1643 5243 1771 5315 napaeis,
1788 5244 1872 5314 asra·

186 5322 242 5377 tiae
267 5322 331 5378 Act.
352 5328 397 5394 17,
423 5339 449 5378 τ.
468 5328 510 5378 ³0.
546 5327 573 5378 3.
600 5322 747 5405 oppositio
771 5323 928 5395 apostoliea
955 5341 976 5381 c.
995 5331 1019 5390 2,
1045 5327 1133 5380 clitus
1149 5327 1319 5396 cognescetis
1338 5344 1394 5390 eos.
1412 5345 1435 5383 c.
1455 5332 1496 5398 21,
1513 5344 1539 5384 r.
1558 5332 1598 5385 ³2.
1625 5322 1713 5384 Mare.
1736 5335 1779 5402 1³,
1797 5346 1823 5389 t.
1838 5333 1872 5389 ll·

185 5424 211 5462 v.
228 5413 270 5464 tl:
290 5409 450 5480 Quicunque
467 5410 528 5464 sine
545 5408 604 5478 lege
612 5417 777 5480 peccarunt,
794 5411 856 5464 sine
874 5409 934 5483 lege
941 5411 1019 5483 peri·
1046 5413 1081 5467 ab
1097 5413 1198 5468 ardore
1209 5413 1263 5484 fici
1281 5412 1380 5468 cls'acite
1396 5413 1616 5485 similitudinem,
1635 5410 1788 5488 atquahoc
1800 5428 1875 5475 seat·

181 5493 260 5561 lunt,
279 5501 306 5549 et
323 5496 477 5569 gaicungsm
493 5495 525 5551 in
537 5496 766 5566 lepepeeearunt.
779 5496 1019 5569 perlepemjuds'·
1045 5498 1129 5557 etiam
1150 5496 1240 5561 LXX.
1266 5515 1301 5556 ea
1323 5499 1462 5573 partiema
1486 5506 1608 5557 utuntur.
1643 5497 1710 5577 Sap.
1731 5508 1781 5576 1³,
1805 5516 1830 5562 1.
1846 5506 1873 5559 lt

183 5582 327 5652 calmae,
348 5580 398 5639 ubi
415 5580 537 5640 mtendit
553 5597 585 5639 se
603 5589 632 5640 et
649 5579 684 5641 de
701 5580 862 5656 gentilium,
888 5582 937 5655 qui
955 5601 1018 5643 cum
1046 5580 1102 5642 ini
1116 5582 1216 5654 αὐτῶν,
1228 5584 1264 5640 ab
1276 5584 1337 5640 illis
1348 5582 1535 5644 luminaribus
1543 5582 1875 5663 diswedelsatpessts
