3984 6022
560 217 575 250 Χ

204 279 264 337 aar
896 266 1022 353 Locus·
1036 264 1215 333 QUARTUS

204 443 306 481 manae
330 413 449 480 nauuae
477 426 507 477 ia
533 424 644 478 Christo
671 425 805 477 unionem.
853 424 955 477 Umbra
983 442 1037 476 noa
1064 421 1195 476 tribuitur
1216 421 1330 491 caritas,
1354 423 1428 477 unde
1454 429 1570 477 vocaurr
1590 424 1718 493 Spiritus
1744 423 1901 478 Meno

206 514 290 567 aliter
315 512 480 581 reprimitur
507 511 564 562 nisi
584 527 639 579 per
661 511 753 563 iumen
777 518 802 562 et
826 528 942 580 comae,
972 513 1037 565 ideo
1064 513 1088 562 2.
1106 507 1225 563 Timoth
1247 515 1269 563 1.
1287 526 1312 560 v.
1333 515 1356 576 i,
1377 508 1540 563 sicutPstri
1558 510 1692 579 potentia,
1710 510 1786 564 Filio
1796 511 1899 580 sapien-

204 599 293 651 uirtus
311 598 443 652 altissimi
460 598 566 650 debitor
582 598 757 651 ohrrmbrasse
775 598 893 666 eirpiui,
921 601 988 667 arria
1007 602 1037 653 in
1061 592 1103 646 tia
1129 593 1266 648 tribuitur.
1306 594 1443 648 Aleuinur
1470 594 1544 648 libr..
1560 601 1584 651 3.
1615 596 1651 650 de
1680 595 1800 650 trinitat.
1825 612 1850 650 e.
1872 602 1899 651 3:

204 687 265 753 ejus
293 693 372 737 utero
399 684 447 736 lua
471 685 640 754 incorporea
669 701 770 753 corpur
788 685 894 740 sumsit.
921 683 1037 757 Gregor.
1062 681 1110 735 Aa
1135 681 1199 734 ideo
1226 683 1331 735 dicitur
1357 684 1392 735 de
1412 682 1521 751 Spiritu
1547 702 1584 749 a,
1612 684 1681 751 prtia
1699 683 1770 746 feer't
1790 700 1852 736 aem
1867 685 1900 736 de

203 770 263 825 libr.
292 774 333 827 33.
357 768 452 824 moral.
480 787 504 826 c.
524 776 553 825 3:
581 771 651 823 nube
676 772 770 824 earnis
794 771 911 840 tepitur,
935 791 991 824 non
1007 781 1037 826 ut
1062 766 1170 834 vimine
1193 769 1285 833 moi,
1311 770 1379 837 quio
1401 770 1454 823 hoe
1478 787 1548 838 opus
1576 770 1708 823 naama
1725 778 1816 823 eamn
1833 772 1899 823 dosa

203 857 247 909 soi
275 857 388 909 diuinae
420 856 491 908 lueis
524 857 697 925 obscuretur,
728 859 780 909 sad
805 865 835 910 ut
861 866 1034 926 temperatam.
1064 854 1144 906 DEI
1159 856 1323 921 estfactum
1343 864 1369 907 et
1387 857 1492 908 dorsum
1507 856 1627 923 proprie
1646 855 1777 924 Spiritus
1795 875 1817 909 a.
1836 858 1900 909 diei·

203 940 323 1012 August
341 947 450 996 tractat.
470 949 508 997 34,
529 942 631 997 inJoh.
650 946 676 997 2.
696 945 737 995 aei
753 944 866 997 &uiuae
878 946 1036 1013 majestatis
1063 947 1125 1005 tur,-
1151 945 1174 993 3·
1205 940 1235 994 in
1262 939 1451 995 incarnatione
1478 940 1573 995 divino
1596 948 1624 996 et
1650 941 1778 996 humana
1803 948 1900 997 namn

205 1035 231 1080 et
248 1028 358 1094 plurius
374 1029 405 1081 ia
423 1027 533 1082 Chresto
552 1030 767 1097 apparitionem.
805 1028 884 1083 Sicut
901 1029 930 1085 in
946 1031 981 1085 V.
993 1031 1035 1095 Τ,
1062 1024 1243 1093 personaliter
1268 1026 1347 1082 tuere
1372 1027 1481 1095 unitae,
1512 1018 1582 1082 haec
1611 1026 1701 1081 unitio
1724 1029 1899 1098 peculiariter

205 1113 316 1189 qnando
347 1112 423 1168 Dens
460 1114 594 1187 peculiari
628 1114 710 1169 modo
744 1115 834 1169 voluit
863 1118 1034 1187 majestatem
1063 1111 1221 1182 migratur
1252 1113 1367 1182 Spiritui
1394 1132 1429 1182 s.,
1462 1113 1510 1184 qui
1541 1114 1600 1184 ipse
1631 1121 1673 1168 eet
1705 1115 1898 1170 indissolubile

203 1216 281 1253 suam
304 1201 442 1269 revelare,
468 1207 500 1254 ut
516 1200 641 1256 homines
657 1201 787 1256 mortales
804 1218 865 1256 eam
883 1203 954 1257 ferre
973 1218 1035 1272 pos·
1062 1197 1205 1251 vinculum
1231 1201 1338 1253 amoris
1368 1200 1441 1252 inter
1468 1201 1583 1253 Patrem
1609 1207 1635 1253 a
1659 1201 1772 1254 Filiam
1800 1200 1897 1256 Bemh.

203 1285 451 1348 sent’nmbraculo
470 1287 591 1358 quodam
611 1289 693 1344 nubis
711 1304 773 1342 earn
790 1289 976 1344 obumbravit:
996 1289 1035 1343 sic
1063 1299 1142 1337 eorm·
1163 1289 1186 1338 3.
1205 1283 1234 1342 in
1246 1283 1308 1339 fest
1321 1284 1479 1341 Pontecooi·
1491 1286 1542 1342 001·
1559 1291 1615 1350 164.
1634 1287 1792 1357 ῑΜΙῙαόἦὺ
1803 1288 1898 1342 Potrit

202 1371 231 1426 in
254 1371 307 1426 hoc
330 1391 436 1428 summo
461 1380 489 1428 et
513 1374 641 1444 ἐξαιρέτῳ
659 1375 740 1430 modo
758 1376 931 1446 praesentiae
951 1383 978 1430 et
996 1376 1035 1430 in-
1063 1377 1088 1421 ot
1112 1370 1187 1424 Filii
1208 1373 1371 1426 commuuio.
1407 1373 1527 1443 August.
1551 1379 1574 1427 5.
1602 1372 1637 1427 de
1655 1372 1788 1428 'lh-mitat
1811 1391 1834 1428 c
1855 1380 1938 1441 113m.

202 1456 381 1513 habitationis
402 1462 450 1513 roi
467 1459 567 1529 Λόγου
594 1460 622 1514 in
646 1466 768 1515 assumta
790 1478 873 1516 carne
896 1462 971 1516 facta
995 1468 1036 1517 est
1063 1462 1087 1511 4.
1106 1455 1173 1527 quia
1196 1457 1286 1528 digitu
1309 1457 1364 1513 Dei
1386 1458 1431 1513 lex
1455 1465 1515 1512 erat
1537 1457 1654 1528 scripta,
1678 1461 1852 1531 congruebat
1869 1467 1898 1514 nt

203 1542 390 1615 obumbratio,
416 1552 448 1600 ut
471 1553 564 1616 possa
581 1545 640 1600 lieri
660 1546 708 1601 illa
725 1565 833 1606 omnem
851 1548 933 1602 etiam
952 1565 1035 1620 auge·
1064 1543 1123 1595 Dei
1147 1543 1251 1611 diaito,
1283 1544 1331 1615 qui
1357 1550 1400 1599 est
1424 1543 1585 1615 Spiritus.
1608 1543 1707 1598 Motth·
1739 1551 1782 1609 12.
1805 1564 1833 1600 V·
1859 1553 1897 1601 27-

203 1630 291 1686 lorum
320 1638 433 1702 captum
461 1633 595 1688 excedens
622 1633 731 1688 divinae
758 1635 911 1705 majestatis
935 1640 964 1689 et
986 1634 1035 1688 hu·
1063 1626 1131 1682 Luc.
1153 1635 1198 1699 11,
1216 1648 1241 1686 v.
1260 1636 1306 1695 20,
1331 1630 1370 1697 is,
1396 1629 1445 1701 qni
1462 1630 1554 1701 legem
1571 1648 1622 1700 pro
1637 1629 1719 1685 nobis
1739 1631 1898 1703 impleturus

203 1733 301 1773 manae
313 1724 428 1774 naturae
440 1719 469 1772 in
479 1737 563 1774 uuam
574 1736 719 1790 personam
728 1721 803 1776 unio.
821 1720 994 1776 Chemnicius
1007 1722 1035 1774 iu
1063 1721 1136 1783 erat,
1153 1715 1181 1769 in
1199 1720 1278 1771 utero
1294 1715 1410 1787 virginis
1427 1717 1613 1779 immurmuro
1631 1724 1654 1772 5-
1672 1717 1748 1773 licut
1765 1719 1794 1772 in
1812 1720 1898 1790 prim

203 1802 298 1858 Herm.
317 1822 341 1859 c.
362 1813 385 1860 4.
403 1824 431 1876 p.
447 1812 510 1876 1223
530 1812 557 1861 3.
577 1809 618 1861 ad
630 1808 805 1876 peasiiarem
824 1808 1036 1862 corruerimus
1062 1801 1200 1856 creatione
1219 1801 1339 1872 Spiritus
1356 1821 1376 1858 s.
1395 1804 1544 1857 incubabat
1566 1804 1650 1872 aquis
1666 1820 1773 1875 easque
1789 1805 1896 1861 fovebat

203 1891 240 1944 tis
264 1893 293 1943 in
310 1893 361 1946 hoe
379 1894 510 1960 mysterio
530 1895 727 1962 operationem.
764 1892 883 1965 Spiritus
902 1913 922 1948 s.
942 1911 1034 1964 super·
1062 1892 1091 1940 ot
1109 1886 1296 1943 foecundabat
1313 1883 1384 1942 (iin-
1400 1893 1420 1953 ¹·
1436 1908 1460 1944 V·
1474 1895 1498 1958 ²,
1517 1888 1557 1943 ⁸1⁰
1575 1889 1605 1943 11¹
1623 1891 1750 1946 mund·
1760 1892 1895 1946 motione

203 1976 279 2031 venit
305 1982 333 2031 et
357 1978 445 2032 viram
468 1977 605 2032 Altinimi
632 1978 808 2034 obumbravit
830 1979 978 2051 virginem,
1007 1980 1035 2033 id
1063 1972 1182 2042 Spiritus
1208 1991 1229 2027 a
1258 1974 1392 2044 virginem
1423 1975 1460 2029 ad
1489 1974 1701 2045 concipiendum
1735 1977 1894 2032 ulvamrsm

204 2066 247 2116 est
275 2069 335 2118 tota
360 2071 535 2119 sacrmancta
559 2065 668 2121 trinitas
691 2066 825 2136 peculiari
849 2067 955 2121 ratione
982 2066 1036 2121 fnit
1063 2059 1229 2115 s0ecundtm
1245 2060 1375 2114 reddidit.

205 2155 318 2217 operata
335 2149 364 2204 in
383 2150 474 2204 foetus
493 2150 567 2205 illius
585 2151 759 2222 formatione,
784 2153 990 2208 conservatione
1009 2160 1037 2208 et
1099 2152 1156 2200 107.
1191 2147 1223 2210 Q·
1251 2153 1274 2199 5·
1310 2148 1357 2199 Ao
1383 2148 1417 2201 Ob
1442 2149 1615 2215 omeliam
1640 2150 1726 2204 iilam
1754 2153 1785 2204 io
1810 2169 1896 2205 cosor

205 2233 243 2288 ab
270 2235 344 2288 omni
371 2235 480 2305 pseusti
505 2237 569 2292 labe
596 2237 765 2293 defensione.
811 2226 1036 2309 Tbeophylactus
1059 2233 1155 2301 otioso
1175 2232 1283 2286 Christi
1299 2235 1487 2302 operationem
1507 2234 1632 2303 spiram
1647 2254 1671 2292 s.
1695 2245 1771 2290 reate
1790 2239 1896 2291 &eaor

206 2319 281 2384 dicit,
299 2338 358 2374 esse
373 2323 564 2392 metaphoram
585 2326 697 2378 ductam
717 2326 752 2378 ab
769 2326 888 2377 aviculis
907 2325 1035 2377 inustam
1060 2327 1143 2386 ΡΜ·
1173 2318 1297 2373 Christi-²
1329 2320 1443 2376 Minime
1470 2339 1546 2386 voro,
1575 2322 1642 2393 quia
1671 2323 1754 2378 nulla
1780 2342 1815 2379 ex
1845 2324 1893 2378 illis

204 2405 290 2475 tibris,
313 2416 344 2460 ut
363 2409 401 2461 eit
418 2426 531 2462 senna:
561 2411 648 2463 airam
666 2411 800 2465 ahmami
815 2413 915 2464 reddet
932 2419 958 2464 te
977 2412 1035 2474 foe
1061 2405 1225 2469 actionibus,
1243 2422 1315 2476 quae
1332 2406 1448 2477 Spiritui
1465 2425 1485 2461 s.
1506 2407 1535 2462 in
1554 2407 1607 2462 hoc
1623 2425 1709 2480 opere
1728 2411 1895 2480 tribuuntur,

204 2494 342 2558 eandoem
356 2499 380 2549 4.
394 2496 915 2566 adimamatiom‘efiuetifiaationem.
934 2496 1035 2552 DEUS
1062 2491 1148 2561 patrie
1178 2493 1375 2562 proprietatem
1408 2499 1436 2549 ei
1461 2493 1675 2564 appellationem
1704 2495 1762 2567 ipsi
1788 2497 1895 2552 tonsori

203 2586 246 2634 est
261 2578 334 2650 ignis
354 2595 524 2646 consumens,
542 2583 592 2637 sed
610 2582 764 2638 FiliusDei
782 2583 941 2638 mauruntus
957 2598 1035 2653 prae·
1062 2578 1106 2632 Pii
1129 2583 1235 2633 veteres
1258 2585 1389 2634 revocant
1412 2579 1488 2634 illam
1507 2566 1644 2635 actionem
1665 2581 1702 2635 ad
1726 2582 1783 2637 tria
1801 2585 1894 2654 capita

204 2672 262 2718 etat
285 2664 366 2719 nobis
391 2666 598 2737 umbraculum,
627 2686 662 2724 ne
688 2668 724 2722 ab
751 2669 815 2740 igue
841 2669 898 2725 hae
925 2669 1035 2724 diuinae
1061 2663 1185 2719 Primum
1208 2672 1251 2720 est
1276 2664 1378 2735 ἰέμεαος
1403 2669 1542 2740 ἐνέργεια,
1567 2668 1642 2738 quod
1666 2668 1780 2725 dederit
1802 2671 1896 2743 virgini

189 2755 316 2819 ,propter
338 2758 454 2821 peccata
481 2752 665 2809 absumamur.
706 2753 792 2808 Primi
818 2761 946 2825 parentes
973 2760 1036 2824 post
1061 2750 1222 2806 facultatem
1246 2752 1305 2807 sine
1331 2752 1403 2807 virili
1425 2755 1528 2809 semine
1551 2759 1660 2824 praeter
1685 2763 1807 2813 naturae
1831 2757 1896 2812 ordi·

130 2853 134 2859 ·
202 2835 353 2891 admissum
379 2845 524 2908 peccatum
551 2840 604 2895 sub
629 2840 775 2896 arboribus
799 2859 828 2896 se
852 2841 1035 2909 abscondunt,
1061 2852 1125 2890 nem
1153 2837 1327 2909 concipiendi
1356 2839 1468 2895 foetum.
1512 2840 1641 2895 Altanum
1671 2849 1717 2896 est
1743 2844 1896 2911 θαυμάσιος

202 2921 252 2976 sed
277 2938 333 2978 non
350 2933 466 2994 possunt
482 2928 628 2991 occultari,
653 2928 701 2999 qui
716 2945 782 2983 vero
799 2928 835 2983 ab
853 2929 894 2983 irs
910 2928 964 2984 Dei
986 2928 1034 2983 ab·
1062 2922 1209 2997 iytoouo'r,
1234 2925 1308 2995 quod
1331 2941 1450 2980 messem
1475 2925 1565 2995 illam,
1587 2943 1621 2981 ex
1639 2943 1697 2998 qua
1715 2945 1820 2999 corpus
1838 2928 1896 2983 Filii

202 3008 298 3063 scandi
314 3010 400 3080 cupit,
418 3011 563 3084 confugiat
579 3013 631 3069 sub
648 3013 700 3069 hoc
715 3013 914 3069 umbraculum.
945 3013 1034 3068 Filius
1062 3010 1288 3079 Dei-formatum,
1306 3010 1526 3079 sancticaserit,
1544 3013 1573 3066 id
1591 3021 1633 3068 est
1650 3029 1668 3066 a
1681 3023 1802 3084 peceato
1825 3033 1895 3070 mon

202 3092 270 3148 DEI
288 3096 428 3153 Isra'elitas
451 3099 480 3153 iu
498 3100 606 3156 ἀσωτία
624 3107 775 3172 praecessit
791 3103 821 3155 iu
840 3102 969 3155 columna
985 3120 1035 3154 nu·
1062 3096 1174 3151 daverit.
1210 3095 1337 3151 Tertium
1354 3103 1396 3152 eet
1414 3096 1527 3171 ἶέῤῥηιος
1545 3098 1654 3165 iuuare,
1681 3102 1760 3170 quod
1779 3102 1893 3159 divim

204 3182 246 3234 his
264 3191 290 3236 et
309 3184 383 3250 ipnis
400 3184 487 3243 Exod.
510 3192 554 3254 13,
572 3204 598 3240 r.
618 3193 663 3252 21,
681 3188 711 3242 in
727 3188 773 3243 die
790 3188 988 3250 umbraculum,
1005 3188 1034 3242 in
1061 3189 1089 3237 et
1111 3181 1259 3236 humanam
1285 3189 1413 3238 natrrram
1439 3184 1468 3238 in
1491 3201 1575 3239 unam
1596 3202 1750 3254 personam
1773 3189 1894 3244 univerit.

204 3275 285 3325 nocte
307 3269 397 3327 lucem
420 3272 488 3342 ipsis
513 3273 658 3345 exhibens,
681 3291 736 3346 quo
759 3276 819 3345 ipso
838 3275 1034 3330 incarnationis
1061 3269 1179 3340 Spiritus
1203 3288 1222 3323 s.
1247 3269 1301 3324 tuit
1324 3287 1409 3325 musa
1429 3272 1615 3343 conceptionis
1637 3290 1693 3328 uon
1720 3277 1893 3347 suspectari.

204 3354 308 3410 utilitas
325 3357 406 3412 nobis
424 3357 640 3431 praefiguratum
659 3366 684 3416 5.
705 3363 747 3415 ad
764 3363 867 3415 seriam
885 3380 903 3414 o
916 3370 1033 3414 temera·
1060 3356 1109 3410 sed
1134 3361 1157 3411 l.
1175 3357 1368 3428 δημιουργική,
1392 3363 1415 3412 2.
1433 3357 1592 3427 ἀγιαστική,
1612 3365 1637 3414 3.
1655 3362 1823 3430 trimenstri.
1856 3363 1893 3418 De

194 3443 248 3495 ria
269 3445 493 3511 perscrutatione
520 3448 747 3503 dehortationem.
792 3447 934 3514 Quomodo
960 3448 1035 3502 iacta
1061 3442 1112 3496 hac
1148 3441 1250 3512 triplici
1285 3443 1404 3513 Spiritus
1431 3461 1452 3501 s.
1488 3445 1613 3516 adeoque
1645 3446 1735 3500 totins
1767 3448 1893 3503 mnino

202 3528 239 3583 sit
257 3530 307 3581 soi
324 3529 425 3598 Λόγου
442 3532 622 3602 έναάρκασις,
642 3551 694 3590 nec
711 3534 834 3605 perfecte
853 3535 922 3590 scire
939 3551 1034 3604 possu·
1060 3528 1219 3599 operatione
1236 3529 1276 3583 sic
1293 3529 1444 3600 loquuntur
1460 3531 1500 3601 pii
1512 3537 1634 3586 veteres:
1653 3530 1761 3587 iustis.
1773 3535 1892 3604 Apuli.

202 3631 264 3669 mus
288 3632 339 3674 nec
363 3623 466 3674 temere
481 3621 648 3689 perscrutari
666 3620 811 3690 debemus,
838 3621 887 3677 sed
904 3620 1034 3675 memine-
1060 3632 1109 3684 pro
1127 3614 1226 3669 Christ
1249 3632 1274 3685 p.
1299 3616 1347 3671 58:
1374 3615 1493 3689 δύναμις
1511 3619 1578 3670 θεοῦ
1596 3618 1761 3672 ἐπελθοῦσα
1781 3622 1816 3693 τῇ
1831 3640 1892 3693 nep

203 3699 289 3756 rimus
313 3702 416 3759 nubem
440 3708 597 3778 essequam
622 3707 814 3778 interpositam
831 3714 859 3762 et
875 3707 1034 3775 obductam,
1060 3707 1134 3769 esra
1164 3704 1325 3756 ἐπεσκίασεν
1358 3702 1443 3768 uiuite
1471 3708 1516 3757 rai
1547 3705 1727 3774 αυοφορῇσαι
1755 3713 1893 3779 neptim

203 3803 286 3858 quam
312 3805 367 3843 non
394 3791 543 3847 debeamus
562 3810 746 3865 perrumpere,
783 3794 862 3850 siout
885 3794 1033 3851 cherubim
1059 3785 1148 3842 οὖσαν
1172 3795 1331 3855 πεποίηκεν.
1372 3789 1409 3844 Et
1425 3797 1533 3859 postea:
1559 3789 1589 3843 ri
1614 3793 1733 3864 πνεῦμα
1751 3792 1838 3849 iioir
1852 3795 1890 3848 ar

202 3873 406 3932 obumbrabant
427 3893 520 3932 arcam
542 3879 661 3936 foederis
685 3887 710 3937 2,
728 3880 821 3936 Pani,
845 3888 873 3944 5,
896 3899 921 3935 v,
947 3887 977 3948 8,
1000 3897 1034 3936 ne
1059 3877 1109 3943 τὴν
1126 3880 1270 3948 παρθένον
1289 3879 1333 3929 eal
1355 3877 1518 3929 ἐπισκιάσαν
1537 3875 1569 3930 ou'
1589 3875 1636 3928 dui
1657 3886 1826 3949 συνουσίας,
1849 3898 1891 3952 per

203 3959 265 4031 quis
289 3951 392 4014 ³2⁸2&
422 3964 479 4018 siae
503 3967 678 4020 diuinitatem
705 3984 788 4037 super
814 3966 1033 4037 propitiatorium
1059 3960 1243 4025 concubitum,
1262 3959 1331 4015 iiii
1350 3961 1397 4014 διὰ
1410 3961 1554 4034 δυνάμεως
1566 3960 1710 4035 ἐγκύμονα
1722 3971 1889 4033 κατέστησα.

201 4046 374 4104 habitantem
386 4049 519 4105 canorius
538 4052 639 4109 intueri
656 4054 831 4121 desideraret
851 4059 879 4108 et
890 4051 1033 4123 Seraphim
1059 4046 1092 4101 in
1117 4048 1176 4101 ἔκθ-
1200 4068 1230 4103 π.
1252 4065 1279 4117 p.
1304 4054 1369 4104 299:
1403 4048 1521 4102 Verbum
1537 4049 1646 4115 sirpine
1666 4052 1840 4109 immnerito
1856 4055 1890 4108 ad

201 4135 327 4202 tepebant
344 4137 450 4200 faeiem
468 4155 547 4192 mom
561 4139 636 4195 Esai.
655 4147 679 4209 6,
696 4158 721 4194 v.
741 4146 770 4195 2:
796 4140 836 4195 sic
853 4139 940 4194 virtus
959 4139 1033 4193 altis·
1059 4134 1247 4187 oocooomt'om
1274 4135 1476 4202 meditem
1493 4143 1574 4189 “iem
1593 4143 1619 4189 θ’
1636 4144 1748 4192 “mm
1767 4142 1847 4208 ‘juvi
1865 4148 1889 4192 ¹³

201 4220 263 4276 simi
289 4222 481 4278 umbraculum
504 4224 682 4297 interposuit,
708 4243 743 4282 ne
762 4227 791 4280 in
809 4226 920 4282 modum
938 4227 1033 4299 iosap·
1059 4223 1182 4274 manum
1208 4222 1351 4290 pumen
1368 4238 1466 4289 semera,
1492 4223 1653 4289 inprediene
1676 4225 1736 4277 eibi
1762 4227 1887 4295 templer-

199 4307 310 4369 suosne
337 4310 471 4365 cmiosius
502 4311 671 4382 inquiramus
701 4313 800 4384 Chrys.
828 4313 920 4368 homil.
950 4320 973 4367 t.
1004 4313 1033 4366 in
1052 4309 1191 4376 formauit
1223 4309 1359 4362 hominem
1390 4310 1542 4377 inteprurn,
1567 4310 1717 4377 parumn
1738 4314 1840 4383 aliam
1861 4330 1887 4367 a

199 4410 225 4448 o.
253 4402 275 4449 1.
298 4394 375 4450 ton:
402 4397 547 4459 Quomodo
571 4385 658 4454 Desa*
668 4403 770 4468 faetus
796 4400 832 4453 eit
854 4400 948 4467 hmno,
974 4398 1034 4452 noli
1058 4395 1137 4448 iliius
1153 4402 1257 4449 notrae
1275 4404 1391 4463 accepta
1408 4404 1434 4448 et
1446 4397 1581 4464 stupendo
1601 4397 1706 4464 templo
1728 4398 1760 4450 s'n
1771 4401 1888 4454 sabem-

201 4482 367 4550 dispuirere,
384 4485 495 4549 factum
511 4493 558 4553 est,
577 4494 608 4538 at
626 4489 687 4556 ipsa
706 4492 788 4540 aava.
1058 4483 1128 4535 tiam
1145 4482 1207 4549 ejus
1222 4483 1355 4534 redacta:
1375 4482 1427 4535 hoa
1446 4482 1508 4550 ipso
1528 4484 1642 4535 indutus
1655 4483 1747 4550 juata
1759 4504 1886 4540 summan

237 4571 294 4622 106.
329 4568 362 4633 Q.
382 4575 406 4624 4.
446 4570 540 4631 Quare
565 4573 708 4640 aoreeeptio
729 4573 835 4628 Christi
847 4570 1033 4641 pemdiariter
1058 4569 1184 4622 unionem
1207 4568 1302 4621 bilius
1328 4569 1386 4621 Dei
1411 4575 1529 4637 raraque
1555 4576 1660 4622 naama
1686 4575 1840 4640 ρτοαωίν,
1862 4588 1889 4626 ee

199 4654 339 4707 adeatur
358 4653 481 4722 Spiritum
500 4659 545 4712 ai
572 4664 593 4713 l.
617 4658 654 4712 ad
675 4666 799 4714 sancum
825 4657 1031 4728 conceptionem
1058 4657 1109 4710 itio
1128 4656 1198 4709 enim
1216 4655 1311 4708 Filius
1331 4662 1357 4708 et
1372 4656 1453 4708 aaa
1472 4663 1497 4708 et
1514 4656 1601 4710 hama.
1637 4655 1728 4711 Hilar.
1747 4659 1798 4716 lib.
1817 4665 1841 4715 2.
1857 4659 1888 4714 de

199 4740 403 4814 requirebatur,
431 4747 463 4794 ut
487 4758 623 4798 venenum
652 4746 760 4814 peccati
780 4763 814 4802 ex
837 4745 954 4818 gutudis
977 4742 1031 4797 illis
1057 4741 1132 4796 ‘Irin
1160 4759 1188 4812 p.
1214 4747 1259 4796 20:
1292 4740 1416 4809 Spiritus
1441 4759 1463 4793 s.
1491 4743 1610 4811 desuper
1634 4746 1751 4799 amiens
1779 4747 1888 4815 ris-pisis

198 4826 352 4899 sanguinis,
370 4842 403 4881 ex
422 4826 523 4898 quibus
541 4847 640 4900 corpus
658 4829 760 4886 Christi
777 4832 950 4887 formandum
964 4835 1031 4898 erat,
1058 4829 1193 4883 interiora
1217 4827 1402 4890 sanctificavit
1426 4835 1452 4880 et
1477 4829 1507 4880 in
1529 4828 1573 4881 tis
1599 4830 1731 4899 spirans,
1757 4835 1827 4902 qma
1849 4833 1890 4886 aii

199 4919 387 4984 extergeretur
413 4921 442 4967 et
468 4931 559 4970 massa
581 4915 631 4970 illa
653 4915 884 4986 mnstificaretnr,
912 4918 964 4975 hoo
990 4928 1033 4975 est
1058 4915 1130 4983 cua,
1155 4914 1246 4982 spirat
1264 4913 1409 4981 ἅπαντα,
1438 4921 1560 4968 naturae
1581 4931 1610 4968 ss
1634 4914 1778 4973 hasnam
1802 4920 1889 4974 mi

198 5004 342 5070 spectato
360 4999 541 5055 mundaretur
558 5018 591 5058 ac
609 5000 836 5072 smctiticarctur,
854 5011 886 5059 nt
898 5005 1032 5076 sic,qu0d
1058 5001 1206 5056 innocuit
1231 5007 1256 5054 et
1282 5000 1327 5068 id,
1351 5001 1427 5069 quod
1449 5000 1573 5054 alienum
1595 5018 1615 5054 a
1637 5017 1667 5055 ea
1692 5013 1773 5073 erat,
1797 5009 1826 5059 ri
1842 5023 1888 5061 aas

200 5094 368 5154 weaaur,
387 5095 457 5140 esset
473 5097 598 5142 sanetum
620 5089 687 5144 Luc.
708 5095 729 5158 1,
749 5109 776 5146 v.
790 5096 831 5159 35,
851 5097 880 5144 et
897 5110 916 5144 α
932 5109 1031 5161 peeca-
1059 5107 1093 5143 aa
1115 5095 1250 5157 potestate
1268 5087 1454 5155 praesumsit,
1472 5095 1554 5156 atque
1573 5096 1619 5156 ut,
1636 5105 1671 5142 ne
1690 5093 1764 5159 qaid
1776 5110 1832 5162 per
1846 5095 1889 5146 in·

199 5173 305 5226 mribus
322 5181 484 5243 separatum
504 5175 591 5233 Hebr.
614 5183 642 5246 i,
666 5196 691 5233 r.
712 5182 753 5232 26.
780 5176 844 5232 Jam
862 5194 928 5233 vero
947 5178 1031 5249 Spiri-
1059 5171 1235 5228 beatitatem
1259 5174 1374 5227 humani
1397 5176 1523 5242 somariis
1552 5175 1717 5244 deeidam,
1743 5180 1833 5233 suaa
1852 5180 1888 5234 el·

199 5256 241 5310 tui
258 5275 279 5311 s.
296 5259 473 5330 peculiariter
493 5263 623 5318 tribuitur
641 5262 836 5332 sanctificatio,
855 5264 930 5319 unde
947 5264 1031 5319 etiam
1058 5261 1160 5314 rosini
1186 5260 1319 5328 vireium
1342 5261 1502 5329 vbml’ffl‘,
1526 5261 1717 5328 iufirmimm
1741 5267 1806 5333 ‘jv‘
1824 5266 1889 5321 ”hi

197 5351 312 5399 vocatur
330 5345 455 5415 Spiritus
472 5351 713 5419 santificationis,
747 5351 895 5408 Romanor.
912 5356 936 5420 3,
953 5368 977 5404 v.
997 5356 1031 5413 4;
1053 5363 1108 5415 por
1124 5348 1252 5400 umbram
1270 5346 1471 5408 circumfremit*
1488 5348 1663 5417 Mirm,
1680 5359 1713 5402 “t
1734 5355 1777 5407 od
1793 5370 1890 5408 mm·

197 5434 222 5487 2.
233 5444 302 5499 opus
320 5430 516 5491 memnonis
534 5443 576 5492 est
593 5452 663 5506 opus
682 5436 828 5510 smgnlaris
849 5436 982 5495 bonitatis
1001 5441 1030 5490 et
1056 5433 1140 5487 tinam
1163 5434 1283 5487 ineuntis
1302 5433 1427 5502 Spiritus
1447 5434 1606 5498 efficacium
1626 5437 1819 5494 mittentium
1835 5458 1889 5494 aar·

196 5513 352 5571 ἀῦοοῐίοιιία
367 5516 492 5588 ἀίσίααας
512 5523 573 5592 jam
591 5538 655 5577 vero
673 5522 789 5594 Spiritui
806 5542 829 5582 s.
848 5522 1025 5593 peouhanter
1051 5519 1182 5590 perolas
1218 5520 1317 5574 mnino
1352 5520 1461 5573 uirtutr's
1498 5521 1667 5578 immoratio
1715 5533 1889 5595 nomm
