3968 6024
772 290 824 347 ΒΕ
842 284 1002 348 NATURA
1018 288 1094 349 Dlil.
1716 297 1775 356 357

91 441 148 496 bile
166 441 335 513 symbolum,
361 461 427 515 ergo
449 446 579 515 majestas
597 451 625 501 et
641 446 731 518 gloria
749 446 803 500 Dei
821 454 863 502 est
880 445 921 499 fa·
945 448 1112 517 priusquam
1136 450 1255 501 mundata
1279 453 1355 500 estet
1391 444 1446 500 Hic
1470 450 1545 500 certe
1560 444 1645 499 talem
1663 442 1779 516 gloriam

90 528 146 584 cies
164 528 227 599 Dei,
245 529 261 583 i.
281 547 304 586 e.
321 531 381 600 ipse
396 530 474 585 Deus
493 539 521 587 et
539 532 602 602 ipsa
616 533 671 589 Dei
691 534 818 589 essentia.
948 528 1072 587 Obrimus
1092 532 1145 589 sibi
1162 532 1222 588 dari
1240 533 1318 604 petit.
1337 546 1409 603 quae
1428 548 1483 586 non
1495 529 1643 585 est'dirina
1656 528 1777 600 inferior,

126 621 186 671 ³01.
215 615 389 687 Majestatem
411 624 440 672 et
463 616 581 689 gloriam
597 619 651 673 Dei
677 619 819 690 Scriptura
843 636 920 690 prae·
947 618 996 674 sed
1014 635 1097 691 quam
1113 620 1264 674 secundum
1289 619 1409 674 divinam
1427 623 1554 685 naturam
1572 616 1647 688 apud
1663 615 1777 672 Patrem

90 700 182 755 dicat:
212 708 233 756 1.
258 702 412 767 οὐσιωδῶς,
438 703 549 774 quando
572 704 664 759 Deum
683 713 764 761 vocat
783 723 921 773 mapsam,
948 703 983 760 ab
1005 713 1117 761 aeterno
1130 705 1253 777 habuit,
1280 721 1364 778 quae,
1388 704 1412 760 si
1437 721 1492 759 non
1514 708 1558 759 est
1578 719 1642 758 vere
1664 708 1694 758 et
1708 719 1777 774 pure

89 788 272 856 tritissimum,
289 789 442 857 pluriorem
461 796 512 846 etc.
547 792 921 861 Act.t,v.2:1Deusqlo·
948 791 1056 862 diviua,
1081 790 1206 847 Christus
1230 809 1284 847 non
1309 791 1360 848 erit
1377 807 1459 846 verus
1475 788 1560 846 Deus.
1593 784 1709 861 Begerlt
1724 788 1777 843 Po·

89 874 159 926 rioe.
199 879 221 930 2.
250 874 440 945 tremissae,
474 878 584 947 quando
610 879 705 947 plena
733 880 792 932 Dei
816 896 921 932 omnem
947 879 1028 934 lanus
1051 879 1173 948 iutellipr'
1192 880 1315 949 pieriam
1337 879 1548 944 mediatorium,
1574 888 1658 947 φιαιιι
1683 876 1779 929 habuit

89 967 195 1012 umam
208 961 325 1030 plenam
343 979 400 1017 esse
419 964 517 1018 asserit
534 965 597 1019 an.
617 972 646 1028 6,
664 984 689 1020 v.
708 970 731 1021 3.
751 980 784 1020 ac
801 964 922 1036 gloriosa
951 966 1089 1033 Christus,
1113 967 1278 1036 priusquam
1304 966 1423 1019 murdris
1446 972 1515 1018 meet
1533 963 1563 1015 ia
1581 962 1778 1031 pramstisa-

89 1051 118 1101 et
134 1046 272 1103 mirabilis
288 1047 342 1104 Dei
360 1065 445 1120 opera
462 1051 663 1108 consideranda
680 1052 760 1109 nobis
775 1053 921 1124 proponit;
948 1053 1029 1106 tiam.
1065 1050 1105 1105 At
1129 1050 1202 1107 unde
1226 1050 1325 1122 probat
1341 1049 1414 1105 hanc
1438 1066 1515 1105 suam
1534 1047 1674 1121 glossam?
1701 1045 1777 1102 Obri-

90 1138 115 1187 3·
130 1137 346 1206 πθθῐθέπῐαῶς,
372 1138 484 1208 quando
502 1138 596 1210 jubet,
621 1147 654 1195 ut
676 1141 767 1196 Deum
787 1140 921 1213 glorifice·
948 1146 1007 1193 stus
1029 1138 1155 1194 absolute
1180 1138 1341 1209 pronuntiat
1364 1156 1393 1193 se
1412 1135 1528 1209 gloriam
1546 1135 1622 1189 illam
1639 1132 1776 1197 habuisse,

90 1237 166 1290 mus,
189 1220 372 1291 celebremus,
393 1224 568 1295 extollamus,
595 1225 810 1298 magnificemus.
847 1226 921 1281 'lba-
947 1224 1069 1280 Polanus
1089 1225 1182 1287 addit,
1207 1225 1284 1293 quod
1305 1225 1335 1276 ia
1353 1223 1612 1294 praedestinatione
1635 1220 1778 1284 habuerit;

89 1306 154 1361 lass.
172 1307 212 1365 ad
228 1307 337 1363 Paulin.
354 1309 498 1382 Presbyt:
523 1312 558 1365 Ut
578 1315 657 1366 Deus
674 1314 754 1367 uobis
771 1315 921 1371 atmodum
948 1309 1072 1366 Christus
1100 1309 1180 1377 dicit,
1207 1310 1282 1381 quod
1308 1308 1424 1380 gloriam
1448 1308 1524 1363 illam
1547 1306 1675 1362 habuerit
1702 1305 1776 1380 nupsi

90 1396 236 1449 wamiam
260 1402 300 1449 est
321 1396 489 1465 incoquitur,
516 1399 558 1451 sic
580 1403 729 1455 secuudum
750 1403 921 1471 maJestatem
949 1402 1046 1468 πατρί,
1074 1394 1218 1464 nimirum,
1248 1395 1314 1467 quia
1338 1394 1376 1451 ab
1401 1402 1513 1451 aeterno
1540 1400 1600 1449 erat
1625 1390 1779 1467 μονογενὴς

90 1487 130 1534 cst
149 1481 304 1535 immensam
340 1479 468 1538 Ambros.
487 1482 534 1539 lib.
555 1489 578 1539 2.
597 1484 720 1541 bexaiim.
740 1503 764 1541 c.
784 1493 813 1543 3:
841 1489 921 1541 Deus
950 1480 1024 1556 napi
1045 1482 1145 1554 πατρός
1163 1481 1225 1540 Job.
1241 1488 1263 1546 l,
1281 1500 1308 1536 v·
1328 1488 1367 1538 ll·
1402 1482 1525 1538 Polssnus
1543 1480 1617 1544 dieii,
1635 1480 1778 1549 tumim

90 1575 132 1619 eet
154 1568 323 1622 emeruistis
345 1577 464 1636 matura,
486 1570 701 1627 inaestimabilis
720 1575 921 1641 mopsuestiae,
948 1568 1502 1638 apadPatrem,eediuPatre‚oidelicet
1515 1565 1777 1628 iadecretoPatris‚
1827 1598 1830 1603 ·

88 1653 376 1724 incomprehensibilis
396 1656 427 1708 ira
455 1657 592 1727 operibua
626 1660 664 1713 la
686 1661 750 1713 Deo
774 1668 814 1713 eat
832 1661 921 1728 loupi-
948 1657 978 1709 in
994 1655 1254 1726 praedestinatione
1271 1655 1405 1710 retusa.
1425 1654 1458 1709 In
1476 1651 1726 1725 praedestinatione
1743 1649 1778 1704 ai-

88 1741 159 1793 tudo
173 1734 451 1811 per'aeteraitatem,
469 1743 591 1798 stamas
605 1753 724 1815 propter
741 1747 922 1815 majestatem,
948 1742 1005 1796 mul
1028 1746 1093 1797 sunt
1116 1741 1222 1797 creattb
1243 1742 1343 1796 muudi
1360 1749 1386 1796 et
1401 1740 1572 1810 plonficatio
1592 1739 1704 1793 Chresti.
1739 1737 1778 1792 At

89 1825 211 1880 ἰαιὲίιιάο
224 1834 342 1897 propter
358 1829 588 1891 misericordiam,
601 1832 790 1899 profunditas
803 1840 922 1901 propter
948 1828 1074 1884 Christus
1092 1829 1162 1899 petit
1178 1827 1255 1883 illam
1272 1828 1326 1884 sibi
1345 1826 1405 1883 dari
1421 1827 1555 1899 gloriam,
1574 1826 1657 1898 quam
1679 1822 1778 1878 habuit

88 1912 267 1979 sopimticm.
303 1913 387 1968 Basil.
413 1914 485 1970 hom.
508 1921 547 1972 15.
573 1917 608 1971 de
631 1915 699 1972 lide:
723 1918 852 1971 Naturae
877 1918 921 1970 di·
949 1925 1096 1986 aatequam
1117 1923 1186 1969 esset
1210 1915 1339 1968 muudus.
1373 1914 1403 1970 si
1430 1913 1600 1968 admittimus
1619 1911 1718 1966 Polaui
1736 1926 1777 1965 re-

86 1997 170 2051 sisae
195 2000 385 2068 mapaitudini
409 2003 577 2072 triumphum
605 2011 716 2072 contra,
734 2021 840 2058 omrem
864 2021 921 2057 scr-
948 2001 1137 2073 sponsionem,
1163 2000 1366 2056 labefactantur
1382 2000 1474 2055 omnia
1489 2000 1682 2068 fundamenta,
1708 2013 1779 2069 quae

88 2086 180 2138 mosis
190 2086 362 2152 facultatem
378 2090 562 2143 concedemus.
599 2092 675 2144 Nam
691 2107 741 2144 aec
758 2091 921 2159 captiosum
948 2107 998 2161 pro
1022 2089 1193 2144 adstruenda
1214 2088 1316 2144 Christi
1338 2088 1440 2143 deitate
1460 2086 1597 2157 exipsius
1615 2084 1778 2141 aeternitate

89 2169 217 2240 tiresiae,
241 2173 445 2244 qadmesewue
464 2183 514 2228 aut
534 2184 760 2247 psantauunque
777 2176 830 2231 hae
848 2186 920 2242 sant,
948 2176 1117 2233 deducimus.
1145 2175 1229 2229 Addo
1247 2181 1339 2230 autem
1361 2173 1471 2229 evidens
1489 2178 1690 2246 argumentum.
1716 2171 1777 2237 Quo

89 2274 176 2327 repre
199 2257 265 2313 hem
289 2260 521 2329 archaapclcrum
544 2279 606 2315 cum
624 2264 701 2317 amai
714 2263 855 2319 rahormli
871 2283 922 2317 aa·
948 2279 1031 2318 sensu
1053 2260 1179 2318 Christus
1200 2259 1272 2332 petit
1295 2258 1349 2316 sibi
1371 2260 1430 2314 dari
1453 2259 1570 2331 gloriam
1594 2259 1623 2313 in
1647 2265 1777 2328 tempore,

89 2352 154 2398 hera
184 2354 381 2415 coaprepatce,
418 2348 461 2401 rel
490 2349 633 2403 minimam
657 2351 738 2405 illius
766 2350 923 2405 dimhitatis
948 2366 980 2405 eo
1006 2348 1090 2404 etiam
1119 2364 1203 2404 sensu
1230 2347 1328 2402 asaerh
1353 2364 1382 2403 se
1407 2347 1524 2418 gloriam
1548 2344 1679 2401 habuisse
1703 2343 1777 2415 apud

88 2440 200 2501 partem
217 2432 287 2485 satis
304 2450 425 2502 comprare
437 2437 579 2506 prosequi,
596 2439 697 2492 nedum
715 2438 767 2491 toti
782 2438 922 2509 aptabam
948 2435 1072 2505 Patrem,
1096 2442 1245 2506 antequam
1269 2432 1387 2488 muudus
1408 2440 1488 2489 esset
1525 2432 1606 2487 Ratio
1629 2439 1683 2501 est,
1712 2430 1778 2502 qnia

92 2519 147 2572 dae
160 2535 247 2587 pares
265 2536 325 2573 csse
341 2520 477 2578 valebunt,
948 2520 1095 2592 utrobique
1126 2527 1168 2576 est
1199 2520 1295 2575 adem
1325 2519 1449 2590 phrasis,
1487 2518 1607 2582 δόξασόν
1635 2538 1670 2592 με
1702 2518 1777 2591 παρὰ
1844 2561 1848 2569 .

43 2618 64 2648 ¹·
129 2608 186 2658 302.
211 2603 373 2660 Antithesis.
399 2606 575 2678 Majestatem
592 2615 620 2664 et
638 2609 756 2680 gloriam
774 2608 829 2666 Dei
847 2611 921 2666 labe-
949 2610 1053 2677 σεαυτῷ
1073 2609 1104 2680 τῇ
1125 2607 1192 2681 δόξῃ
1210 2594 1227 2680 ᾗ
1244 2606 1321 2678 εἶχον
1337 2605 1412 2680 παρὰ
1425 2611 1480 2660 σοί·
1509 2607 1550 2660 At
1565 2603 1690 2661 Chritiut
1708 2604 1778 2675 petii

91 2687 215 2744 iactant:
246 2696 267 2745 t.
288 2698 466 2765 θεωρητικαῖς,
490 2698 626 2766 quotquot
652 2702 674 2751 1.
694 2712 749 2751 non
768 2703 924 2768 agnoscunt
949 2692 1000 2748 sibi
1038 2693 1098 2748 dari
1134 2693 1251 2765 gloriam
1285 2704 1347 2763 per'
1362 2691 1464 2747 realem
1495 2690 1777 2747 communicationem.

91 2791 162 2844 eum,
181 2783 213 2830 ut
230 2776 306 2832 sein
323 2777 408 2833 verbo
425 2780 569 2848 revelavit3
600 2786 623 2835 2.
641 2782 796 2851 potentiae,
815 2782 922 2853 sapien·
948 2779 1023 2851 Ergo
1052 2780 1134 2847 etiam
1163 2778 1199 2834 ab
1229 2783 1340 2833 aeterno
1368 2777 1467 2834 habuit
1489 2778 1565 2833 illam
1589 2777 1705 2848 gloriam
1729 2792 1779 2847 per

43 2882 63 2925 ι,
89 2861 159 2931 tiae,
192 2863 395 2919 misericordiae
429 2867 489 2937 ejus
521 2868 662 2939 derogant.
706 2873 729 2924 2.
756 2870 923 2939 apsarensis:
948 2866 1050 2920 realem
1075 2864 1357 2920 communicationem.
1397 2863 1657 2920 communicationis
1682 2862 1779 2917 modus

94 2956 116 3002 1.
137 2949 185 3019 qui
204 2950 278 3006 ritae
301 2950 441 3022 impietate
460 2954 631 3009 occasionem
648 2953 774 3010 hostibus
793 2955 924 3011 exhibent
948 2950 1049 3021 variat,
1073 2951 1138 3022 quia
1158 2951 1308 3006 secundum
1333 2950 1453 3006 divinam
1479 2957 1606 3005 naturam
1630 2948 1779 3004 communi-

90 3032 145 3089 Dei
167 3052 266 3090 nomen
287 3036 509 3108 blasphemandi,
538 3039 600 3093 Esa.
622 3045 669 3107 52,
694 3059 719 3094 v.
740 3048 763 3096 5.
794 3040 873 3096 Rom.
898 3046 922 3109 2,
949 3042 1012 3090 cata
1029 3043 1071 3092 est
1087 3054 1105 3091 a
1122 3036 1206 3091 Patre
1226 3037 1334 3092 Christo
1353 3037 1442 3107 gloria
1458 3055 1513 3108 per
1536 3045 1676 3091 adamam
1698 3050 1778 3102 peae-

90 3137 117 3174 v.
136 3126 183 3176 tt:
211 3123 320 3176 Nomen
343 3125 403 3178 Dei
424 3135 540 3195 propter
557 3145 606 3180 uos
626 3127 832 3196 blasphematur
851 3128 923 3181 istc-r
948 3123 1096 3189 rationem,
1122 3123 1274 3180 secundum
1296 3123 1445 3178 humanam
1468 3129 1596 3178 naturam
1619 3120 1659 3176 illi
1681 3119 1778 3209 eadem

90 3215 202 3274 peotes,⁸
222 3213 246 3262 2.
264 3209 312 3280 qui
330 3209 384 3265 Dei
402 3210 519 3281 gloriam
536 3212 693 3267 carnalibus
711 3213 768 3268 suis
787 3212 923 3284 cupidita·
949 3210 1150 3266 communicata
1186 3216 1229 3265 est
1259 3226 1313 3279 per
1348 3211 1550 3279 hypostaticam
1585 3208 1713 3261 ormnem
1752 3213 1778 3259 et

90 3292 167 3348 tibus
190 3298 220 3348 et
243 3293 390 3350 affectibus
413 3303 591 3367 praetexunt3
621 3303 647 3353 3.
667 3300 716 3368 qui
735 3300 858 3367 pluriam
875 3300 923 3352 ho·
949 3300 991 3352 ad
1022 3299 1149 3351 derham
1172 3297 1271 3350 Patris
1307 3296 1509 3350 mahadam.
1553 3293 1668 3366 Regcrit
1697 3292 1777 3348 Pola·

91 3380 196 3433 meeum
212 3381 304 3449 mapis
324 3382 446 3450 ditipaat
461 3402 544 3453 mam
562 3386 621 3438 Dei
636 3385 765 3453 pluriam.
800 3386 862 3443 Joh.
885 3390 923 3454 12,
949 3401 1018 3438 nus:
1058 3388 1081 3436 Ῑ.
1117 3382 1257 3436 Christum
1291 3390 1387 3453 petere
1420 3383 1492 3436 hauc
1530 3382 1652 3450 pieriam
1686 3380 1777 3450 paulo

89 3483 115 3521 ι.
134 3471 176 3521 ta.
194 3471 246 3520 etc.
535 3496 550 3521 a
950 3479 1013 3524 aute
1033 3470 1196 3539 passionem
1220 3486 1334 3540 eamque
1357 3469 1495 3539 accepisse
1519 3470 1628 3522 Meum
1645 3474 1713 3537 post
1735 3482 1777 3520 rc·

126 3555 184 3607 ³0³.
220 3552 272 3618 Qu.
298 3558 318 3607 l.
356 3555 400 3607 Aa
423 3554 517 3622 pluria
539 3557 600 3610 Dei
622 3557 659 3610 eit
686 3557 799 3627 aliquid
824 3578 843 3612 a
865 3559 924 3612 Dei
948 3555 1144 3610 mmectioaem
1167 3572 1232 3624 erqo
1259 3573 1315 3609 aaa
1330 3572 1413 3625 posse
1425 3572 1480 3626 per
1497 3572 1558 3609 eam
1577 3553 1699 3623 inteliipa'
1710 3570 1777 3624 pro

44 3673 56 3700 .
92 3639 210 3693 assuta
227 3640 407 3694 distinctum!
425 3639 522 3696 Gloria
533 3642 588 3697 Dei
608 3643 756 3715 dupliciter
773 3645 922 3716 accipitur:
946 3644 1080 3710 prietates
1102 3643 1162 3696 Dei
1184 3643 1353 3706 msmtiales,
1377 3643 1479 3713 quippe
1501 3660 1571 3713 quas
1595 3648 1659 3695 actu
1677 3641 1713 3694 ab
1732 3657 1776 3695 ae-

43 3713 72 3803 }‚f
94 3732 116 3780 1.
134 3723 288 3794 οὔσιωδῶς,
314 3734 347 3781 ut
371 3733 448 3783 notet
471 3730 652 3800 proprietates
675 3730 729 3785 Dei
754 3732 923 3800 essentiales,
949 3737 1025 3782 terno
1045 3729 1147 3783 hahuit.
1176 3727 1260 3799 Resp.
1281 3744 1351 3800 quae
1369 3728 1437 3784 haec
1453 3726 1670 3800 consequentia?
1700 3725 1777 3782 Chri·

91 3812 234 3881 virtutem,
253 3814 426 3884 majestatem
445 3822 474 3869 et
491 3815 686 3872 sublimitatem
704 3817 773 3889 Dei3
796 3825 818 3873 2.
837 3835 922 3887 apere·
949 3821 1006 3869 stus
1031 3831 1091 3869 eam
1113 3813 1185 3887 petit
1206 3816 1235 3870 in
1252 3822 1375 3886 tempore
1395 3816 1546 3870 secundum
1565 3814 1713 3869 humanam
1730 3827 1777 3867 na·

90 3901 158 3968 esic,
189 3906 222 3954 ut
248 3906 327 3954 notat
354 3898 565 3956 celebrationem
594 3909 622 3958 et
652 3904 820 3975 agnitionem
847 3906 922 3961 illius
948 3908 1038 3956 turam
1062 3900 1115 3956 sibi
1138 3896 1207 3957 dari.
1241 3901 1317 3975 Ergo
1342 3918 1398 3957 non
1415 3901 1514 3958 habuit
1535 3918 1595 3957 eam
1614 3903 1649 3957 ab
1667 3907 1778 3956 aeterno

90 3986 257 4059 majestatis,
282 4003 354 4058 quae
378 3987 524 4055 mthjectioe
542 3994 584 4042 est
604 3988 634 4043 in
651 3991 784 4045 creaturis
801 3992 922 4048 ratione·
948 3989 1101 4042 secundum
1129 3987 1251 4044 divinam
1278 3989 1426 4044 naturam?
1462 3994 1488 4043 2.
1512 3989 1600 4043 mulla
1626 3990 1707 4059 sequi
1731 3989 1777 4042 ab

89 4071 164 4127 libus
183 4071 275 4128 Deum
293 4073 507 4144 agnoscentibus
525 4092 558 4129 ac
574 4078 806 4145 praedicantibus.
834 4079 922 4135 Priori
948 4077 1049 4139 surda,
1077 4075 1207 4129 uidelicet
1236 4077 1328 4145 ipsam
1359 4092 1465 4145 quoque
1494 4076 1605 4128 deitatis
1631 4075 1777 4128 ceremiam

89 4160 173 4214 modo
193 4166 309 4230 accepta
328 4160 417 4230 gloria
434 4159 500 4214 DEI
519 4161 588 4215 nihil
607 4162 682 4218 aliud
697 4169 747 4234 est,
766 4183 848 4237 quam
861 4167 922 4237 ipsa
947 4162 1063 4215 realiter
1101 4163 1329 4215 coremuuicatam
1359 4162 1528 4215 humanitati
1557 4160 1679 4226 Christe]-
1710 4161 1777 4214 item

89 4245 144 4303 Dei
170 4247 304 4314 essentia3
330 4246 476 4317 posteriori
500 4248 580 4302 modo
603 4258 718 4320 accepta
742 4252 921 4324 distinguitur
947 4266 1003 4301 aaa
1014 4248 1110 4314 fuisse
1127 4247 1341 4300 communicatas
1355 4249 1545 4317 proprietates
1563 4246 1631 4300 illos
1648 4247 1777 4301 erasmia-

87 4350 106 4388 a
128 4333 183 4388 Dei
208 4333 327 4388 essentia
350 4350 382 4386 ac
407 4333 507 4387 dicitur
528 4336 638 4406 proprie
657 4336 837 4408 glorificatio,
866 4356 921 4411 quo
948 4335 987 4388 lea
1004 4352 1056 4403 per
1071 4334 1198 4387 unionem
1212 4333 1396 4402 personalem.
1424 4333 1506 4404 Resp.
1523 4334 1559 4388 ad
1577 4333 1652 4404 prius
1670 4333 1777 4387 nullum

87 4436 172 4477 amau
192 4419 276 4475 etiam
295 4419 488 4490 accipiendum
506 4428 563 4488 est,
581 4422 656 4494 quod
673 4423 734 4478 Deo
751 4425 781 4479 iu
798 4432 921 4496 tempore
948 4437 980 4474 ex
1006 4436 1039 4475 eo
1061 4420 1212 4476 absurdum
1238 4420 1328 4490 sequi,
1355 4420 1403 4475 sed
1428 4419 1521 4491 potius
1545 4436 1578 4474 ex
1601 4419 1676 4474 illius
1693 4435 1776 4491 nega-

86 4507 179 4580 gloria
200 4506 302 4562 dicitur
324 4506 397 4575 dari,
421 4509 495 4579 quod
514 4507 646 4579 jubemur
668 4510 722 4565 Dei
744 4511 859 4582 gloriam
876 4530 920 4569 ex·
945 4508 1020 4562 tione
1045 4507 1216 4578 personalem
1240 4506 1357 4561 duarum
1379 4511 1539 4560 naturarum
1556 4505 1683 4561 unionem
1701 4506 1776 4561 labe·

85 4594 199 4662 tollere,
217 4610 333 4665 augere,
350 4609 512 4664 propagare.
946 4594 1060 4663 iactari3
1090 4594 1126 4649 ad
1145 4592 1281 4665 posterius
1305 4591 1438 4664 dutingui
1462 4592 1534 4647 inter
1557 4591 1644 4662 ipsam
1671 4592 1776 4664 gloriae

123 4686 183 4737 tot.
221 4679 273 4745 Qu.
299 4685 323 4734 2.
359 4680 404 4732 Aa
432 4680 526 4746 pluria
549 4697 611 4733 vere
637 4682 735 4735 dimna
761 4689 786 4735 et
810 4682 921 4751 infinita
947 4680 1220 4735 communicationem
1240 4685 1269 4735 et
1283 4678 1502 4736 'communicatae
1520 4679 1674 4749 plenarium
1686 4696 1774 4734 usum.
1857 4726 1860 4731 .

88 4766 201 4819 Christo
226 4768 375 4819 secusdum
399 4766 549 4818 humarum
573 4773 703 4819 naturam
719 4767 756 4820 sit
773 4770 921 4821 communi·
947 4772 971 4821 3.
995 4767 1133 4820 Christum
1156 4782 1211 4820 ron
1234 4767 1326 4836 carui,
1354 4767 1406 4820 sed
1426 4766 1482 4818 sibi
1499 4774 1595 4835 petere
1620 4766 1700 4819 iilam
1717 4766 1775 4835 plo·

87 4855 177 4906 cata!
194 4850 265 4922 Neg.
285 4850 440 4906 calviniani
460 4850 539 4906 abusi
557 4852 593 4905 ad
612 4851 641 4906 id
660 4851 833 4923 probandum
845 4854 921 4909 dicta
946 4857 1026 4908 riam.
1063 4854 1145 4923 Resp.
1172 4855 1359 4924 Quaecunque
1381 4868 1515 4924 personae
1533 4852 1704 4921 tribuuntur,
1727 4859 1776 4908 aut
1788 4853 1826 4894 111.
1842 4851 1888 4896 ’ἢ

86 4937 152 4994 lisa.
178 4943 227 5006 42,
253 4955 280 4991 v.
306 4943 336 4992 8:
371 4936 501 4991 Gloriam
530 4954 620 4991 meam
648 4939 733 4992 alteri
756 4958 812 4992 aon
837 4941 919 5009 dabo,
946 4941 1097 4995 secundum
1123 4944 1268 5010 utramque
1291 4947 1340 4994 aut
1363 4939 1515 4994 secundum
1539 4940 1698 4995 alterutram
1715 4949 1775 4995 tan·

86 5026 163 5081 nude
192 5024 367 5094 distinguunt
399 5025 471 5076 iuter
498 5024 620 5091 pluriam
642 5042 716 5094 pure
742 5026 867 5080 dabiram
896 5037 921 5081 et
947 5034 1012 5093 tum,
1032 5025 1152 5080 divinam
1170 5026 1277 5082 scilicet
1294 5026 1338 5080 vel
1355 5025 1503 5079 humanam
1520 5033 1646 5081 naturam
1666 5026 1776 5085 Christo

88 5112 300 5178 mediatorium,
319 5125 402 5182 quam
420 5109 517 5163 dicunt
536 5110 650 5162 demnas
664 5112 838 5178 prastaam,
865 5130 920 5165 om·
947 5119 1112 5186 competunt
1147 5113 1201 5168 Sed
1224 5112 1299 5167 datio
1323 5111 1372 5166 illa
1396 5111 1501 5181 gloriae
1526 5112 1556 5167 in
1580 5119 1703 5185 tempore
1721 5133 1776 5170 non

88 5201 165 5254 asam
183 5205 342 5251 creatarum
360 5214 452 5250 rerum
468 5190 564 5262 pluria
580 5197 778 5253 mehtimiorem.
801 5198 921 5253 Polanus
947 5200 1097 5255 secundum
1117 5200 1238 5252 divinam
1260 5203 1386 5252 naturam
1406 5197 1515 5252 Christo
1538 5201 1681 5270 competit,
1708 5203 1776 5258 olias

88 5285 136 5341 h'b.
158 5291 181 5340 2.
203 5291 312 5356 system.
335 5300 357 5346 c.
377 5288 416 5337 31.
454 5282 509 5337 Sed
528 5282 695 5337 contrarium
716 5302 766 5339 suo
785 5285 920 5356 locuple
947 5306 1001 5343 non
1027 5288 1078 5341 erit
1106 5287 1142 5341 ab
1170 5292 1281 5342 aeterno
1310 5286 1435 5355 ejusdem
1459 5286 1593 5343 essentiae
1619 5294 1647 5343 et
1671 5290 1777 5361 gloriae

90 5371 203 5426 nissime
221 5368 481 5433 demonstrabimus,
504 5367 549 5421 hic
568 5375 695 5423 notamus
714 5369 848 5426 duntaxat
866 5373 920 5427 eri·
946 5391 1008 5429 cum
1026 5373 1117 5428 Patre.
1153 5377 1178 5425 t.
1202 5373 1341 5425 thracum
1360 5380 1457 5441 petere
1474 5373 1556 5426 iliam
1575 5375 1697 5442 pluriam
1717 5386 1776 5433 tau·

92 5457 160 5513 dens
182 5456 287 5511 dictum
308 5454 371 5510 ioh.
398 5460 443 5522 ll,
467 5472 494 5507 v.
518 5462 546 5509 5:
585 5453 726 5525 Glorifica
746 5474 802 5524 me,
826 5459 921 5528 Pater,
947 5477 1030 5528 quam
1055 5474 1220 5525 consequeus
1244 5475 1278 5510 ac
1299 5458 1457 5527 praemium
1476 5459 1656 5517 obedieutiae.
1694 5464 1777 5536 Resp.

90 5546 171 5614 ‘W
193 5550 273 5598 “M
296 5542 387 5611 ‘imm
407 5557 441 5594 θα
457 5541 568 5612 aleria}
583 5558 668 5613 quam
686 5542 774 5597 habai
788 5546 870 5613 apud
887 5553 921 5615 te,
948 5544 1055 5610 ratione
1071 5542 1188 5616 plenarii
1204 5560 1279 5598 usus.
1304 5543 1473 5600 Firmissime
1488 5549 1582 5603 autem
1599 5565 1633 5605 ex
1651 5567 1684 5607 ω
1702 5552 1777 5607 evin.
