3984 6022
621 300 673 355 DE
691 299 867 359 Patiscus
882 298 934 355 ET
953 298 1105 357 ouulolo
1123 299 1283 356 CHRISTL
1321 374 1330 386 .
1744 317 1804 377 515

50 466 91 510 ιιι.
104 449 257 507 humanum
275 452 329 507 fuit
344 459 535 524 propagatum,
554 452 637 523 hujus
654 455 751 510 veneni
769 453 893 525 expulsio
912 459 941 508 et
968 454 1087 508 bominis
1104 457 1145 507 ad
1160 455 1219 521 boo,
1239 463 1269 507 ιιι
1288 464 1313 507 et
1331 454 1410 508 bomo
1423 457 1508 524 fieret
1520 458 1579 511 Dei
1590 459 1702 527 Filium
1719 460 1766 514 lib.
1781 467 1805 516 4.

104 543 252 607 corruptae
281 542 390 592 nostrae
423 546 537 593 naturae
569 540 676 595 sanatio
711 557 767 594 non
798 540 939 612 vulgarem
967 557 990 593 c.
1018 547 1060 596 37.
1088 557 1115 610 p.
1141 544 1204 595 267:
1239 541 1359 593 Verbum
1386 542 1446 594 Dei
1471 544 1591 595 Domini
1616 546 1709 597 nostri
1735 547 1805 599 Jesa

103 623 228 692 aliquam
252 623 420 678 desideravit
442 621 583 694 naturam',
611 625 659 680 sed
684 626 782 693 talem,
807 643 878 696 qnae
908 641 941 679 ex
969 623 1075 680 Christi
1093 626 1122 680 in
1143 627 1302 680 amissimis
1316 628 1484 695 tenporibus
1503 629 1585 681 bomo
1606 630 1636 682 ιἰι
1650 631 1806 684 bominibus

104 708 200 763 divina
218 714 246 762 et
263 709 383 763 humana
401 715 502 765 natura
519 710 548 764 in
566 710 771 766 Christo'nobis
789 717 939 780 pararetur.
961 712 1063 777 sactus
1081 720 1135 777 cst,
1163 721 1192 764 ιιι
1205 714 1293 781 finem
1312 714 1494 783 conjungeret
1507 715 1668 784 princspio,
1695 716 1746 769 boc
1765 725 1807 770 est

103 792 241 848 Diabolus
263 810 313 864 per
337 800 487 850 cabernam
509 813 587 849 susm
606 797 740 853 malitiam
757 796 875 853 hominis
892 813 940 849 na·
967 797 1104 851 bominem
1128 802 1207 864 Deo;
1242 797 1304 851 libr.
1329 806 1352 853 5.
1378 814 1401 852 c.
1431 805 1457 853 1:
1489 800 1584 852 Filius
1608 803 1666 854 Dei
1685 809 1805 869 propter

103 887 195 934 turam
211 879 352 948 infecerat,
372 879 449 936 Deus
467 898 534 952 ergo
555 881 715 936 immensam
734 899 813 937 suam
832 882 940 937 bonita·
968 884 1128 938 immensam
1152 901 1233 936 essum
1258 884 1436 937 &lectionem
1459 887 1555 948 faetus
1580 894 1633 949 est,
1658 890 1804 955 quadruos

104 971 161 1020 tem
181 965 211 1019 in
236 966 378 1021 sanatione
396 971 490 1022 nostra
507 966 652 1023 ostendere
672 968 767 1023 voluit.
804 966 941 1022 Diabolus
967 988 1072 1038 suasus,
1089 978 1119 1022 ιιι
1138 988 1189 1022 eos
1202 971 1352 1038 perficeret
1371 986 1443 1038 esse,
1463 973 1540 1040 quod
1558 979 1598 1024 est
1616 973 1690 1041 ipsc,
1707 974 1804 1037 sactus

106 1067 216 1105 omnem
235 1068 313 1105 suam
332 1052 512 1109 calliditatem
534 1054 571 1108 ad
594 1053 733 1109 hominem
750 1053 939 1109 seducendum
967 1063 1007 1108 est
1027 1056 1173 1125 particeps
1197 1063 1316 1109 ιιαιιιιαι
1340 1064 1467 1115 uestrae,
1493 1065 1524 1110 ιιι
1547 1075 1598 1110 nos
1620 1060 1805 1113 redderemur
1887 1059 1892 1069 '

104 1136 286 1206 impenderat,
304 1137 383 1193 Deus
400 1155 466 1209 ergo
484 1157 620 1194 summam
638 1139 800 1209 sapientiam
813 1141 841 1194 in
854 1139 940 1193 medi·
967 1148 1106 1195 consortes
1141 1149 1261 1196 staturae
1290 1143 1419 1208 dimum
1455 1160 1478 1196 c,
1512 1149 1559 1198 ts:
1596 1144 1712 1197 Verbum
1745 1146 1804 1198 Dei

104 1223 169 1277 cina
193 1222 288 1294 lapsus
311 1225 399 1279 nostri
417 1225 541 1294 paranda
559 1221 694 1303 adhibuit.
730 1226 786 1280 Per
804 1243 940 1281 venenum
960 1229 1076 1292 factam
1100 1234 1142 1280 est
1164 1227 1246 1281 borno
1264 1246 1294 1281 se
1312 1230 1403 1296 ipsum
1422 1229 1573 1283 hominist
1592 1230 1730 1283 bominem
1749 1232 1805 1285 sibi

102 1308 213 1377 peccati
243 1326 299 1364 non
327 1310 408 1365 modo
434 1311 609 1381 temporalis,
640 1313 688 1365 sed
718 1312 800 1366 ctiam
827 1318 941 1366 aeterna
967 1314 1024 1382 ipsi
1046 1313 1223 1382 assimilans,
1249 1322 1280 1367 at
1298 1332 1354 1383 per
1379 1332 1455 1383 eom,
1478 1332 1550 1384 quae
1568 1324 1609 1368 est
1627 1319 1668 1370 eci
1688 1317 1802 1387 Filium,

103 1412 178 1449 mors
201 1396 230 1449 in
248 1413 298 1451 nos
317 1396 475 1452 introducta
491 1406 546 1466 est,
569 1417 623 1453 non
642 1415 708 1469 ergo
724 1415 776 1468 per
795 1404 939 1466 terrenam,
966 1399 1179 1454 similitudinem
1201 1401 1343 1468 pretiosus
1362 1401 1441 1454 bomo
1455 1403 1511 1470 fiat
1528 1403 1618 1456 Patra
1653 1403 1802 1473 Augustin

103 1482 153 1537 sed
173 1482 320 1537 coelestem
337 1489 365 1537 et
382 1483 519 1538 vivificam
533 1484 699 1539 medicinam
716 1484 848 1538 auxilium
859 1483 940 1540 nobis
965 1485 1026 1541 libr.
1055 1491 1079 1541 9.
1104 1485 1140 1540 de
1165 1485 1240 1543 civit.
1266 1486 1320 1542 Dei
1345 1503 1367 1541 c.
1397 1493 1441 1542 15:
1471 1489 1580 1541 Beatus
1608 1497 1633 1541 et
1661 1490 1803 1558 beatificus

102 1567 238 1637 praestari
256 1568 354 1638 potuit.
389 1569 535 1626 Venenum
553 1569 606 1625 fuit
621 1570 764 1638 infernale,
783 1569 939 1625 ideoalexi·
967 1574 1046 1625 Decs
1062 1573 1165 1637 factm
1177 1572 1326 1640 particeps
1344 1573 1527 1627 inmanitatis
1544 1583 1656 1628 nostroe
1675 1592 1801 1644 compen·

101 1653 282 1724 pharmacum
307 1655 429 1724 oportuit
455 1673 515 1711 esse
544 1656 671 1712 coeleste
715 1655 863 1710 Infernalis
891 1655 937 1709 ba·
965 1659 1043 1712 elium
1057 1658 1189 1726 praebat
1202 1658 1593 1726 particspasdeedics'aitatca
1605 1677 1692 1727 suae,·
1714 1660 1762 1716 lib.
1777 1668 1799 1717 1.

101 1739 212 1794 siliscus
241 1756 347 1795 veneno
376 1759 426 1796 suo
455 1748 542 1798 totam
571 1749 698 1797 naturam
733 1742 881 1796 humanam
908 1742 937 1795 in
964 1742 999 1797 de
1031 1742 1105 1799 civit.
1137 1742 1190 1797 Dei
1216 1761 1239 1797 c.
1269 1749 1314 1799 15:
1351 1745 1451 1799 Unicus
1478 1754 1582 1799 ιιαιιιιιι
1612 1748 1676 1802 Dei
1704 1748 1799 1800 Filius

101 1826 197 1894 primis
224 1826 387 1895 parentibus
414 1827 562 1895 infecerat,
590 1826 652 1882 ideo
669 1826 723 1881 Dei
741 1827 828 1881 Filius
850 1833 937 1882 totum
959 1838 1080 1899 propter
1103 1848 1156 1883 sos
1177 1831 1376 1884 miesrmords'a
1395 1831 1497 1897 factrus
1521 1839 1561 1884 est
1578 1832 1655 1895 filius
1672 1832 1800 1901 bominis,

101 1928 136 1965 ac
154 1912 305 1981 perfectam
323 1912 472 1967 humanam
489 1919 616 1968 naturam
636 1913 778 1981 assumsit,
797 1919 829 1967 ut
847 1917 936 1967 totum
962 1922 994 1969 ιιι
1017 1933 1068 1969 sor
1095 1924 1199 1968 notura
1219 1916 1281 1984 filii
1307 1916 1427 1970 bertinis
1453 1917 1527 1970 Filii
1553 1918 1613 1970 Des'
1634 1934 1691 1986 per
1718 1918 1800 1973 illum

102 1995 240 2052 hominem
266 1997 302 2052 ab
326 1997 379 2052 hoc
404 2015 508 2053 veneno
527 1999 665 2053 liberaret
701 1999 755 2064 Qui
774 2015 792 2052 a
809 2004 936 2068 serpente
962 2001 1058 2068 pretio
1081 2002 1222 2069 fieremus.
1275 2001 1310 2054 In
1339 2001 1528 2057 incarnatione
1557 2018 1624 2074 ergo
1655 2002 1720 2058 Filii
1745 2004 1800 2059 Dei

101 2082 221 2140 letaliter
243 2084 404 2138 vulneratus
428 2103 482 2140 non
509 2091 601 2153 potest
622 2083 675 2139 sibi
697 2082 751 2154 ipsi
772 2082 935 2138 medicinam
962 2085 1092 2156 impletus
1122 2095 1164 2141 est
1194 2094 1280 2157 typus
1312 2087 1403 2143 scalae
1434 2088 1592 2145 Jacobaeae
1625 2088 1726 2145 Gerros.
1758 2095 1798 2146 28.

100 2186 213 2239 parare,
236 2169 276 2224 sic
298 2171 335 2226 ab
357 2171 485 2226 infernali
504 2177 632 2242 serpente
652 2171 702 2224 icti
718 2187 775 2225 non
794 2169 936 2240 potuimus
960 2169 1025 2226 Joh.
1050 2178 1070 2227 l.
1098 2190 1125 2227 v.
1149 2172 1197 2226 ult.
1234 2171 1304 2226 Cum
1323 2172 1396 2227 enim
1415 2172 1538 2229 Christus
1557 2164 1711 2230 Secundum
1730 2174 1799 2230 divi·

100 2255 181 2310 nobis
205 2256 273 2326 ipsis
294 2257 430 2313 medelam
454 2256 566 2326 afferre,
592 2256 669 2311 Deus
692 2264 785 2312 autem
805 2256 835 2310 in
857 2260 935 2310 utero
960 2256 1075 2312 nitatem
1104 2256 1197 2326 Patri,
1234 2258 1386 2312 secundum
1421 2257 1620 2314 humanitatem
1649 2260 1731 2317 nobis
1763 2261 1800 2316 sit

100 2339 206 2395 llsriae
223 2343 449 2412 pretiosissimam
468 2341 631 2397 medicinam
643 2342 849 2397 adversusillos
864 2341 935 2395 ictus
959 2342 1123 2415 ὁμοούσιος,
1151 2343 1215 2398 ideo
1240 2361 1349 2398 summa
1374 2361 1437 2399 cum
1464 2344 1579 2413 infimis,
1603 2346 1712 2403 coslum
1734 2362 1798 2401 cum

100 2427 180 2482 nobis
204 2429 326 2497 paravit,
353 2445 402 2498 per
419 2427 539 2499 Spiritus
558 2446 580 2480 s.
607 2428 793 2498 operationem
814 2426 935 2481 dianam
959 2435 1047 2498 terra,
1071 2428 1153 2484 homo
1177 2446 1239 2483 cum
1260 2428 1321 2483 Deo
1346 2429 1375 2482 in
1399 2429 1460 2499 ipso
1484 2430 1591 2499 unitur,
1615 2437 1644 2487 et
1658 2447 1709 2502 per
1726 2429 1799 2487 hanc

99 2519 130 2568 et
146 2511 295 2568 humanam
307 2523 434 2570 naturam
446 2515 475 2568 in
490 2514 598 2570 Christo
611 2514 794 2584 personaliter
806 2514 934 2584 uniendo,
960 2531 1089 2570 arcanam
1120 2521 1205 2586 atque
1237 2514 1363 2570 intimam
1392 2516 1521 2571 unionem
1550 2517 1610 2586 ipse
1638 2517 1674 2571 ad
1701 2535 1752 2572 nos
1782 2533 1798 2572 e

99 2604 133 2652 ut
158 2599 195 2653 sit
216 2607 311 2656 noster
339 2601 463 2657 medicus
486 2618 519 2655 ac
544 2607 640 2655 nostra
658 2599 809 2668 medicina,
834 2617 934 2654 sanans
961 2601 1038 2656 coelo
1075 2601 1219 2658 descendit
1253 2617 1362 2656 carnem
1399 2602 1576 2670 assumendo,
1612 2608 1645 2656 ιιι
1677 2619 1728 2657 nos
1746 2602 1911 2666 ‚ad1n.tta

99 2685 208 2739 animae
225 2686 470 2750 nostrasvulnera,
489 2686 619 2757 mitigans
634 2686 750 2752 dolores,
767 2702 934 2757 recuperans
960 2687 1050 2757 ipsum
1082 2687 1111 2743 in
1147 2687 1253 2743 coelum
1289 2689 1459 2744 adscendere
1492 2689 1630 2758 possimus
1658 2688 1714 2744 fide
1743 2688 1797 2760 ipsi

99 2773 256 2828 sanitatem.
292 2772 531 2837 Quemadmodum
550 2772 691 2827 rationulis
709 2771 935 2828 medicusvarias
960 2773 1135 2830 adhaerendo

100 2858 208 2928 species
225 2858 372 2927 componit,
393 2857 504 2929 quando
521 2858 608 2913 morbi
626 2864 691 2912 sunt
709 2857 875 2927 complicati,
895 2858 934 2913 sic
998 2866 1053 2915 147.
1090 2864 1117 2914 2.
1149 2860 1385 2914 Exhortatorius:
1416 2864 1441 2914 1.
1471 2861 1512 2913 ed
1543 2861 1691 2914 decumam
1718 2860 1800 2914 DEI

99 2960 165 2997 cum
187 2943 276 2998 morbi
293 2943 402 2999 animae
420 2950 528 2998 nostrae
543 2936 649 2998 ¹inerint
667 2942 761 3012 plures
779 2949 807 2998 et
826 2943 934 3013 diversi,
961 2949 1174 3012 quassandum.
1210 2945 1288 3009 Quas
1304 2944 1696 3015 potuitesssmajordsseetio,
1714 2962 1798 3015 quam

100 3045 135 3083 ex
163 3028 257 3082 divina
279 3036 308 3084 et
329 3029 453 3085 humana
476 3034 576 3084 natura
599 3035 696 3098 parata
722 3035 763 3084 est
778 3028 858 3083 nobis
880 3045 935 3083 me·
961 3032 1036 3102 quod
1054 3031 1132 3087 Deus
1150 3029 1253 3084 Filium
1271 3046 1351 3084 suum
1368 3030 1448 3085 nobis
1466 3029 1561 3084 dedit?
1579 3029 1643 3084 Joh.
1662 3035 1686 3087 3,
1707 3048 1732 3082 v.
1753 3035 1797 3100 16,

99 3114 200 3169 dieina
245 3115 482 3180 Quemadmodum
511 3115 540 3168 in
567 3114 805 3184 periculosissimis
832 3113 935 3169 morbis
960 3116 1099 3188 quomodo
1116 3133 1171 3171 non
1189 3132 1254 3170 cum
1272 3115 1332 3187 ipso
1352 3115 1431 3170 daret
1448 3114 1528 3169 nobis
1549 3114 1661 3169 omnia?
1680 3114 1796 3184 Roma,

98 3200 239 3272 pretiosae
267 3200 436 3256 adhibentur
464 3201 616 3255 medicinae
649 3216 681 3255 ex
711 3199 824 3264 beaoar,
857 3217 935 3270 auro,
960 3220 985 3255 r.
1007 3209 1047 3258 32.
1084 3203 1161 3267 Quae
1180 3200 1366 3257 abundantior
1389 3200 1482 3271 potuit
1499 3216 1559 3256 esse
1575 3198 1686 3255 bonitas
1707 3216 1740 3255 sc
1756 3200 1796 3255 in·

99 3286 224 3358 gemmis,
243 3285 378 3341 unicornu
393 3293 452 3352 eto,
470 3286 509 3340 sic
529 3286 598 3339 nihil
615 3285 763 3357 pretiosius
781 3286 825 3340 vel
842 3285 934 3340 effica-
960 3288 1052 3343 timior
1078 3292 1292 3359 φιλανθρωπία,
1323 3304 1406 3357 quam
1434 3285 1507 3356 quod
1534 3302 1641 3339 summa
1666 3287 1797 3356 maiestas

99 3371 158 3427 cius
184 3371 214 3425 in
247 3371 324 3426 coelo
349 3373 393 3426 vel
416 3380 491 3426 terra
514 3371 568 3425 fuit
592 3372 750 3439 inventum,
783 3389 833 3441 per
861 3372 934 3442 quod
960 3379 988 3429 et
1011 3373 1166 3428 sublimitas
1190 3372 1299 3444 pulveri
1322 3389 1356 3426 ac
1379 3371 1445 3426 limo
1468 3376 1563 3426 nostro
1582 3371 1694 3424 unitur?
1718 3372 1797 3437 Quae

97 3457 206 3513 animae
234 3463 344 3513 nostrae
372 3458 486 3513 vulnera
510 3458 602 3513 sanari
624 3464 748 3527 possent,
775 3474 857 3528 quam
880 3456 934 3512 Dei
960 3459 1048 3528 major
1070 3458 1161 3530 gratia
1185 3475 1268 3530 quam
1291 3457 1367 3528 quod
1389 3456 1541 3512 ditissimus
1564 3464 1678 3528 propter
1695 3475 1746 3512 nos
1765 3457 1798 3513 fit

98 3543 187 3598 Filius
215 3561 248 3598 ex
272 3543 379 3614 virgine
399 3561 485 3613 purus
505 3543 587 3598 homo
604 3549 694 3598 natus.
728 3544 844 3600 Proelus
863 3543 933 3598 Con·
960 3562 1079 3615 pauper,
1100 3544 1251 3599 altissimus
1271 3542 1304 3598 fit
1326 3541 1452 3610 humilis,
1476 3543 1664 3597 sanctissimus
1680 3550 1798 3614 peccata

98 3636 183 3684 stant.
201 3628 373 3699 Amhiepisc.
397 3631 426 3684 in
450 3629 542 3686 homil
560 3629 589 3683 in
606 3630 690 3685 nativ.
708 3629 820 3685 Domin.
838 3648 866 3699 p.
886 3635 933 3684 ol:
959 3636 1053 3685 nostra
1074 3629 1209 3699 suscipit?
1240 3634 1265 3682 2.
1291 3631 1331 3681 ad
1348 3630 1489 3698 fiduciam
1515 3630 1544 3681 in
1571 3629 1681 3684 Christo
1706 3631 1794 3685 collo·

99 3716 234 3782 Orestes,
254 3717 285 3769 ia
302 3733 356 3784 quo
373 3717 526 3769 semiannis
544 3717 684 3770 libertatis
696 3718 858 3785 sprsyrapbu
869 3733 932 3769 coa·
959 3720 1090 3773 ceredum.
1126 3714 1160 3771 In
1184 3716 1267 3771 beata
1284 3715 1333 3770 illa
1349 3715 1459 3769 divinae
1479 3722 1507 3770 et
1524 3714 1661 3771 humanae
1680 3723 1795 3771 naturae

88 3804 173 3868 secta
194 3809 243 3858 est.
281 3802 305 3855 O
323 3808 416 3870 utere,
442 3803 471 3855 ιἰι
489 3820 543 3870 quo
565 3820 647 3855 erma
666 3804 800 3855 adversus
818 3809 932 3855 mortem
959 3803 987 3858 in
1005 3803 1115 3859 Christo
1135 3802 1235 3857 unione
1254 3801 1347 3857 omnia
1365 3800 1486 3856 humano
1503 3802 1599 3873 generi
1615 3802 1715 3858 iterum
1729 3808 1796 3858 sunt

89 3874 261 3954 fabrefacto
278 3894 350 3941 sunt.
385 3888 539 3953 Oorvum,
559 3905 591 3940 ee
609 3906 664 3956 qrsc
683 3888 932 3941 accresceretur
958 3891 1099 3958 restituta3
1129 3888 1159 3942 id
1187 3895 1295 3943 tanturn
1320 3887 1483 3958 requiritur,
1514 3894 1546 3942 ιιι
1570 3906 1635 3943 vera
1658 3888 1713 3944 fide
1741 3888 1796 3958 ipsi

95 3975 157 4027 siae
174 3974 277 4026 semiue
297 3981 409 4026 scortes
427 3981 474 4026 est.
511 3974 699 4043 Otemplcrn,
724 3975 754 4027 ie
780 3991 834 4043 quo
853 3976 933 4027 Deus
959 3975 1099 4043 uniamur,
1122 3981 1154 4028 ut
1174 3973 1229 4028 fide
1254 3974 1308 4044 ipsi
1329 3973 1527 4029 adhaereamus
1553 3981 1581 4028 et
1601 3973 1699 4028 fiamus
1718 3981 1794 4027 ‘aeus

95 4061 232 4113 sacerdos
247 4060 312 4124 fcit
336 4066 467 4112 naturam
487 4077 543 4113 uon
560 4061 719 4127 demutans,
741 4061 793 4112 secl
815 4060 932 4112 Verbum
959 4082 1020 4120 eum
1044 4063 1106 4131 ipso
1126 4061 1249 4129 Spiritus
1275 4066 1295 4115 1.
1315 4059 1377 4114 Cor.
1396 4067 1426 4128 ὃ,
1444 4077 1469 4112 v.
1491 4065 1535 4125 Π,
1562 4059 1634 4113 sicut
1653 4059 1712 4128 ipse
1730 4076 1794 4128 pro·

96 4162 166 4199 caro
189 4146 295 4206 fectum
319 4153 366 4198 est.
402 4148 427 4198 2.
447 4146 553 4199 Nostro
578 4163 639 4197 oum
659 4147 723 4197 Deo
740 4146 932 4199 reconciliatio
958 4154 1020 4218 pter
1031 4165 1081 4202 nos
1091 4146 1324 4210 factusestcaro;
1345 4149 1373 4198 3.
1386 4147 1427 4198 ed
1440 4145 1623 4199 bumilitatem
1633 4153 1659 4197 et
1668 4144 1794 4197 dilectio·

95 4239 125 4286 st
151 4230 226 4283 uuio.
267 4229 323 4284 Per
349 4230 458 4300 lapsum
487 4230 639 4299 primorum
664 4236 810 4298 parentum
834 4237 934 4285 natura
960 4252 1020 4288 nem
1043 4234 1105 4302 ejus
1129 4233 1305 4286 imitandam.
1347 4230 1491 4294 Quodnam
1518 4231 1608 4298 majus
1633 4229 1794 4283 humilitatis

95 4321 193 4371 nostra
210 4322 269 4369 erat
284 4314 374 4370 aDeo
391 4316 518 4385 sejuncta
535 4334 568 4371 ao
589 4322 716 4386 separata
727 4316 789 4370 Esa.
806 4323 848 4385 59,
865 4334 890 4370 v.
903 4322 932 4384 ²3
959 4320 1132 4389 exemplum,
1176 4334 1259 4387 quam
1292 4316 1367 4387 quod
1403 4314 1553 4369 altissimus
1588 4313 1732 4368 descendit
1768 4320 1796 4369 et

96 4418 209 4456 mamus
233 4409 338 4455 sutura
355 4401 418 4470 filii
439 4403 500 4455 irae
517 4400 619 4472 Ephes.
645 4407 674 4469 2,
698 4420 721 4456 v.
747 4407 770 4457 3.
795 4419 828 4456 ac
853 4401 933 4456 morti
959 4412 1082 4459 nostrum
1107 4403 1201 4457 limum
1219 4403 1248 4456 in
1267 4416 1401 4471 personae
1420 4416 1487 4454 suae
1506 4398 1640 4452 unitatem
1659 4398 1794 4453 assumit?

96 4493 227 4543 aeternae
257 4487 375 4544 obnoxii.
423 4488 661 4553 Quemadmodum
691 4488 764 4543 enim
793 4488 886 4542 anima
917 4505 934 4541 a
959 4492 1000 4545 Eo
1034 4490 1095 4560 ipso
1129 4487 1274 4543 confundit
1310 4502 1419 4541 omnem
1457 4483 1616 4554 superbiam
1656 4490 1793 4554 nostram;

94 4589 212 4643 corpore
229 4580 356 4643 separata
374 4589 473 4644 corpus
491 4574 523 4629 fit
542 4574 685 4644 putridum
702 4581 730 4628 et
747 4573 933 4628 abominabile
959 4577 1071 4647 August
1091 4592 1170 4630 serm.
1191 4579 1231 4629 39.
1253 4573 1287 4627 de
1307 4572 1392 4627 verbo
1411 4572 1506 4629 Dom:
1532 4571 1662 4637 Discere
1679 4571 1793 4623 humitis

94 4659 228 4727 cadaver,
253 4659 293 4713 sic
320 4660 411 4714 anima
435 4678 452 4714 a
474 4661 531 4715 vita
554 4660 705 4730 spirituali,
730 4677 801 4730 quae
821 4659 850 4713 in
869 4660 932 4714 Deo
959 4681 1016 4717 esse
1030 4670 1148 4731 propter
1166 4663 1266 4724 Deum,
1286 4660 1354 4728 quia
1373 4661 1452 4712 Deus
1470 4658 1604 4725 dissutus
1623 4664 1664 4709 est
1681 4656 1794 4709 humilis

95 4751 139 4801 est
164 4751 305 4815 separata,
334 4752 377 4800 est
403 4746 519 4810 misera,
549 4745 740 4801 abominabilis
769 4752 797 4799 et
823 4752 932 4800 mortua
959 4766 1018 4803 esse
1036 4755 1156 4816 propter
1175 4754 1207 4800 ts.
1245 4746 1397 4811 Emsbesce,
1422 4752 1498 4796 terre
1518 4750 1543 4796 et
1560 4742 1645 4807 sinu,
1668 4744 1750 4796 Deus
1765 4759 1794 4795 se

93 4847 189 4885 coram
211 4829 280 4886 Deo.
322 4830 391 4885 Cum
419 4848 484 4887 vero
506 4831 583 4886 Deus
610 4848 644 4887 er
669 4832 802 4885 immensa
828 4831 933 4887 miseri·
958 4835 1101 4902 tumiliot,
1126 4841 1151 4886 et
1176 4839 1206 4885 ιιι
1229 4838 1256 4884 te
1274 4830 1382 4884 mettas
1399 4832 1451 4883 etc.
1486 4827 1640 4882 Bernhard
1659 4826 1750 4882 homil.
1770 4832 1793 4882 2.

94 4916 192 4972 cordia
222 4916 401 4987 ignominiam
432 4923 460 4973 et
489 4919 626 4975 miseriam
654 4924 776 4973 cosham
805 4933 822 4970 a
852 4915 933 4972 nobis
959 4938 1041 4993 super
1058 4919 1158 4974 misem
1178 4924 1221 4974 est
1237 4918 1289 4974 col.
1311 4922 1350 4972 Π.

93 5001 180 5057 vellet
205 5007 343 5071 avertere,
374 5021 424 5057 nos
453 5003 507 5057 sibi
532 5004 632 5058 iterum
656 5005 824 5075 conjungere
851 5008 880 5058 et
904 5002 933 5058 in

93 5089 297 5158 possessionem
323 5088 530 5158 deperditarum
548 5089 682 5143 bonorum
700 5090 858 5155 restituere,
881 5086 933 5142 hoc

93 5174 178 5228 modo
201 5181 230 5230 et
247 5173 339 5230 medio
365 5191 432 5228 usus
451 5181 506 5242 est,
531 5183 563 5230 ut
581 5175 684 5229 Filium
703 5193 784 5230 suum
803 5191 866 5230 cum
885 5192 932 5229 na·

93 5266 159 5315 tura
182 5266 279 5316 nostra
303 5259 484 5331 personaliter
507 5263 700 5332 conjungeret,
724 5267 755 5314 ut
779 5277 829 5331 per
853 5259 932 5314 illum

92 5353 211 5404 naturae
237 5346 373 5404 humanae
400 5348 640 5419 consanguinitate
671 5364 703 5402 ac
725 5345 933 5419 propinquitate

94 5450 149 5488 nos
167 5434 350 5507 attingentem
367 5435 428 5492 Deo
443 5434 564 5490 vicissim
581 5435 825 5506 conjungeremur,
860 5431 934 5486 Iren.

92 5517 145 5574 lib.
169 5523 194 5576 3.
216 5537 241 5575 c.
269 5527 308 5577 ll.
331 5540 359 5592 p.
387 5527 449 5577 let:
479 5522 574 5577 Filias
593 5522 651 5576 Dei
667 5523 768 5589 sectata
793 5529 833 5577 cst
849 5520 933 5590 filius
