3984 6022
530 272 582 329 DE
601 272 848 331 amoenante
864 273 1086 332 tumulatis
1101 273 1300 332 MYS‘I'ERIO.
1699 274 1757 339 411

69 424 222 492 minatam,
252 427 318 498 quia
341 443 393 481 vox
420 427 538 483 nominis
561 427 742 499 personaliter
767 445 785 482 a
800 429 906 486 Basilio
933 429 1036 486 riorum
1053 429 1167 485 istorum
1188 429 1382 486 1444411414444
1400 428 1558 484 dbtinctam
1583 427 1761 485 4444444114·

69 510 228 583 accipiturl.
281 513 518 575 Quumadmodum
547 516 618 569 enim
647 516 697 585 qui
725 516 849 570 Paulson
881 523 907 570 et
932 533 994 572 uem
1013 517 1168 572 denotatam.

72 597 227 666 Sptoomm
247 605 274 652 et
294 599 463 655 Timotheum
482 601 622 669 nominat,
647 602 705 655 tria
725 602 836 671 pridem
855 619 905 654 no-
967 607 1007 659 89.
1051 601 1203 658 Videamus
1233 618 1297 656 vero
1326 600 1500 672 exceptiones
1530 599 1759 656 adamariornm.

69 684 149 736 mina
168 683 250 751 dicat,
275 701 336 737 eum
355 685 413 738 tria
431 687 522 756 dicat,
547 687 741 755 conjunctione
759 686 813 740 illa
833 704 904 740 com-
935 693 956 743 1.
973 687 1094 754 Quidam
1110 703 1161 758 per
1176 686 1313 759 insignem
1333 686 1531 758 impudentiam
1548 685 1652 754 dicunt,
1670 686 1762 739 144444

64 770 176 839 pientes,
194 769 341 839 urticuiqua
357 773 466 826 nomini
471 774 622 843 proprium
638 773 746 828 urbem
764 773 904 841 sipnifica·
931 775 1002 827 hunc
1023 791 1081 828 esse
1101 774 1317 844 supposititium,
1334 775 1369 827 ah
1387 773 1592 827 Atbanasianie
1608 772 1699 826 144144·
1715 772 1758 825 in·

70 864 128 909 tum
147 857 233 924 docet,
252 867 424 927 quapropter
439 867 465 913 et
482 876 577 913 rerum
588 860 619 912 in
630 877 660 913 se
671 859 904 927 eipnificatt‘onem
932 868 1043 914 sortum
1068 859 1166 914 lianc.
1185 860 1285 914 David.
1304 866 1334 916 et
1349 860 1452 932 Georg.
1469 859 1623 914 Blandrata
1639 857 1668 912 in
1678 857 1760 913 reiut

69 941 171 996 labent
193 942 324 1010 nomina,
353 960 399 997 ree
424 962 489 998 nero
516 946 667 1000 dunstan
694 954 721 1000 et
747 945 904 999 absolutam
931 945 1027 1018 scripti
1039 944 1153 1017 Georgii
1166 945 1279 1016 Major-is
1298 946 1339 1001 lit.
1359 946 1394 1002 N.
1411 946 1458 1001 iol.
1478 953 1503 1003 4.
1526 944 1609 1014 Resp.
1625 951 1648 1002 1.
1665 960 1760 999 ornnes

69 1027 170 1081 habere
187 1029 334 1081 ceremiam
352 1047 430 1083 nemo
449 1049 558 1100 eonem,
582 1032 631 1100 qui
648 1032 691 1086 ael
717 1049 799 1085 sensu
817 1046 903 1099 prae·
931 1030 1062 1088 haeretici
1080 1031 1172 1087 omnia
1189 1030 1347 1103 Scripturas
1365 1031 1440 1087 dicta
1452 1031 1505 1087 hoc
1518 1029 1691 1103 subterfugio
1702 1031 1761 1086 clu·

70 1113 128 1167 diti
144 1121 215 1183 eunt,
234 1116 356 1183 anshipit.
393 1117 493 1171 Patris
511 1118 583 1171 uam
601 1125 627 1171 et
645 1118 719 1171 tt'ttt
735 1125 761 1172 et
780 1116 904 1187 Spiritus
931 1118 999 1173 dere
1017 1119 1222 1188 eorundemque
1241 1118 1296 1172 rim
1317 1117 1419 1173 elidere
1438 1124 1563 1188 possent;
1583 1123 1607 1174 2.
1627 1117 1687 1172 sine
1704 1117 1763 1172 ulla

69 1219 92 1254 s.
106 1201 441 1270 natruaquidemeariem
455 1210 534 1258 estet
553 1204 688 1257 4114141144
704 1223 771 1272 una,
789 1204 904 1258 nomilia
935 1204 1104 1274 probatione,
1121 1204 1177 1259 imo
1196 1203 1255 1259 sine
1276 1203 1335 1258 ulla
1358 1201 1496 1275 probabili
1519 1204 1678 1275 conjectura
1692 1202 1763 1258 illud
1860 1263 1862 1268 ,

69 1303 133 1339 nero
150 1287 274 1341 discreta
292 1289 491 1344 determinatae
507 1290 585 1345 nolte
598 1298 624 1344 et
640 1290 784 1344 absolutae
801 1289 904 1344 intelli·
931 1290 1076 1359 444441144,
1102 1289 1199 1344 merito
1224 1289 1309 1360 igitur
1333 1296 1467 1360 tanquam
1491 1288 1586 1344 lictum
1610 1295 1639 1345 et
1660 1289 1762 1344 1414441

68 1372 179 1440 pontiae
195 1373 334 1443 offerunt;
362 1377 388 1429 2.
407 1377 545 1430 amiculus
563 1377 696 1437 lerninis
714 1383 756 1430 ter
766 1376 905 1446 reputem
930 1375 1069 1447 rejiciam
1096 1381 1120 1430 3.
1139 1375 1222 1430 serim
1241 1381 1385 1430 contextus
1399 1375 1477 1430 illam
1493 1375 1624 1447 baptismi
1645 1375 1762 1431 formam

69 1463 99 1512 et
128 1457 243 1515 cuilibet
268 1460 373 1515 nomini
401 1461 522 1519 additus.
568 1462 713 1533 Baptizato
739 1462 768 1515 in
794 1462 904 1517 nomine
932 1462 1033 1517 diserte
1060 1460 1176 1531 exprimi
1204 1460 1336 1531 requirit3
1369 1467 1394 1516 4.
1420 1461 1604 1533 antiquissimi
1629 1462 1763 1517 ecclesiae

67 1546 119 1598 (οἵ
139 1544 256 1614 πατρός,
282 1550 332 1627 rori
356 1548 421 1601 vioe*
431 1586 437 1611 ,
461 1550 511 1602 τοῦ
536 1547 617 1618 o‘tylou
636 1545 802 1622 arrepturae,
825 1549 904 1603 illius
931 1548 1057 1602 doctores
1079 1546 1148 1602 haec
1172 1546 1408 1624 verbatauquam
1432 1546 1553 1618 genuina
1576 1552 1604 1601 et
1629 1547 1764 1602 44404144

70 1631 182 1699 Patria,
209 1632 287 1702 cujus
308 1649 404 1688 rocem
428 1632 544 1689 coelitus
570 1633 691 1690 delatam
712 1632 742 1689 in
766 1634 904 1705 baptismo
931 1633 1064 1704 allegant.
1099 1632 1226 1704 Ignatius
1244 1632 1273 1688 in
1292 1632 1380 1703 Epist.
1398 1633 1435 1687 ad
1452 1631 1643 1704 Philadelph.:
1662 1633 1762 1687 Domi·

69 1720 99 1770 et
116 1716 358 1789 umsfigurarione
371 1735 433 1774 mea
445 1718 599 1788 audivistis,
617 1737 635 1774 a
654 1737 709 1790 quo
726 1736 770 1774 me
788 1719 904 1775 exivisse
931 1738 983 1773 nus
1005 1721 1114 1775 mittens
1140 1720 1283 1788 apostolos
1308 1721 1349 1773 ad
1376 1721 1530 1774 docendum
1548 1736 1648 1785 ‚omnes
1672 1726 1764 1786 pentes

67 1807 98 1857 et
117 1802 146 1856 in
165 1805 298 1859 mundum
323 1822 383 1860 esse
409 1804 521 1859 missum
549 1805 631 1860 toties
656 1804 797 1875 professus
825 1822 903 1874 sum3
926 1807 1072 1875 praecepit
1090 1807 1137 1874 eie,
1155 1814 1186 1858 nt
1205 1806 1378 1875 baptizarent
1394 1805 1424 1858 in
1441 1806 1551 1860 nomine
1562 1805 1661 1858 Patria
1677 1805 1763 1858 etlili-

68 1887 150 1943 illiue
165 1890 251 1958 Filii,
277 1906 360 1961 quem
377 1890 406 1945 in
426 1898 548 1947 44444414
572 1908 654 1947 cerne
677 1890 810 1947 hacteuus
834 1890 902 1944 vidi·
930 1893 965 1946 lii
984 1900 1008 1946 at
1029 1892 1153 1962 Spiritus
1171 1910 1207 1957 4.,
1235 1911 1291 1946 non
1314 1893 1345 1945 in
1369 1910 1453 1945 unam
1477 1890 1653 1945 trinominem
1675 1906 1763 1960 neque

69 1973 137 2043 stis,
163 1975 243 2045 cujus
262 1975 378 2048 gloriam
396 1983 529 2047 tanquam
546 1976 682 2048 unigeniti
699 1994 717 2031 a
732 1976 815 2033 Patre
834 1976 903 2031 vidi·
929 1979 960 2031 in
978 1986 1034 2033 tres
1050 1979 1198 2047 increatas,
1216 1980 1312 2032 sedin
1331 1986 1387 2033 tres
1405 1979 1528 2048 ejuedern
1547 1977 1668 2031 honoria
1694 1976 1761 2030 Ter·

69 2060 135 2129 stis3
155 2060 234 2114 illias
255 2061 379 2131 Spiritus
396 2080 429 2130 4.,
448 2080 529 2132 quem
547 2063 576 2116 in
594 2063 687 2133 specie
705 2061 851 2118 columbae
870 2080 902 2117 ac
928 2064 989 2119 tull
1009 2064 1072 2118 adr.
1096 2063 1233 2119 Praxeam
1250 2080 1273 2120 c
1293 2071 1316 2120 2.
1334 2070 1363 2119 et
1379 2082 1481 2132 omnes,
1500 2063 1548 2136 qui
1574 2063 1610 2119 da
1637 2061 1761 2117 trinitate

68 2149 99 2204 in
116 2147 211 2202 lucida
227 2147 302 2203 nube
320 2166 402 2220 super
414 2166 458 2204 me
471 2149 639 2205 descendere
653 2148 759 2204 vidistis
777 2155 806 2206 et
822 2149 903 2219 cujus
928 2155 1096 2218 treatment3
1115 2157 1138 2205 5.
1156 2148 1248 2204 nullus
1261 2148 1428 2204 Arianos-um
1444 2148 1498 2205 hac
1515 2148 1676 2219 exceptione
1693 2162 1760 2202 usus

68 2233 278 2306 promissionem
296 2254 314 2289 a
332 2251 376 2290 me
394 2235 549 2306 accepistis,
569 2242 619 2291 etc.
657 2235 695 2290 Et
712 2252 780 2290 sane
796 2234 905 2290 fatetur
928 2235 1041 2308 legitur,
1068 2252 1131 2289 cum
1160 2240 1253 2290 tamen
1279 2234 1391 2289 summis
1416 2233 1521 2290 viribus
1542 2231 1608 2288 Filii
1632 2231 1763 2289 (1411440444
1775 2235 1816 2276 1¹1·
1829 2230 1875 2277 ”t

69 2321 130 2393 ipse
150 2318 266 2375 Socinus
285 2320 478 2391 repetitionem
500 2320 576 2376 illam
596 2319 706 2376 articuli
729 2339 785 2376 non
810 2337 904 2376 carcre
931 2327 960 2378 et
977 2325 1177 2393 consequenter
1191 2320 1322 2376 trinitatis
1337 2320 1438 2392 dogma
1449 2320 1659 2393 impugnarent3
1684 2324 1763 2374 bre·

68 2406 206 2479 singulari
225 2407 347 2479 emphasi
366 2406 394 2460 in
413 2406 461 2462 lib.
480 2407 515 2462 de
533 2406 661 2478 baptism.
672 2423 717 2479 aq.
737 2425 761 2463 4.
778 2413 802 2463 2.
821 2424 848 2476 p.
864 2411 904 2463 te:
930 2407 1066 2464 cantores
1082 2405 1262 2463 Photinianos
1280 2406 1363 2477 hujus
1383 2406 1496 2462 audacis
1513 2404 1658 2462 commenti
1667 2404 1762 2475 pudet
1871 2481 1874 2488 Ι

69 2495 138 2548 Non
156 2494 334 2563 simpliciter,
358 2493 463 2564 inquit,
488 2503 514 2547 et
532 2495 673 2559 indefinite
689 2495 774 2549 verba
789 2494 906 2564 prolatu
965 2503 1006 2551 90.
1042 2499 1068 2549 2.
1104 2494 1257 2563 Apostolus
1291 2501 1416 2557 testatur,
1446 2493 1476 2546 in
1507 2493 1626 2560 Moysen
1655 2507 1764 2561 quaqua

68 2589 142 2649 srmt,
162 2597 257 2634 oerum
268 2599 329 2635 nrm
342 2581 479 2636 relatione
497 2582 649 2648 manifesta
667 2582 768 2636 addito
785 2581 907 2650 einpulie
932 2581 1081 2636 lsrae'litne
1097 2581 1190 2645 fuisse
1209 2580 1364 2649 baptizatos
1384 2583 1419 2648 (1.
1434 2577 1497 2634 Gor.
1518 2584 1558 2643 10,
1575 2594 1601 2631 v.
1614 2579 1647 2645 2.)
1666 2592 1764 2646 nequa,

70 2667 203 2733 anmals,
222 2668 304 2737 cujua
321 2675 403 2721 tanta
419 2668 461 2720 oia
478 2675 527 2735 est,
547 2675 577 2721 ut
595 2676 683 2722 certos
705 2670 843 2738 qrmedam
860 2669 906 2721 de·
931 2676 1022 2722 tamen
1045 2685 1078 2722 eu
1102 2684 1133 2721 eo
1158 2666 1256 2735 collipi
1276 2673 1383 2734 potest,
1409 2665 1529 2734 Moysen
1550 2664 1647 2732 sitisse
1670 2680 1765 2717 nomm

69 2753 179 2822 dpuet,
197 2755 238 2806 od
257 2772 340 2823 priam
361 2753 479 2806 articuli
494 2754 550 2807 uim
568 2755 778 2824 exprimendam
803 2754 905 2821 adjun-
932 2757 1034 2809 Deum.
1070 2754 1150 2821 Etpo
1167 2769 1217 2806 nee
1235 2769 1268 2806 ea
1284 2769 1324 2821 eo,
1343 2752 1468 2822 quadiu
1480 2750 1588 2805 chnut
1603 2758 1629 2803 et
1640 2749 1765 2820 Spisrs‘tu

68 2841 192 2907 perdum
211 2847 281 2894 meet
299 2840 329 2892 in
349 2840 475 2893 rasione
495 2841 600 2894 Latina
617 2841 736 2908 sinpulis
751 2857 906 2909 pronomen
931 2858 953 2895 s.
978 2856 1076 2895 nomen
1101 2839 1288 2908 baptizamur,
1312 2839 1387 2891 idem
1410 2837 1510 2906 aollipi
1526 2836 1640 2907 poteria
1676 2834 1764 2893 Socim

68 2926 123 2980 isac
138 2933 241 2994 pacto:
275 2927 458 2996 Baptironlee
476 2943 524 2981 eos
542 2927 572 2980 in
589 2928 633 2981 uel
650 2928 691 2980 ad
709 2943 809 2980 nomeu
826 2927 905 2980 illius
931 2926 960 2980 in
985 2925 1120 2981 animatis.
1147 2925 1184 2979 ad
1208 2930 1304 2980 444441.
1322 2930 1346 2980 6.
1383 2923 1503 2980 Possm.
1526 2940 1554 2994 p.
1573 2928 1616 2980 44.
1652 2920 1765 2980 catam.

68 3010 178 3080 Patris,
196 3010 276 3066 ttttm
288 3011 363 3065 lilii
376 3019 402 3065 et
414 3012 494 3066 illius
508 3012 633 3082 Spiritus
644 3031 684 3079 s.,·
701 3015 728 3067 3.
747 3012 906 3081 conjonctio
931 3011 1033 3068 114444.
1050 3030 1078 3083 ρ.
1096 3017 1138 3068 44.
1156 3017 1184 3067 et
1202 3010 1301 3081 reliqui
1321 3026 1422 3065 omnes.
1459 3009 1544 3080 Resp.
1561 3008 1697 3087 Baptismi
1716 3025 1764 3063 uo·

69 3097 234 3169 copulativa
254 3102 303 3150 καί
320 3096 363 3152 bis
380 3097 506 3168 repetita,
524 3113 574 3168 per
592 3114 675 3168 quam
693 3097 781 3153 Filius
800 3103 829 3152 et
844 3096 906 3168 Spi-
932 3116 994 3153 men
1013 3098 1042 3151 in
1060 3098 1121 3152 loco
1139 3096 1260 3167 allegato
1272 3113 1327 3150 non
1341 3095 1477 3166 accipitur
1487 3094 1599 3166 proprie
1610 3111 1661 3164 pro
1674 3111 1765 3150 sacra·

68 3188 142 3243 ritus
160 3204 180 3239 s.
198 3184 227 3239 in
251 3183 341 3238 forma
364 3183 494 3254 baptismi
511 3183 589 3238 Patri
613 3184 906 3260 aequaliter·conjun·
931 3189 1023 3238 mento
1048 3182 1096 3238 illo
1121 3180 1283 3237 inidationis
1308 3182 1345 3236 ad
1369 3180 1566 3236 confermdam
1588 3187 1764 3251 peccatorum

68 3277 184 3346 guntur.
217 3271 368 3340 Baptizato
386 3287 433 3322 eoa
451 3271 481 3323 in
497 3270 608 3323 nomine
626 3271 725 3323 Patria
743 3279 769 3324 et
787 3271 862 3326 Filii
879 3278 905 3324 et
931 3269 1118 3326 remissionem
1137 3274 1165 3323 et
1185 3274 1325 3323 aeternam
1343 3268 1461 3322 salutem
1479 3265 1611 3321 <livinitus
1629 3266 1765 3334 instituto,

71 3357 198 3429 Spiritrrs
216 3376 239 3411 s.
258 3357 299 3412 At
315 3357 368 3411 nisi
384 3355 581 3423 Pater,Fi1iua
600 3361 629 3411 et
640 3355 759 3425 Spiritus
772 3376 793 3410 s.
814 3362 906 3411 esseut
932 3355 1006 3427 quad
1024 3355 1054 3409 in
1071 3354 1156 3409 solius
1175 3353 1228 3409 Dei
1247 3352 1356 3409 nomine
1376 3352 1494 3408 conferri
1513 3369 1595 3424 posse
1611 3369 1646 3408 ac
1662 3352 1775 3414 debere.

68 3451 128 3501 trae
145 3442 295 3498 (1141144044
312 3458 457 3513 personae,
474 3458 604 3512 quorsum
623 3441 670 3495 illa
687 3442 845 3513 copulativa
864 3442 905 3496 in·
931 3441 1058 3511 superius
1076 3439 1260 3507 ostendimus,
1277 3439 1351 3494 unde
1370 3439 1454 3495 edam
1470 3439 1611 3510 apostolus
1624 3444 1703 3496 tanto
1719 3456 1764 3494 co·

59 3516 228 3587 'mantnt
255 3535 279 3584 4.
299 3527 328 3584 Si
346 3528 551 3599 conjungantur
569 3527 625 3582 alia
643 3527 803 3598 Scripturas
822 3528 903 3596 dicta,
930 3534 998 3583 natu
1016 3533 1117 3599 negat,
1145 3525 1300 3582 Corinthios
1325 3527 1355 3580 in
1382 3545 1462 3581 suum
1485 3542 1584 3581 mnan
1608 3525 1765 3598 bapu’ratm

68 3613 231 3688 apparebit,
257 3613 410 3683 quamlibet
424 3629 569 3683 personam
584 3613 747 3682 peculiaria
772 3615 905 3679 beneficia
932 3630 992 3672 esse
1013 3619 1033 3669 l.
1046 3614 1107 3670 Cor.
1129 3620 1151 3682 t,
1169 3632 1194 3668 v.
1218 3618 1256 3681 13,
1275 3612 1325 3668 sed
1345 3615 1532 3683 metaphorice
1550 3600 1695 3683 ac‘tppioe
1711 3629 1762 3684 pro

68 3703 100 3758 in
125 3699 263 3772 baptismo
281 3706 309 3753 et
325 3715 376 3770 per
392 3697 561 3770 baptismum
580 3699 758 3762 distribuere,
783 3714 838 3770 quo
862 3716 904 3755 re·
931 3701 1097 3758 deductione
1113 3717 1164 3770 per
1180 3715 1254 3754 mare
1265 3698 1388 3770 rubrum,
1406 3700 1454 3771 qui
1466 3699 1598 3754 1444411444
1616 3698 1699 3754 muts
1710 3697 1765 3754 fuit

68 3785 191 3860 spiciens
212 3785 337 3841 Christus
355 3803 513 3855 expressam
530 3785 727 3840 etdistinctam
745 3786 829 3840 trium
840 3803 903 3857 per·
930 3787 1060 3859 baptismi
1078 3786 1165 3841 nostri
1184 3790 1277 3856 typus.
1309 3783 1449 3841 Dicuntur
1466 3791 1559 3841 autem
1571 3785 1715 3841 Israiiitee
1734 3787 1766 3839 in

67 3889 200 3931 sonarum
216 3872 383 3928 mentionem
400 3872 429 3926 in
442 3871 572 3943 baptismi
590 3871 825 3927 administratione
842 3871 902 3929 ficri
931 3877 1050 3942 Moysen
1077 3872 1219 3942 baptizati,
1245 3871 1290 3926 rel
1317 3871 1382 3942 quia
1399 3871 1505 3943 Moysis
1535 3870 1686 3929 (4141444414
1715 3889 1766 3944 per

67 3957 219 4031 praecepit
256 3960 302 4012 De
320 3959 406 4012 Patre
426 3957 528 4012 dicitur
545 3956 599 4011 Tit.
619 3962 642 4025 3,
661 3974 688 4010 r.
707 3963 736 4011 5:
747 3958 833 4025 juata
851 3959 901 4011 mi·
930 3977 1005 4017 mare
1023 3959 1137 4014 rubrum
1158 3955 1278 4024 deducti,
1296 3957 1341 4012 rel
1360 3957 1426 4028 quia
1442 3975 1493 4029 per
1509 3958 1580 4014 illud
1598 3957 1761 4014 1444114144

66 4045 254 4101 munaum
281 4062 360 4097 mam
386 4044 480 4097 salvos
505 4061 557 4098 noe
575 4044 651 4110 feeit
676 4060 728 4111 par
756 4044 902 4098 lavamur
930 4048 1054 4102 divinum
1081 4042 1199 4114 obligati
1224 4041 1354 4112 fumant,
1380 4050 1414 4099 ut
1438 4044 1530 4116 Moysi
1557 4044 1612 4101 Dei
1637 4045 1762 4099 ministro

66 4130 291 4201 reperierationia
315 4139 340 4184 et
365 4130 562 4184 renovationis.
590 4134 612 4184 1.
637 4128 713 4185 Petri
739 4135 770 4200 ³,
799 4147 824 4182 v.
852 4135 901 4186 tt:
930 4132 1014 4188 fidem
1031 4128 1204 4186 adhiberent
1235 4128 1304 4184 vid.
1324 4129 1395 4200 disp.
1416 4137 1455 4186 10.
1478 4131 1513 4185 (14
1532 4130 1600 4202 glor.
1618 4130 1673 4185 Dei
1691 4127 1719 4204 g,
1736 4135 1761 4185 4.

67 4218 235 4288 Baptismus
253 4224 293 4271 eat
311 4216 495 4270 consaientiae
518 4217 605 4269 hortae
628 4217 811 4285 interropatio
834 4234 901 4285 erpa
963 4223 1004 4273 91.
1031 4220 1058 4270 3.
1076 4215 1229 4283 Baptiaari
1245 4215 1276 4266 in
1287 4215 1396 4269 nomine
1414 4214 1538 4284 Spiritus
1549 4236 1571 4269 4.
1589 4215 1661 4269 out
1678 4215 1763 4269 aliud

66 4307 169 4361 Dalm.
206 4304 253 4356 De
277 4302 354 4357 Filia
382 4301 482 4357 dicitur
504 4301 572 4372 aph.
595 4309 623 4365 5,
649 4320 674 4356 r.
699 4308 745 4358 26:
775 4302 901 4356 Citrietue
927 4312 968 4358 est
991 4319 1074 4371 quam
1094 4301 1205 4368 Spiritu
1220 4319 1242 4353 e.
1261 4300 1373 4367 donari,
1392 4301 1460 4371 quia
1478 4301 1635 4368 Auta.
1656 4300 1759 4358 311.ἀὺ

66 4390 170 4446 dilaas‘t
188 4389 333 4443 eaokeiam
353 4396 379 4442 et
396 4405 426 4441 ee
443 4388 535 4457 ipsum
553 4388 678 4442 tradidit
685 4406 741 4458 pra
759 4405 800 4458 ea,
817 4408 841 4442 o.
856 4395 900 4442 27:
928 4390 1017 4444 citur:
1043 4387 1209 4455 Baptizatur
1232 4387 1421 4456 uumquieque
1448 4395 1567 4441 omnum
1593 4388 1623 4440 in
1650 4388 1760 4442 nomine

64 4485 98 4533 41
127 4477 275 4532 mundaret
304 4490 366 4527 eam
396 4474 511 4527 1444444
541 4490 632 4545 aqrcaa
658 4474 690 4527 s‘n
715 4476 804 4528 uerbo.
846 4474 901 4529 Per
927 4476 998 4529 Jesu
1018 4473 1130 4536 Christi,
1148 4480 1173 4525 et
1191 4471 1335 4540 accipiatis
1354 4473 1482 4525 uirtutem
1493 4471 1618 4541 Spiritus
1634 4490 1656 4525 s.
1679 4474 1759 4541 Erpa

65 4561 238 4635 baptismum
256 4559 397 4613 Christum
416 4560 559 4613 induimus
577 4558 640 4615 Gal.
660 4566 691 4630 3,
707 4578 733 4615 4.
753 4567 793 4629 273
812 4560 901 4631 bapti·
927 4579 960 4615 eu
979 4577 1018 4624 eo,
1037 4559 1160 4629 quadiu
1171 4575 1269 4613 nomm
1280 4558 1388 4612 tilitas
1405 4556 1530 4627 Spiritus
1541 4577 1562 4610 s.
1577 4559 1761 4628 baptiaamur,

24 4670 28 4676 ·
64 4664 165 4707 samur
181 4646 213 4701 in
231 4647 320 4718 ipsius
340 4652 455 4698 mortem
472 4645 551 4701 Rom
571 4653 594 4714 6,
611 4664 635 4700 r.
654 4653 678 4713 4,
698 4654 723 4699 et
741 4647 825 4699 morti
840 4649 902 4715 ejus
927 4665 984 4702 non
998 4653 1090 4717 potest
1109 4645 1209 4698 tamam
1223 4661 1410 4714 peremturum
1432 4661 1494 4698 nam
1512 4645 1600 4699 Patre
1622 4644 1763 4718 dpoooais

64 4733 292 4804 complantamur
319 4749 344 4785 v.
371 4737 395 4786 5.
431 4732 476 4784 De
508 4731 619 4800 Spiritu
641 4750 664 4788 s.
692 4731 803 4786 dicitttr:
834 4732 903 4786 Nisi
928 4733 1039 4798 inferri.
1070 4731 1168 4786 Frena.
1185 4730 1286 4785 David.
1306 4729 1335 4784 in
1349 4730 1417 4785 (toll
1431 4729 1578 4802 Thansylr.
1595 4738 1647 4789 act
1666 4730 1758 4786 (11415.

64 4821 132 4893 quis
148 4828 262 4875 remmus
273 4818 367 4887 suerit
384 4834 416 4871 en
433 4836 510 4886 aqua
528 4826 555 4872 et
572 4818 690 4887 Spiritu,
710 4834 766 4871 non
784 4819 901 4873 iuratis
928 4819 1011 4890 Resp.
1024 4823 1146 4874 4444441
1161 4817 1230 4873 haec
1247 4816 1402 4888 explicatio,
1422 4818 1472 4874 sed
1480 4817 1660 4885 insufficiens,
1679 4824 1711 4872 ut
1724 4834 1758 4872 ex

65 4925 184 4976 repnum
204 4907 263 4960 Dei
280 4905 343 4961 Joh.
363 4910 394 4972 3,
415 4921 441 4960 r.
463 4911 485 4959 5.
516 4905 681 4972 Baptismus
699 4911 738 4956 eet
756 4904 900 4959 lavacrum
929 4905 1010 4960 dictis
1028 4909 1145 4959 constat
1180 4903 1243 4960 Non
1263 4920 1398 4975 negamus
1419 4903 1496 4971 illos,
1513 4903 1560 4975 qui
1577 4903 1607 4958 in
1624 4920 1691 4958 vcra
1703 4902 1760 4959 fids

63 4992 288 5063 repererationie
317 4999 342 5045 et
365 4991 555 5044 renovationis
573 4990 709 5059 Spiritus
735 5008 757 5042 e.
799 4989 855 5045 Tit.
875 4996 901 5061 3,
927 4992 1097 5064 baptismum
1115 4989 1277 5059 suscipiunt,
1295 4990 1490 5061 perspiritum
1512 5009 1533 5044 s.
1549 4991 1706 5063 regenerari
1725 5007 1760 5046 ac

63 5098 91 5134 v.
119 5086 144 5134 5.
180 5077 255 5135 Vide
277 5078 330 5132 loc.
354 5077 390 5133 de
407 5077 488 5146 Bapt
516 5073 543 5150 ξ.
570 5081 625 5132 101.
650 5080 678 5129 et
702 5091 777 5147 seqq.
811 5057 1067 5195 Atquiirenorari,
1091 5073 1197 5146 Spiritu
1217 5075 1329 5143 donari,
1352 5075 1401 5132 sed
1421 5092 1455 5131 ex
1476 5093 1509 5131 eo
1532 5091 1588 5132 non
1613 5076 1697 5133 debat
1718 5077 1758 5133 in·

64 5165 118 5223 ius
134 5165 196 5236 ipsa
217 5163 346 5219 distincta
363 5162 560 5219 beneficiorum
579 5160 760 5226 enumeratio,
788 5178 860 5232 quae
884 5181 902 5217 a
926 5164 1001 5232 ferri,
1021 5165 1050 5218 in
1069 5179 1169 5219 nomen
1188 5161 1308 5232 Spiritus
1326 5180 1346 5214 4.
1365 5161 1501 5233 baptisari
1519 5162 1587 5217 nihil
1605 5163 1681 5217 aliud
1699 5180 1759 5220 esse

64 5250 187 5324 angulis
205 5250 335 5306 trinitatis
354 5248 479 5321 personis
498 5248 535 5302 ad
555 5264 604 5302 nos
623 5246 802 5316 descendunt,
819 5265 901 5320 argu·
927 5267 1011 5322 quarn
1033 5248 1174 5320 Spiritus.
1194 5248 1307 5316 donari,
1332 5246 1402 5301 alias
1425 5264 1594 5320 consequens
1617 5247 1704 5316 foret,
1728 5249 1759 5304 in

63 5344 192 5395 monum
211 5342 260 5406 est,
279 5338 307 5391 in
325 5337 385 5408 ipso
403 5335 514 5391 deitatis
528 5335 672 5405 complexu
683 5333 808 5403 personis
825 5334 901 5390 111444
927 5351 1027 5389 nomen
1040 5333 1131 5389 Patris
1143 5339 1172 5389 et
1182 5332 1248 5387 ltilii
1266 5331 1403 5402 baptizari
1421 5331 1489 5388 nibil
1506 5332 1583 5389 aliud
1602 5351 1662 5391 esse
1675 5350 1759 5406 quarn

61 5424 141 5482 reale
161 5422 274 5494 aliquod
293 5420 440 5476 discrimen
458 5419 642 5488 intercedere,
664 5419 739 5489 quod
756 5435 807 5489 per
826 5429 895 5477 exte¹
913 5421 1014 5477 ΙΡ4144
1032 5428 1061 5476 et
1080 5419 1153 5474 Filio
1172 5419 1216 5473 vel
1238 5425 1312 5473 certe
1337 5417 1478 5475 beneficiis
1502 5419 1620 5474 nPatre
1646 5424 1674 5479 et
1691 5419 1762 5476 l'ilio
