3984 6022
184 263 1010 335 62100118
1026 261 1169 323 PRIMUS

107 472 110 477 .
182 419 250 477 Jobi
266 419 347 476 amici
365 425 394 475 et
410 434 606 489 consangumer
617 435 716 490 regum
729 419 914 501 appellatione
930 419 1014 475 hono·
1044 417 1147 487 repicit,
1172 420 1224 473 sed
1240 417 1343 471 mattae
1359 420 1420 487 ejus
1439 417 1614 485 conjecturas
1631 430 1697 483 esse,
1714 430 1830 483 eamque
1847 413 1879 471 ιἰι

182 513 287 562 renhrn
313 505 394 561 LXX
419 505 536 576 interpp.
564 505 617 560 sub
642 503 727 560 finem
750 505 814 561 Job.
839 511 880 562 12.
904 505 1013 561 demtis
1042 505 1162 558 historia
1188 504 1307 573 pauore
1338 503 1483 557 conuenire
1513 509 1637 555 testatur.
1680 499 1714 553 ln
1741 498 1878 555 chronicis

182 591 273 648 verbis
308 608 402 662 regem
436 589 576 645 Jobabum
608 606 671 646 eum
706 599 812 648 vocant
844 591 940 649 Verba
974 590 1014 645 sic
1040 590 1144 647 ‹Iobum
1169 605 1219 645 seu
1241 588 1383 645 Jobsbum
1401 587 1485 644 Serae
1509 586 1608 655 filium,
1635 585 1769 658 Baguelis
1792 600 1878 656 nepo·

182 677 298 733 hebent:
324 665 402 736 οὗτος
425 675 603 748 ἑρμηνεύεται
626 678 656 730 λιι
683 678 728 746 τῆς
749 681 886 751 Συριακῆς
909 682 1014 747 βίβλου,
1041 681 1098 730 tom
1116 676 1187 731 inter
1198 675 1424 751 Eteri-posteros
1441 673 1542 742 retulit,
1560 673 1613 728 et
1606 691 1636 727 ιιι
1652 672 1746 729 bibliis
1761 671 1878 727 Germa·

119 764 123 772 ’
183 763 216 819 ἰν
231 765 286 836 μὲν
302 764 338 836 γῇ
357 764 493 816 κατοικῶν
512 764 544 836 τῇ
559 761 704 832 Alcanor,
730 765 774 817 ert
793 771 850 825 ταῖς
866 763 954 833 ὁρίοις
969 767 1015 832 τῆς
1041 761 1110 817 nicio
1134 761 1170 815 ad
1196 778 1219 816 o.
1251 768 1273 816 1.
1292 760 1359 817 Jobi
1375 764 1497 825 annotat,
1523 759 1627 815 Jobum
1644 775 1704 816 otae
1723 756 1818 815 Jobab
1837 773 1879 813 ro·

145 846 152 859 ⁸
181 846 339 922 Ἰδουμαίας
363 853 409 903 nui
427 847 566 922 Ἀραβίας,
586 852 765 922 προϋπῆρχεν
781 850 814 903 di
833 848 906 919 ιιιίιῷ
924 848 1014 924 ὄνομα
1042 866 1105 918 gem
1122 848 1212 902 Edem
1232 846 1332 902 Genea.
1351 852 1392 903 36.

186 935 288 1003 Ιωβάβ·
311 933 403 1003 λαβὼν
421 936 452 991 δὲ
469 941 590 1005 γυναῖκα
606 933 772 1008 >aptarem
793 939 879 1006 ysara
899 925 1015 1006 υ1ι1ιι,ᾧ
1078 939 1135 991 136.
1154 931 1309 1004 Opponitur
1330 932 1395 987 huic
1412 930 1578 989 sententiae:
1606 935 1629 984 1.
1649 929 1814 998 scriptionis
1832 929 1877 982 ur·-

182 1019 273 1094 ὄνομα
283 1019 398 1076 'aanor
419 1019 453 1088 ἦν
467 1021 499 1074 δὲ
512 1020 593 1081 αὐτὸς
605 1019 707 1092 πατρὸς
717 1023 852 1095 μὲαΖαρλ
863 1024 919 1077 τῶν
927 1021 1015 1077 Ἡσαῦ
1041 1020 1173 1087 versitas,
1200 1019 1266 1090 quia
1294 1019 1413 1072 olorum
1439 1035 1537 1073 nomen
1556 1036 1574 1071 a
1594 1018 1690 1079 fronte
1711 1033 1767 1084 per
1784 1014 1879 1084 aleph,

183 1109 253 1162 vtis
266 1107 333 1173 utic,
349 1107 453 1180 μητρὸς
468 1107 499 1161 dl
511 1106 665 1180 Βοσσόρας,
685 1108 753 1162 ὥστε
765 1108 836 1163 εἶναι
848 1108 933 1164 oriris
945 1111 1016 1180 ιιέμ-
1042 1106 1161 1159 alterum
1183 1122 1236 1174 per
1252 1105 1306 1172 jod
1329 1105 1467 1174 seriptum
1493 1104 1608 1172 leyitar,
1632 1118 1687 1173 qno
1713 1106 1880 1171 argumento

182 1213 255 1248 ntor
272 1191 328 1247 ἀπὸ
345 1190 483 1266 Ἀβραὰμ·
502 1199 546 1247 aul
568 1181 643 1248 οὗτοι
661 1197 689 1247 οἱ
706 1198 828 1262 βασιλεῖς
846 1197 873 1249 αλ
887 1191 1016 1260 βασιλεύ·
1042 1191 1172 1261 Lyranua
1200 1190 1236 1245 ab
1264 1189 1317 1244 hac
1344 1189 1528 1246 sentententia
1555 1206 1584 1244 se
1606 1193 1756 1243 redactum
1772 1185 1880 1256 assedi,

182 1295 279 1339 σαντες
301 1279 333 1334 ἓν
346 1275 454 1344 Ἠλὼμ,
480 1267 511 1346 ἧς
532 1283 580 1333 acl
603 1277 684 1339 αὐτὸς
704 1274 765 1352 ἦρξε
778 1278 885 1352 χώραςι
909 1283 1016 1350 πρῶτος
1043 1275 1092 1331 sed
1116 1275 1275 1346 responderi
1297 1283 1403 1346 potest,
1432 1274 1462 1330 in
1485 1291 1540 1330 uno
1562 1274 1714 1345 eodemque
1736 1272 1880 1331 Hebreeo

183 1364 280 1418 eatis
298 1363 312 1418 i
330 1365 379 1419 τοῦ
391 1362 471 1437 Βιώρ
483 1369 530 1418 καλ
540 1361 630 1437 ὄνομα
643 1366 674 1439 τῇ
687 1365 766 1420 πόλει
781 1367 870 1420 nurci.
878 1364 1014 1433 Δενναβά.
1042 1379 1104 1418 rum
1140 1362 1272 1417 idiomate
1307 1363 1560 1433 frequentissimam
1588 1377 1648 1417 ease
1678 1359 1755 1415 iliam
1787 1358 1880 1417 hum

182 1450 252 1525 μετὰ
269 1450 301 1504 di
319 1449 418 1504 Βαλὰκ
435 1448 525 1519 Ιιυβὰβ
542 1449 557 1505 ὁ
576 1451 744 1524 καλούμενος
763 1450 822 1520 leid.
851 1452 889 1506 Et
907 1457 1016 1523 postea:
1043 1465 1105 1503 rum
1135 1448 1377 1520 permutationem,
1413 1465 1447 1505 ao
1476 1448 1559 1519 longe
1586 1445 1777 1517 procliviorem
1802 1445 1879 1501 iiiam

182 1541 212 1592 ot
229 1538 261 1591 61
279 1535 407 1597 ἐλθόντες
422 1534 493 1605 apic
511 1535 595 1593 αὐτὸν
612 1541 704 1609 φίλοι,
728 1536 842 1610 Ἐλιφὰζ
857 1542 912 1591 τῶν
929 1536 1017 1591 Ἠσαῦ
1043 1551 1103 1590 esse
1139 1535 1169 1589 iu
1202 1533 1263 1588 istis
1294 1532 1539 1604 appellationibus,
1574 1549 1646 1603 quae
1675 1548 1708 1587 ex
1738 1530 1881 1587 Hebraiea

182 1626 253 1679 atriu
267 1621 571 1696 Θαιμαυῶνβασιλεὺς,
589 1621 899 1695 ΒαλιλὰιλὸΣαυχαίιιν
916 1624 1016 1698 riper-
1043 1620 1072 1674 in
1096 1619 1262 1688 Arabicam,
1288 1619 1449 1676 Idumaeam
1472 1626 1522 1674 aut
1537 1619 1641 1674 similes
1659 1617 1878 1681 delectassent

183 1727 243 1772 νος·
262 1706 370 1782 Συφὰρ
389 1708 404 1762 ὁ
424 1715 582 1777 Morantur
606 1709 733 1779 βασιλεύς
752 1713 838 1782 (quae
855 1715 948 1765 tamen
966 1727 1017 1765 nec
1044 1705 1205 1777 migrarunt
1245 1705 1377 1762 Praetera
1398 1705 1503 1760 sanctis
1526 1704 1651 1776 patribus
1670 1703 1879 1759 usitatissimum

183 1795 214 1851 in
236 1794 365 1850 Hebraeo
388 1800 512 1864 exstant,
539 1812 590 1850 nec
613 1795 650 1850 ab
674 1796 778 1866 Aquila
801 1803 829 1851 et
852 1795 1017 1867 Symmacho
1044 1792 1098 1848 suit
1124 1797 1231 1847 mutata
1251 1791 1377 1860 fortuna,
1402 1809 1453 1847 sua
1474 1797 1503 1846 et
1522 1807 1633 1845 suorum
1651 1788 1765 1844 nomina
1781 1790 1879 1847 immu-

183 1881 261 1936 iuere
293 1880 417 1950 adjecta,
453 1881 503 1935 sed
539 1888 646 1935 tantum
679 1897 696 1935 a
730 1881 812 1936 LXX
843 1882 962 1953 interpp.
991 1888 1018 1936 et
1044 1883 1117 1947 tare,
1140 1884 1172 1933 ut
1195 1885 1305 1933 constat
1327 1877 1452 1948 exemplo
1472 1877 1602 1933 Abrahae
1623 1875 1724 1931 Genea.
1748 1882 1788 1946 17,
1808 1883 1878 1933 aa

183 1967 385 2036 Theodotione)
415 1966 517 2037 quibus
551 1967 643 2022 verbis
668 1966 772 2023 dobum
805 1969 833 2021 in
865 1967 1017 2024 confinibus
1045 1956 1371 2032 aromaticarum.
1398 1963 1471 2018 Fieri
1490 1980 1557 2034 ergo
1574 1962 1673 2032 potuit,
1691 1969 1723 2016 ut
1735 1961 1785 2032 qui
1795 1962 1877 2018 rebus

183 2054 334 2108 Idumaeae
362 2059 447 2122 atque
471 2052 593 2108 Arabiae
618 2051 772 2118 habitasse,
805 2053 889 2108 Eaavi
919 2070 1017 2124 proue-
1044 2049 1134 2104 adhuc
1162 2048 1323 2106 florentibus
1350 2049 1476 2106 Jobabus
1502 2048 1644 2120 duplicata
1671 2048 1765 2103 media
1795 2047 1879 2105 nomi·

184 2144 286 2210 potem,
303 2137 430 2208 quintum
446 2137 577 2193 Abrahae
594 2137 745 2209 ἀπόγονον,
764 2138 912 2194 Idumaeae
925 2157 1017 2210 regern
1043 2142 1125 2190 natus
1141 2135 1239 2204 fuerit,
1259 2143 1356 2206 postca
1373 2136 1410 2191 ad
1429 2143 1564 2191 extremae
1584 2135 1714 2195 redactus
1735 2135 1879 2206 angustiae

84 2235 112 2277 u
126 2233 171 2276 tor.
185 2230 271 2294 atque
292 2230 374 2279 anua
399 2222 539 2280 Jobabum
567 2223 738 2295 appellatum
767 2223 865 2292 muse,
900 2224 1019 2296 denique
1044 2222 1079 2278 ob
1108 2222 1246 2276 fortunam
1270 2222 1415 2277 moeream
1444 2239 1513 2278 voce
1538 2221 1649 2277 concisa
1674 2225 1703 2276 et
1733 2220 1880 2277 decurtate

183 2307 286 2364 amiam
305 2310 365 2379 ejus
383 2307 527 2379 Eliphanr,
547 2308 648 2363 Bildad
666 2316 694 2363 et
711 2308 819 2379 Saphar
831 2299 904 2365 'suae
922 2328 1017 2381 quem·
1043 2307 1132 2364 Jobus
1155 2313 1264 2362 tantum
1283 2308 1427 2371 diceretur.
1464 2308 1545 2373 Quod
1564 2308 1589 2363 si
1608 2308 1653 2364 vel
1671 2307 1790 2363 maxime
1807 2307 1879 2367 ratio

183 2410 239 2467 que
282 2393 394 2449 ditionis
438 2410 532 2465 regem
568 2394 654 2448 suase
692 2401 825 2450 asserunt
881 2395 1016 2460 Aristeas,
1043 2394 1179 2449 immutati
1196 2394 1314 2449 nominis
1331 2393 1392 2448 dari
1409 2410 1465 2450 non
1482 2402 1588 2465 posset,
1611 2401 1705 2449 tumen
1721 2393 1877 2451 sententiae

183 2480 309 2537 ethnicus
345 2479 463 2550 scriptor
494 2479 647 2535 Ptolemaei
676 2479 852 2551 Philadelphi
882 2481 1016 2553 Aegyptii
1043 2479 1107 2534 huic
1126 2479 1194 2534 nihil
1212 2481 1373 2547 decederet,
1400 2496 1463 2535 cum
1483 2481 1512 2534 in
1531 2480 1680 2552 seripturis
1701 2479 1782 2537 multi
1802 2478 1878 2537 bina

181 2567 256 2638 regis
279 2565 439 2639 σύγχρονος,
464 2571 551 2621 totarn
565 2582 637 2638 pene
654 2565 720 2622 tobi
743 2566 886 2621 historiam
909 2567 1016 2639 conaig·
1043 2565 1130 2621 mines
1160 2566 1340 2636 reperiantur.
1385 2570 1411 2618 2.
1440 2567 1607 2635 Hieronymi
1632 2568 1802 2635 auctoritas,
1831 2566 1880 2638 qui

182 2653 271 2722 navit,
297 2669 415 2724 eumque
441 2668 497 2707 non
520 2652 602 2707 modo
629 2670 663 2708 ex
688 2654 806 2724 posteris
823 2653 907 2708 Esari
925 2653 1016 2709 oriun-
1042 2651 1070 2706 in
1098 2652 1168 2707 had.
1196 2651 1326 2707 Hebraic.
1352 2669 1435 2723 super
1461 2651 1560 2710 Genea
1591 2653 1709 2708 eandem
1738 2652 1878 2723 repudiet

183 2740 262 2799 dum,
304 2755 400 2793 verum
432 2738 516 2794 etiam
550 2746 615 2793 ante
653 2746 795 2811 acceptam
832 2739 1015 2795 calamitatem
1042 2739 1096 2796 Sed
1114 2756 1186 2810 resp.
1204 2744 1304 2808 potest,
1324 2738 1525 2809 Hieronymum
1536 2745 1661 2794 secutum
1674 2737 1761 2794 fuisse
1775 2738 1878 2794 Rabhi·

181 2825 285 2883 Jobabi
308 2824 418 2882 nomine
437 2824 598 2897 insignitum
616 2823 703 2880 fuisse
719 2825 868 2882 memoriae
883 2825 1013 2896 prodidit.
1042 2841 1105 2892 nos,
1128 2825 1176 2896 qui
1201 2824 1362 2895 saepissime
1386 2824 1504 2881 scientes
1527 2842 1560 2880 ac
1578 2825 1701 2880 volentes
1720 2824 1774 2894 ipsi
1790 2824 1878 2896 impo-

181 2911 262 2967 Philo
297 2916 507 2978 commemorat,
543 2910 619 2981 quod
651 2911 760 2965 Dinam
788 2911 893 2967 Jaeohi
921 2912 1016 2979 filiam
1041 2917 1170 2978 suerunt,
1195 2917 1226 2965 ut
1243 2911 1364 2967 ostendit
1380 2909 1487 2982 (iapnio
1504 2911 1565 2966 libr.
1585 2918 1608 2967 2.
1625 2912 1662 2967 de
1679 2909 1878 2969 rudimliehr.

181 3014 201 3054 a
218 2996 349 3054 sichomo
373 2994 450 3065 prius
477 3000 684 3065 constupratam
711 2996 739 3050 in
767 3012 879 3053 uxorem
899 2995 1016 3064 duxerit,
1042 2996 1124 3051 Adde
1145 2997 1221 3068 quod
1246 3012 1280 3051 ex
1303 2996 1411 3067 epistol.
1429 2997 1466 3051 ad
1483 2996 1643 3068 Evagrinm,
1663 2997 1692 3051 in
1714 3012 1771 3067 qua
1789 3012 1878 3052 sacen

181 3081 319 3139 Eusebius
345 3080 407 3137 libr.
431 3090 453 3140 1.
489 3081 647 3137 Demonstr.
677 3097 775 3154 evang.
802 3101 826 3143 c.
855 3090 881 3137 5.
906 3083 1015 3137 demon*
1043 3083 1153 3138 dotibus
1186 3088 1251 3138 ante
1275 3082 1428 3137 Leviticam
1460 3083 1563 3138 tribum
1596 3083 1699 3139 Jobum
1730 3083 1766 3141 de
1793 3083 1880 3153 stirpe

182 3176 286 3237 straus,
310 3166 443 3239 plurimos
466 3166 550 3222 etiarn
573 3171 639 3222 aute
659 3166 750 3238 legem
766 3166 918 3223 Moesicam
935 3168 1016 3239 justi·
1042 3169 1117 3223 Esau
1134 3184 1246 3240 quoque
1263 3174 1426 3224 annumerat
1442 3176 1517 3225 etex
1533 3169 1705 3240 praefatione
1721 3168 1795 3225 libro
1810 3167 1877 3225 Jobi

182 3253 279 3311 ficator
300 3253 400 3323 imese,
424 3261 488 3323 post
505 3251 635 3308 Abrahae
659 3253 825 3309 mentionem
849 3252 917 3309 tobi
940 3261 1015 3308 atne·
1042 3253 1177 3326 praefixa,
1206 3270 1279 3326 quae
1303 3270 1337 3315 er
1358 3253 1441 3309 LXX
1464 3255 1582 3325 interpp.
1606 3253 1737 3311 coronide
1759 3254 1796 3309 ad
1819 3271 1878 3311 rm·

181 3341 255 3413 potis
287 3339 440 3410 exemplum
472 3338 597 3409 subjicit:
635 3339 707 3402 Quin
733 3347 759 3393 et
786 3341 876 3394 Joom
905 3339 1015 3437 (inquit)
1044 3340 1109 3396 bum
1133 3357 1205 3410 pene
1230 3340 1364 3395 translata
1391 3347 1447 3408 est,
1474 3340 1620 3396 manifeste
1638 3346 1785 3410 appareat,
1811 3338 1878 3395 Hie·

184 3427 349 3494 Scripturas
386 3424 549 3478 testimoniis
577 3433 643 3478 ante
672 3425 783 3493 Moysis
816 3433 943 3495 tempora
972 3425 1016 3478 vir
1042 3443 1188 3498 rouymum
1221 3425 1257 3480 ab
1282 3425 1334 3480 hac
1361 3426 1498 3481 sententia
1525 3443 1580 3481 non
1603 3425 1691 3481 tuisse
1714 3425 1828 3496 penitus
1849 3441 1879 3481 a·

176 3512 285 3580 justus,
311 3528 410 3577 uerae,
434 3510 592 3580 incubpotus
618 3517 643 3563 et
666 3511 702 3563 ab
722 3511 797 3564 omni
814 3511 926 3564 malitia
945 3512 1014 3565 alie·
1042 3529 1158 3567 versum.

181 3598 311 3652 absimus
337 3596 507 3666 perbihetur
556 3595 670 3664 Moyses
696 3596 767 3650 enim
794 3597 823 3650 in
850 3598 1015 3667 yenealoyia
1079 3604 1135 3657 136.
1172 3597 1286 3653 interim
1309 3615 1366 3653 non
1391 3597 1556 3666 diffitemur,
1588 3597 1789 3668 Hieronymum
1814 3554 1914 3657 aliitu

181 3684 312 3753 septimus
330 3700 362 3737 ea
379 3682 542 3736 Atrabamo
560 3689 733 3749 numeratur,
752 3683 796 3735 hic
813 3700 878 3735 aero
895 3685 1014 3753 quintus,
1041 3685 1070 3739 in
1093 3684 1176 3755 locis,
1200 3684 1359 3756 cumprimis
1382 3702 1447 3741 vero
1471 3684 1499 3738 in
1519 3702 1564 3755 qq.
1582 3683 1667 3741 Hebr.
1696 3688 1762 3738 tom.
1780 3689 1806 3739 1.
1830 3682 1877 3741 tot

181 3768 223 3822 ita
240 3777 269 3820 ut
285 3769 391 3823 duobus
408 3767 509 3821 seculis
526 3768 644 3835 Moysen
664 3769 817 3823 antecedat.
853 3767 1014 3824 Ambrosius
1042 3778 1082 3829 96.
1103 3779 1131 3827 ot
1149 3771 1316 3842 Lyranum
1309 3788 1338 3824 m
1353 3770 1417 3826 Job.
1439 3774 1569 3838 statuere,
1588 3771 1665 3839 quad
1680 3769 1772 3823 Jubrss
1788 3770 1878 3833 fumet

181 3852 211 3908 in
240 3861 385 3910 comment
415 3870 440 3908 c.
472 3858 496 3908 9.
521 3853 627 3925 epistol.
655 3852 735 3908 Rom.
762 3855 865 3909 Jobum
891 3872 923 3908 ea
941 3854 1014 3924 filiis
1042 3866 1161 3929 cyrotus
1180 3857 1305 3912 Bileami
1331 3865 1357 3911 et
1380 3857 1524 3926 utriusque
1544 3858 1684 3924 oriyenem
1710 3856 1821 3922 rmore
1838 3857 1879 3911 ad

182 3943 275 4009 Ειιιιιι,
303 3941 427 4010 quintum
447 3941 482 3994 ab
499 3939 663 3993 Abrahamo
682 3941 799 4007 asserit,
817 3947 845 3996 et
862 3941 963 3997 multos
981 3957 1014 3994 ex
1042 3944 1215 4012 Nachorem,
1242 3943 1402 3996 Abrabami
1422 3944 1559 4006 fratrem,
1579 3958 1643 3995 cum
1660 3938 1750 3996 Jobus
1768 3941 1878 3997 dicatur

181 4026 267 4082 Esari
288 4025 419 4097 progenie
436 4027 473 4081 ad
491 4042 584 4080 veram
602 4024 685 4079 iidem
706 4042 851 4081 conversos
873 4042 905 4081 ac
924 4044 1013 4082 serva·
1041 4028 1180 4083 habitasse
1200 4027 1230 4082 in
1249 4034 1323 4082 terra
1339 4032 1414 4082 Uxea
1430 4027 1494 4082 Job.
1521 4034 1547 4096 l,
1573 4044 1598 4082 ι.
1626 4033 1647 4082 1.
1688 4025 1766 4083 Unus
1784 4033 1878 4083 autern

181 4117 224 4169 tos
246 4111 332 4168 fuisse
348 4111 422 4167 illius
440 4112 565 4182 exemplo
583 4109 735 4166 confirmat.
769 4111 929 4182 Augutinus
944 4112 1014 4168 libro
1043 4116 1152 4170 dicatur
1175 4113 1261 4168 fuisse
1278 4112 1411 4169 Nachoris
1429 4112 1501 4167 filius
1519 4111 1618 4169 Genea.
1646 4117 1694 4181 22,
1722 4130 1749 4167 ι.
1766 4117 1798 4168 21
1829 4112 1877 4171 sed

184 4204 224 4256 111.
251 4199 286 4253 de
303 4197 377 4253 civit.
396 4197 450 4251 Dei
475 4214 499 4251 c.
522 4202 572 4252 tt:
610 4197 645 4251 Si
660 4206 761 4266 neyant
781 4196 905 4264 (tudae)
924 4216 1015 4267 quem·
1041 4208 1146 4258 tractus
1177 4199 1224 4255 ille
1262 4217 1317 4255 non
1346 4217 1364 4255 a
1393 4199 1545 4270 posteriore
1574 4200 1694 4270 quodam
1724 4198 1878 4259 Abrahami

179 4286 260 4355 piam
283 4286 324 4339 ad
341 4287 433 4339 Deum
451 4283 620 4353 pertinuisse
638 4292 839 4353 praeterquam
856 4283 1015 4353 israelitas,
1041 4295 1203 4354 coaetaneo,
1226 4300 1323 4339 verum
1340 4285 1376 4340 ab
1396 4284 1465 4354 Uzo,
1483 4285 1580 4341 Arami
1598 4283 1665 4354 filio,
1683 4284 1759 4340 Semi
1777 4290 1878 4357 nepote

176 4370 323 4437 facillime
354 4370 551 4424 conuincuntur
575 4370 610 4422 de
633 4377 730 4422 sancto
755 4378 780 4422 et
806 4369 934 4423 mirabili
954 4370 1015 4425 uiro
1042 4373 1134 4428 statim
1171 4376 1237 4442 post
1275 4370 1409 4425 diluvium
1449 4370 1699 4426 denominationem
1737 4370 1878 4447 accepisse

182 4456 248 4526 Joo,
265 4457 315 4526 qui
331 4473 380 4510 nec
394 4455 562 4525 proselytus,
579 4455 612 4508 id
629 4463 668 4507 est
685 4455 794 4508 aduena
804 4455 909 4524 popuii
921 4456 1016 4509 Israel
1043 4458 1150 4514 videtur
1177 4455 1277 4511 Genea.
1307 4463 1344 4511 lo.
1368 4473 1393 4508 v.
1420 4461 1459 4511 23.
1490 4456 1522 4511 Β.
1546 4456 1630 4512 Aben
1657 4456 1728 4510 Ezra
1750 4456 1877 4529 quamvis

182 4543 247 4608 fuit,
265 4543 317 4595 sed
334 4558 366 4594 eu
383 4549 462 4608 yeme
482 4541 622 4594 Idumaea
638 4558 725 4609 yeaus
743 4542 855 4607 ducens,
875 4541 916 4593 ibi
931 4550 1015 4613 mera,
1042 4549 1125 4616 neget
1143 4543 1246 4598 Jobum
1274 4558 1332 4596 esse
1352 4540 1492 4597 Jobabum
1520 4541 1599 4595 illum
1616 4541 1814 4601 idumaeorum
1835 4559 1876 4615 re·

182 4628 285 4682 didam
303 4634 426 4680 mortuus
444 4633 492 4693 est,
510 4626 560 4695 qui
576 4626 671 4679 diuina
689 4625 730 4678 cic
744 4625 880 4680 labamur
897 4626 1015 4695 eloquio,
1041 4647 1117 4702 gem,
1141 4630 1221 4699 cujus
1238 4627 1349 4697 Moyses
1368 4625 1532 4682 mentionem
1553 4626 1634 4694 facit,
1661 4633 1755 4682 tamen
1772 4628 1878 4701 statuit,

182 4722 213 4768 ut
237 4713 314 4784 quod
330 4710 525 4780 adjustitiam
540 4711 726 4780 pietatemque
744 4713 853 4779 attinet,
877 4712 970 4766 nullus
989 4714 1017 4764 ei
1041 4715 1145 4770 lobum
1170 4712 1255 4767 imese
1278 4727 1311 4765 ex
1335 4711 1441 4766 familia
1459 4711 1557 4781 Esau,
1583 4720 1747 4783 argumento
1773 4728 1877 4785 eorum,

183 4800 264 4855 horno
281 4815 395 4853 suorum
412 4804 565 4866 temporum
583 4805 755 4866 coaequetur.
794 4800 870 4863 Quae
888 4808 1013 4868 tempora
1042 4806 1113 4873 quae
1132 4798 1269 4855 habentur
1286 4796 1388 4853 Thren.
1412 4804 1435 4861 4,
1460 4817 1484 4852 v.
1504 4805 1545 4854 21.
1571 4798 1668 4868 ipsum
1691 4814 1794 4855 nomen
1811 4798 1877 4857 tobi

184 4887 245 4956 ejus
268 4883 394 4956 ςααυιυίιι
422 4900 478 4937 ιιοιι
505 4884 675 4938 inveniamus
702 4884 731 4937 in
757 4884 909 4949 chronicis,
936 4886 1015 4940 colli·
1042 4886 1167 4958 quidam,
1193 4893 1224 4939 ut
1244 4884 1303 4954 jam
1327 4889 1392 4938 ante
1416 4883 1551 4953 diximus,
1577 4885 1674 4938 volunt
1692 4901 1753 4939 esse
1770 4891 1877 4966 corrue

182 4972 273 5041 pimus
294 4977 387 5025 tamen
411 4986 443 5023 ee
465 4970 537 5024 libro
561 4969 635 5039 ejus,
672 4987 753 5068 quem
772 4988 827 5040 pra
851 4972 897 5024 sui
918 4974 1014 5027 merito
1042 4981 1117 5027 ctum
1135 4989 1168 5026 ex
1184 4969 1285 5039 debeb,
1318 4969 1429 5041 quidum
1452 4987 1514 5026 vero
1532 4924 1674 5026 deducunt
1690 4969 1727 5025 ab
1746 4954 1877 5029 Hebraico

183 5056 334 5111 Israeliten
368 5057 399 5110 r'n
427 5055 619 5109 arroteritatem
650 5056 813 5109 canonicam
846 5067 1015 5128 receperunt,
1043 5048 1097 5109 :in
1125 5056 1200 5128 quod
1229 5072 1340 5127 magum
1370 5063 1397 5111 et
1426 5056 1579 5153 sapientem
1605 5062 1699 5119 sonat,
1732 5055 1878 5127 interjecta

185 5144 267 5197 tertia
293 5142 470 5210 yeneratt'one
495 5142 678 5211 posteriorem
697 5141 794 5210 fuisse
816 5160 898 5212 quam
915 5144 1015 5198 Inruit.
1042 5151 1135 5198 tamen
1156 5142 1236 5196 litera
1261 5143 1350 5213 prima
1373 5158 1407 5196 ex
1431 5142 1542 5197 nomine
1560 5140 1683 5210 Jehova,
1707 5159 1742 5196 ne
1762 5142 1877 5213 protana

184 5226 321 5284 Lutherus
346 5227 375 5282 in
397 5232 540 5281 comment.
561 5224 662 5283 Genea.
686 5231 727 5281 12.
747 5225 784 5280 ab
806 5225 859 5282 hac
880 5229 1017 5285 sententia
1042 5229 1153 5300 sapiens
1178 5230 1328 5297 putaretur.
1369 5225 1489 5291 Quidam
1524 5226 1559 5281 ab
1589 5233 1646 5278 :ut
1675 5226 1750 5297 quod
1786 5226 1877 5303 odisse¹

185 5312 324 5370 divonem
348 5318 470 5368 statuere
493 5310 614 5380 videtur,
636 5310 732 5366 sedin
750 5319 896 5369 comment
916 5313 1017 5371 Genea
1043 5311 1193 5386 significat,
1218 5328 1282 5366 cum
1299 5310 1388 5366 asbus
1416 5310 1500 5367 fuerit
1522 5329 1585 5368 osor
1603 5329 1652 5368 seu
1676 5310 1763 5368 hostis
1788 5312 1876 5385 omnia

185 5403 227 5456 36.
257 5396 367 5471 quando
399 5394 592 5469 genealogiam
622 5412 720 5471 regum
750 5395 943 5454 idumaeorum
971 5417 1016 5455 ex-
1043 5398 1190 5468 impietatis
1210 5405 1238 5452 et
1255 5397 1415 5469 injustitiae.

184 5482 285 5557 plicat,
307 5480 447 5551 Ambrosii
468 5489 497 5539 et
513 5480 665 5553 Augustini
682 5480 840 5553 opinionem
860 5501 916 5539 non
932 5483 1016 5554 plane
1083 5490 1138 5543 tot.
1169 5488 1215 5540 De
1245 5491 1358 5537 oratore
1389 5482 1472 5551 λιιιβαι
1503 5482 1570 5537 iibri
1599 5481 1695 5539 itidem
1724 5480 1882 5559 plurimum
