3984 6022
662 352 663 355 p
730 256 782 318 nn
802 263 1016 322 scmrrues
1037 267 1167 324 11111.
1735 279 1793 338 1⁸5

95 416 162 471 Luc
184 421 224 486 tt,
240 434 268 472 r.
289 422 322 473 29
338 416 474 489 jubentur
491 416 581 472 audiri
598 419 714 488 Moyses
731 426 759 472 et
773 420 934 490 prophetoe,
994 426 1053 478 121.
1084 429 1108 477 1.
1135 424 1182 477 Ec
1208 424 1373 478 Muraena
1401 427 1443 479 ad
1466 427 1628 483 absardnm.
1668 426 1700 484 Si
1725 426 1797 484 Scri·
1807 443 1922 487 11111..

93 501 192 573 utique
212 502 242 558 in
262 502 384 574 ipsorum
402 503 513 574 scriptis
529 504 622 559 adhuc
642 505 823 561 exstantibus.
854 506 933 560 Idem
959 512 1042 577 ptura
1073 526 1127 563 non
1160 516 1202 564 est
1227 510 1375 581 perspicua
1401 510 1430 565 in
1457 511 1600 566 tradendis
1626 513 1797 584 successariis,¹
1809 496 1918 589 2⁰2³?

90 587 230 658 judicium
250 595 311 644 esto
333 590 369 644 de
388 590 528 662 apostolis.
565 597 589 646 2.
609 591 731 647 Proinde
748 591 934 663 intelligentia
959 609 1130 665 consequens
1146 595 1243 650 fuerit:
1270 601 1289 650 1.
1309 613 1369 650 eam
1393 596 1485 651 minus
1503 603 1578 653 recte
1593 599 1687 654 vocari
1704 599 1795 656 lucem
1807 599 1909 641 suern.

94 671 300 744 Scripturarum
324 681 353 729 et
375 674 445 730 fides
466 676 496 730 in
519 676 660 731 Christum
685 694 741 732 non
759 677 862 733 debent
880 677 933 732 sibi
959 683 988 732 et
1018 678 1165 736 lucernam.
1208 687 1231 735 2.
1257 681 1350 737 Deum
1380 682 1424 736 vel
1452 679 1642 738 nolmsm'vst
1668 701 1724 738 uon
1746 701 1797 756 po·

92 758 213 814 invicem
244 759 361 831 opponi,
397 766 463 814 sunt
487 760 560 816 enim
585 762 775 819 subordinate.
800 762 864 818 Joh.
891 768 932 831 211,
959 764 1045 818 tuisse
1069 766 1215 837 perspicue
1240 768 1269 821 in
1295 767 1443 838 scripturis
1467 767 1551 839 loqui
1586 772 1611 823 3.
1635 786 1691 824 uon
1714 786 1797 840 posse

93 861 120 899 r.
145 849 194 900 ³1:
219 847 300 899 Haec
317 846 424 916 serpso
442 855 519 914 sont,
538 855 568 900 nt
584 848 717 901 medatis.
753 853 777 902 3.
797 848 933 919 Loquitur
960 865 993 904 ex
1022 849 1170 921 Scripturis
1199 852 1268 906 disci
1295 853 1408 907 modum
1435 852 1614 924 perveniendi
1644 855 1681 908 ad
1710 855 1797 910 vitam

93 931 236 1002 apostolus
257 931 292 987 de
309 938 368 987 tota
385 933 523 1004 evangelii
541 934 678 1003 doctrina,
697 950 780 1005 quarn
800 951 833 988 eo
849 933 932 987 modo
959 942 1106 990 aeternam.
1153 944 1175 992 1.
1204 944 1313 1009 patrum
1342 939 1447 1009 scripta
1472 955 1533 994 asse
1560 938 1644 1010 longe
1671 938 1797 1007 clariora,

92 1033 113 1072 a
130 1033 160 1073 se
175 1017 347 1090 propositam
364 1023 490 1089 testatum,
509 1025 541 1073 ut
558 1020 681 1074 veritatis
698 1020 885 1074 manifestatio
903 1020 932 1073 iu
960 1036 1043 1091 quam
1061 1022 1148 1092 ipsam
1167 1022 1346 1094 Scripturam,
1365 1040 1429 1079 cum
1447 1031 1540 1079 tamen
1557 1024 1650 1078 omnia
1667 1041 1718 1079 sua
1733 1042 1797 1095 pro·

94 1102 194 1158 animis
213 1102 355 1159 hominum
373 1104 464 1160 locum
481 1104 585 1160 habere
604 1105 746 1177 potuisset,
766 1105 820 1160 uisi
838 1122 932 1160 excae-
959 1105 1027 1161 bent
1047 1107 1091 1162 vel
1113 1107 1231 1178 probare
1257 1116 1404 1178 conentur,
1428 1108 1474 1163 rel
1493 1115 1568 1165 certe
1584 1109 1704 1180 probare
1719 1115 1796 1166 tene·

94 1189 168 1245 catio
194 1188 300 1244 diaboli
327 1188 476 1245 salutarem
500 1190 578 1245 illum
606 1191 735 1247 effectum
762 1191 932 1263 impedisset.
959 1197 1042 1246 antur
1065 1210 1099 1248 ex
1117 1193 1265 1265 Scriptura.
1302 1203 1325 1249 5.
1351 1213 1406 1250 non
1424 1196 1547 1266 potuisse
1565 1195 1735 1266 Scripturam
1752 1197 1795 1252 in·

94 1273 168 1330 Vide
179 1273 308 1330 Ambrae.
327 1273 468 1347 Chrysost.
481 1276 629 1331 Oeoumen.
648 1276 806 1347 Theophyl.
823 1277 860 1331 in.
874 1276 901 1330 h.
914 1276 932 1330 l.
958 1277 1061 1349 telligi,
1098 1285 1248 1350 antequam
1286 1285 1426 1335 exstarent
1455 1287 1565 1352 patrum
1594 1280 1795 1337 commentarii.

94 1366 121 1416 t.
147 1359 280 1432 Cognitio
306 1367 335 1416 ct
356 1361 427 1416 fides
453 1363 482 1415 in
507 1361 647 1416 Christum
669 1360 775 1417 sufficit
796 1362 876 1418 nobis
897 1362 933 1417 ad
959 1369 984 1418 6.
1008 1364 1099 1434 perire
1123 1364 1220 1434 finem,
1249 1383 1330 1438 quem
1353 1366 1383 1420 in
1409 1365 1551 1437 Scriptura
1576 1367 1716 1422 exaranda
1740 1366 1794 1423 sibi

94 1445 214 1502 salutem
233 1446 298 1503 Joh.
328 1453 373 1513 11,
398 1465 424 1503 v.
445 1454 468 1503 3.
489 1464 512 1501 c.
531 1453 578 1517 20,
601 1454 688 1503 131.
723 1448 788 1504 Jam
806 1465 871 1503 raro
889 1464 933 1501 co·
957 1449 1128 1519 propositum
1146 1450 1305 1506 habuerunt
1321 1450 1473 1522 prophetae
1492 1457 1521 1506 et
1537 1451 1666 1522 apostoli,
1686 1452 1735 1523 qui
1753 1457 1797 1507 est

93 1531 185 1604 gnitio
211 1538 240 1587 et
266 1531 337 1586 fides
367 1532 396 1587 in
423 1531 562 1588 Christum
591 1535 737 1606 perspicue
765 1534 879 1589 docetur
905 1533 934 1588 in
958 1540 1076 1605 ooqtcm
1103 1535 1231 1604 stettein
1256 1536 1377 1591 αἰώνιον.
1411 1537 1451 1592 At
1469 1537 1538 1593 haec
1555 1538 1648 1593 omnia
1664 1543 1729 1591 sunt
1746 1536 1795 1592 ab·

94 1617 255 1689 Scripturis.
299 1617 445 1690 Ergo'ea,
474 1635 546 1690 quae
573 1619 697 1673 suntad
721 1618 838 1673 salutem
861 1619 932 1673 scitu
957 1621 1050 1675 surda
1092 1622 1168 1694 Ergo
1193 1630 1221 1677 et
1247 1622 1329 1692 illud,
1358 1640 1391 1678 ex
1413 1641 1468 1694 quo
1488 1623 1558 1678 talia
1580 1629 1795 1695 consequuntur.

10 1757 11 1769 ,
93 1704 266 1774 necessaria,
285 1703 432 1775 perspicue
448 1703 477 1758 in
497 1703 646 1774 Scripturis
663 1711 862 1775 proponuntur.
957 1705 1069 1777 Excipit
1099 1707 1297 1763 Bellarminus:
1332 1714 1352 1763 1.
1385 1709 1611 1776 distinprsendam
1637 1725 1695 1762 esse
1723 1710 1796 1763 inter

10 1765 57 1855 ιῗιὲ
128 1794 188 1845 tto.
217 1795 242 1845 6.
265 1791 312 1844 En
334 1790 545 1858 comparatione
570 1791 597 1842 V.
617 1797 643 1843 et
661 1791 696 1843 N.
720 1791 750 1843 T.
784 1791 932 1856 Quodcun·
958 1792 1131 1862 claritatem,
1159 1796 1256 1862 qaood
1273 1812 1366 1848 renem
1383 1795 1526 1848 ceritatem
1547 1803 1573 1848 et
1589 1796 1686 1864 moad
1701 1795 1794 1848 serbo.

10 1865 79 1950 {fif
94 1890 149 1946 que
174 1874 316 1930 confertur
337 1873 409 1929 libro
435 1880 547 1944 aperto,
571 1892 627 1929 non
652 1880 744 1945 potest
762 1892 821 1931 esse
840 1876 931 1946 signa*
958 1880 1074 1947 Patres,
1102 1878 1206 1950 inquit,
1230 1880 1380 1933 renuntias
1400 1897 1468 1933 meos
1488 1880 1700 1950 Scriptnrorssm
1721 1879 1794 1932 testi·

10 1966 80 2011 An
93 1965 154 2016 tum
178 1968 207 2018 et
231 1961 387 2016 obscurum.
424 1960 464 2014 At
482 1961 516 2016 N.
536 1960 569 2014 T.
590 1961 731 2016 confertur
747 1961 819 2016 libro
837 1968 932 2032 aperto
958 1964 1060 2017 montis
1078 1966 1250 2034 confirmant,
1269 1966 1339 2034 qaia
1357 1966 1450 2018 notius
1467 1973 1507 2019 est
1523 1981 1617 2019 serum
1634 1981 1701 2033 esse,
1718 1966 1796 2034 qnod

94 2048 182 2120 Apoe.
204 2055 234 2113 5,
259 2066 284 2102 r.
309 2054 333 2103 t.
368 2048 444 2119 Ergo
469 2065 525 2104 non
548 2053 641 2119 potest
665 2065 725 2103 esse
747 2048 887 2121 signatum
905 2056 933 2103 et
958 2050 988 2102 in
1008 2049 1164 2119 Scssptnris
1187 2051 1318 2120 habetur,
1344 2069 1429 2127 qrmm
1453 2053 1532 2120 qaod
1554 2051 1670 2104 habmnr
1687 2051 1718 2103 in
1740 2068 1796 2120 po·

94 2134 253 2190 obscurum.
297 2133 328 2189 Si
355 2133 535 2205 propheticus
563 2150 652 2189 sermo
675 2133 710 2189 V.
735 2133 767 2190 T.
792 2134 933 2190 confertur
958 2135 1058 2197 tratres,
1090 2143 1117 2188 ct
1144 2144 1236 2189 tomen
1266 2137 1353 2190 iidem
1376 2145 1476 2206 patres
1505 2138 1711 2191 commentariis
1735 2137 1795 2191 1111

95 2219 225 2275 lucernae
247 2225 361 2290 propter
382 2219 609 2291 perspicuitatem
626 2219 655 2274 in
672 2220 815 2275 tradendis
835 2221 871 2275 ad
889 2237 931 2274 sa·
961 2221 1125 2290 Scripturas
1152 2221 1307 2285 illustrant,
1336 2224 1403 2291 quia
1431 2225 1515 2278 verba
1542 2223 1706 2292 Scriptarae
1731 2230 1796 2276 sant

94 2304 181 2360 intem
218 2304 290 2360 scito
319 2305 490 2374 necessariis,
527 2307 614 2361 multo
644 2306 733 2378 magis
763 2305 931 2377 apostolicus
959 2307 1122 2361 obscuriora
1146 2324 1230 2377 qoam
1252 2309 1334 2360 serta
1360 2316 1483 2377 patrem.
1517 2308 1601 2380 Resp.
1625 2315 1718 2380 patres
1738 2327 1795 2366 nou

94 2390 127 2448 Ν.
157 2391 193 2448 T.
225 2408 315 2447 sermo
349 2392 401 2447 erit
428 2393 598 2464 perspicuus.
643 2392 697 2449 Sed
727 2384 821 2447 re'rum
854 2393 930 2463 prius
957 2391 1080 2448 1111111111
1105 2391 1195 2447 lucem
1219 2392 1247 2447 in
1264 2391 1450 2464 Scriptorum,
1473 2395 1523 2448 sed
1541 2411 1574 2448 ex
1592 2393 1735 2466 Scriptura
1753 2395 1794 2450 ln·

94 2484 118 2534 2.
136 2477 214 2534 Petri
238 2484 261 2546 1,
277 2495 303 2532 r.
327 2484 366 2535 te.
386 2478 462 2550 Ergo
482 2486 510 2533 et
528 2478 673 2549 posterius.
710 2477 851 2533 connexio
867 2495 928 2548 pro·
957 2494 1017 2532 cem
1034 2475 1239 2534 commentariis
1257 2477 1315 2532 suis
1332 2483 1500 2533 mutuantur.
1534 2479 1568 2533 In
1587 2480 1670 2534 claris
1688 2486 1717 2534 et
1733 2497 1793 2551 per·

94 2563 183 2619 batur.
219 2563 298 2630 Quae
320 2564 392 2619 enim
416 2565 445 2619 111
462 2565 498 2620 V.
515 2565 548 2622 T.
573 2563 716 2619 obscurius
739 2563 852 2619 fuerunt
867 2581 929 2636 pro·
957 2562 1061 2634 spicuis
1087 2562 1246 2634 Scripturas
1269 2562 1352 2617 dictis
1374 2563 1538 2634 proponitur
1561 2563 1627 2619 fidei
1656 2563 1793 2636 analogia,

94 2650 199 2722 posita,
224 2665 259 2704 ea
276 2649 304 2704 in
323 2650 358 2706 N.
379 2650 427 2717 Τ.,
451 2657 598 2722 postquam
618 2651 737 2705 accessit
757 2650 856 2705 clarior
874 2650 930 2720 lux,
957 2649 993 2703 ad
1020 2665 1082 2704 eam
1108 2649 1246 2721 exigenda
1272 2655 1338 2703 sunt
1355 2649 1446 2703 omnia
1464 2655 1576 2720 patrum
1594 2650 1682 2717 dicta,
1709 2668 1742 2705 ex
1760 2666 1794 2706 ea

93 2734 208 2790 fuemnt
238 2734 387 2791 dilucidius
419 2736 602 2791 manifestata.
632 2736 752 2808 August.
779 2754 806 2809 q.
833 2742 873 2792 13.
901 2738 930 2790 in
957 2735 1039 2790 etiam
1063 2734 1110 2789 lux
1129 2733 1293 2789 conciliatur
1315 2734 1527 2790 obscurioribus.
1563 2735 1640 2806 Ergo
1657 2751 1793 2790 commen·

91 2821 180 2876 Exod
215 2823 251 2875 In
271 2822 366 2876 Veteri
375 2823 486 2876 Nonam
503 2822 579 2888 latet,
597 2823 626 2875 in
645 2825 725 2876 Novo
743 2824 825 2876 Vetas
840 2831 930 2891 patet,
956 2820 1019 2875 tarii
1047 2827 1158 2892 patrum
1186 2838 1242 2875 non
1266 2827 1388 2892 arguunt
1412 2820 1573 2892 Scripturas
1598 2821 1626 2876 in
1651 2821 1793 2877 tradendis

91 2907 139 2963 hb.
160 2906 196 2963 de
214 2907 347 2964 catechis.
365 2908 457 2964 rudib.
476 2926 499 2964 e.
516 2916 544 2964 5:
568 2910 649 2962 Vetus
670 2910 871 2962 Testamentum
889 2918 931 2962 cst
956 2906 1119 2962 necessariis
1143 2905 1353 2976 obscuritatem,
1387 2907 1437 2961 sed
1461 2907 1633 2978 quorundam
1659 2908 1794 2964 duntaxat

91 2993 244 3048 mactatio
267 2995 350 3048 Noai.
374 2994 422 3048 lib.
447 3000 486 3050 15.
508 2999 604 3049 contra
620 2994 755 3048 Faustum
774 3010 798 3048 c.
818 2999 849 3049 4:
880 2995 929 3048 Ve·
958 2992 1117 3063 Scripturas
1145 2993 1268 3047 locorum
1293 2992 1446 3047 involutam
1474 2993 1690 3049 obscuritatibus
1720 2992 1792 3048 diffi-

91 3088 135 3133 tus
152 3087 192 3133 est
206 3079 359 3150 prophetia
378 3080 461 3134 Noni.
497 3078 648 3150 Postquam
670 3079 755 3150 igitur
774 3079 824 3133 illa
843 3079 929 3133 maui-
957 3080 1101 3147 cultatem,
1124 3095 1196 3151 quae
1215 3096 1300 3151 opera
1318 3080 1498 3151 interpretum
1517 3079 1636 3146 tollimr,
1656 3080 1718 3134 luce
1735 3096 1792 3135 uon

89 3165 202 3221 testatio
233 3171 262 3220 et
290 3164 440 3236 explicatio
469 3165 565 3221 Veteri
594 3165 773 3221 Testamenta
805 3166 929 3230 accessit,
957 3165 1069 3219 aliunde
1108 3163 1202 3233 illata,
1237 3165 1288 3219 sed
1324 3182 1358 3220 ex
1396 3165 1458 3236 ipsa
1489 3165 1631 3235 Scriptura
1657 3164 1792 3237 quaesita

88 3267 146 3307 non
163 3250 284 3324 amplius
301 3251 444 3322 Scriptum
462 3252 518 3307 dici
537 3252 640 3323 poterit
657 3252 784 3306 obscma.
818 3250 931 3322 Excipit
956 3255 982 3303 2.
1015 3253 1113 3304 Patres
1141 3251 1254 3318 primae
1288 3251 1435 3314 ecclesiae,
1467 3258 1616 3321 antequanm
1644 3252 1792 3305 ederemm

88 3337 220 3394 Bellarm.
247 3338 397 3392 discrimen
426 3339 457 3391 V.
482 3345 507 3391 et
531 3339 569 3392 N.
599 3338 630 3391 T.
659 3338 808 3392 consatere
832 3338 862 3391 in
887 3353 928 3405 ec,
954 3344 1075 3390 veteram
1092 3336 1291 3405 commentarii,
1312 3334 1418 3389 adiisse
1435 3336 1513 3390 visos
1530 3335 1673 3405 apostolos
1691 3345 1717 3391 et
1735 3354 1792 3392 aon

88 3425 169 3494 quod
191 3431 257 3478 tanc
274 3441 330 3478 non
348 3423 438 3477 solnm
456 3424 607 3478 sententiae
624 3423 850 3493 Scriptnrcram,
878 3425 929 3477 sed
955 3440 988 3476 ea
1009 3423 1132 3492 proprio
1162 3422 1273 3491 inpenio
1301 3421 1465 3492 Scripturas
1489 3421 1645 3490 inteilipere
1662 3422 1789 3480 11111111.

88 3511 175 3565 etiem
206 3510 339 3579 mysteria
370 3509 477 3564 Christi
504 3527 561 3564 non
590 3509 830 3580 inteltipebantar,
860 3511 927 3579 qaia
954 3509 1037 3578 Resp.
1061 3506 1138 3562 aliud
1160 3513 1203 3563 est
1228 3523 1261 3562 ex
1283 3507 1397 3578 proprio
1415 3507 1527 3579 ingenio
1544 3506 1616 3563 velle
1635 3506 1791 3580 Scripturas

89 3597 187 3650 omnia
207 3604 375 3651 1111111111
389 3597 494 3667 fipnsis
512 3596 558 3650 Es.
578 3601 620 3653 29.
642 3603 672 3648 ct
690 3595 721 3648 in
737 3597 774 3648 N.
795 3597 842 3662 Τ.,
860 3596 927 3664 qrsio
953 3594 1121 3666 intelligere,
1140 3593 1217 3648 aliud
1235 3609 1268 3647 ex
1286 3594 1354 3665 ipsis
1374 3593 1523 3665 scripturis
1540 3611 1649 3650 sensum
1665 3594 1790 3650 veritatis

91 3682 219 3738 camno
240 3681 387 3752 complevit
399 3683 511 3752 piparas
530 3688 556 3734 et
573 3680 752 3751 prophetias,
779 3681 832 3734 etsi
847 3681 929 3734 matti
953 3680 1071 3735 haurire
1114 3679 1196 3734 Prius
1222 3680 1423 3752 improbamus,
1452 3680 1589 3753 posterius
1615 3681 1790 3737 commenda·

88 3785 146 3823 non
169 3767 328 3837 intellipant
351 3768 500 3822 sententias
520 3767 744 3836 Smptnrarum,
769 3774 860 3820 tomen
885 3767 926 3820 in·
954 3784 1029 3835 mus,
1055 3766 1133 3838 prius
1149 3765 1210 3822 lieri
1226 3783 1368 3839 nunquam
1388 3765 1484 3835 debet,
1510 3766 1647 3837 posterius
1665 3766 1724 3822 lieri
1741 3783 1790 3837 po·
1802 3770 1831 3812 11.
1844 3767 1891 3813 Ν·

88 3854 219 3923 telligarst
244 3853 308 3922 ipssa
330 3854 462 3922 mysteria
485 3853 673 3907 redemtionis.
716 3852 809 3905 Addit
834 3853 926 3917 emm,
954 3852 1015 3922 tuit,
1036 3852 1119 3907 etiam
1138 3856 1287 3924 antequam
1305 3858 1446 3909 exstarent
1462 3857 1573 3924 patrum
1592 3852 1789 3908 commentarii.

89 3939 184 3994 adhuc
201 3939 340 3994 orandam
359 3956 429 4007 esse,
451 3947 482 3992 nt
499 3938 597 4007 Apnns
615 3937 727 4006 aperiat
745 3937 846 3991 libram
858 3956 926 4008 pra
954 3939 1073 4004 Quando
1100 3937 1173 3993 enim
1190 3938 1268 3994 verbi
1287 3938 1379 4010 gratia
1397 3938 1513 4010 epistola
1530 3938 1566 3994 sd
1584 3938 1724 3994 Romanos
1742 3917 1792 4009 per

84 4033 152 4096 pter
169 4024 335 4093 Scripnsrae
356 4025 562 4095 dis'flmsltatem.
597 4023 680 4094 Resp.
707 4029 728 4079 1.
748 4023 879 4088 Qrmmris
898 4024 927 4077 iu
953 4024 1086 4080 Phoeben
1111 4023 1166 4078 fuit
1191 4024 1370 4086 transmissa.
1398 4030 1464 4079 tunc
1492 4029 1567 4078 certe
1593 4020 1711 4078 ecclesia
1736 4022 1791 4078 Ro·

88 4111 193 4184 populo
209 4110 244 4166 V.
262 4110 294 4164 T.
318 4128 374 4165 nen
395 4111 480 4167 fuerit
503 4117 583 4165 tanta
606 4111 654 4165 lux
677 4109 844 4182 cognitionis
868 4127 927 4180 my·
953 4127 1037 4164 mana
1061 4109 1145 4165 etiam
1171 4110 1278 4181 absque
1305 4109 1509 4165 commentariis
1535 4125 1595 4165 eam
1618 4109 1688 4180 legit
1704 4114 1733 4164 et
1750 4107 1790 4163 in·

88 4195 235 4252 steriornm
250 4194 361 4266 Christi,
381 4201 487 4268 quanta
504 4202 547 4252 est
564 4195 593 4250 in
611 4195 714 4266 populo
724 4195 758 4251 N.
775 4194 818 4265 T.,
834 4199 928 4249 tamen
952 4195 1066 4251 tellexit.
1107 4192 1150 4248 Ac
1174 4199 1281 4249 certum
1305 4201 1360 4262 est,
1385 4194 1473 4250 fuisse
1495 4201 1618 4265 tempus,
1645 4211 1701 4264 quo
1724 4209 1790 4263 apo·

90 4298 146 4337 non
173 4287 216 4337 est
240 4282 316 4337 nude
339 4288 368 4337 et
392 4281 554 4353 simpliciter
579 4282 771 4348 statuendum,
796 4280 929 4351 mysteria
953 4280 1031 4336 stolis
1052 4283 1172 4350 jamtum
1190 4279 1329 4334 defunctis
1348 4279 1509 4350 Scripturas
1526 4279 1633 4351 absque
1651 4293 1790 4333 commen·

89 4366 193 4423 Christi
210 4367 278 4439 ipsis
296 4385 352 4424 non
369 4367 455 4423 fuisse
470 4367 598 4440 cognita,
616 4383 688 4438 quae
704 4371 814 4437 practer
830 4368 927 4422 obscu—
953 4366 1032 4420 tariis
1059 4381 1078 4420 a
1103 4364 1245 4436 primitiva
1271 4363 1389 4419 ecclesia
1414 4370 1442 4419 et
1465 4364 1554 4420 lectae
1580 4370 1609 4420 et
1632 4364 1791 4420 intellectae

89 4469 134 4509 ras
164 4452 269 4526 figuras
297 4452 440 4509 habebant
465 4454 541 4508 clare
566 4452 764 4525 prophetarum
790 4451 927 4521 vaticinia,
953 4451 1065 4507 fuerint.
1095 4450 1170 4506 Ante
1188 4450 1345 4522 Origenem,
1363 4452 1411 4523 qni
1428 4451 1554 4506 ducentis
1571 4457 1635 4522 post
1650 4448 1789 4505 Christum

89 4539 243 4614 exquibus
261 4540 344 4597 etiam
361 4540 451 4596 lucem
469 4540 592 4612 aliquam
609 4539 717 4611 figurae
734 4538 927 4594 sortiebantur.
953 4537 1032 4591 annis
1050 4536 1132 4604 vixit,
1151 4535 1268 4607 proferri
1286 4552 1341 4590 non
1358 4542 1489 4607 possunt,
1512 4535 1561 4607 qui
1579 4535 1790 4592 commentarios

88 4626 132 4681 Ac
158 4625 182 4681 si
204 4625 323 4682 fuissent
345 4625 385 4696 pii
401 4624 437 4680 V.
455 4624 488 4679 T.
514 4624 598 4696 plane
620 4624 710 4696 ignari
734 4624 927 4697 mysteriorum
953 4623 982 4677 in
1000 4621 1109 4677 «11111111
1127 4621 1222 4676 literas
1241 4620 1409 4692 scripserint.
1429 4620 1558 4675 Bellarm.
1576 4637 1611 4677 ex
1629 4620 1742 4677 Hieron.
1759 4621 1790 4676 in

89 4710 202 4780 Christi,
217 4712 293 4768 unde
310 4711 378 4783 ipsis
396 4711 470 4766 salus
489 4711 635 4783 obtingere
652 4710 807 4782 potuisset?
825 4709 888 4765 Act.
902 4716 926 4780 1,
952 4708 1035 4763 catal.
1062 4707 1159 4763 illustr.
1185 4706 1266 4762 viror.
1291 4706 1391 4776 refert,
1417 4707 1561 4761 Jmtinnm
1588 4713 1613 4761 et
1638 4708 1790 4761 Irenaeum

87 4816 112 4852 v.
135 4803 175 4854 12.
198 4814 222 4852 c.
244 4804 331 4866 15,1.
351 4803 389 4854 11.
408 4796 495 4853 Hebr.
517 4802 561 4866 13,
587 4815 613 4850 v.
633 4802 655 4853 8.
692 4802 716 4851 2.
736 4795 766 4853 Si
785 4795 927 4865 Scriptura
952 4795 1099 4864 scripsisse
1125 4793 1337 4849 commentarios
1365 4793 1395 4846 in
1422 4793 1623 4863 Apocalypsin.
1659 4792 1700 4847 At
1722 4807 1789 4847 uum

88 4884 124 4942 Ν.
142 4883 177 4940 T.
195 4889 238 4939 est
254 4882 342 4938 instar
358 4883 423 4939 libri
442 4883 531 4955 aperti
552 4884 645 4954 quoad
665 4881 798 4953 mysteria
815 4878 927 4951 Christi,
952 4881 1012 4937 sola
1030 4879 1217 4950 Apocalypsis
1233 4885 1300 4934 tunc
1320 4878 1443 4935 exstitit?
1467 4895 1504 4934 an
1528 4878 1628 4950 reliqui
1648 4876 1713 4932 libri
1732 4893 1789 4933 nou

87 4969 186 5040 utique
211 4968 357 5040 perspicue
376 4969 489 5039 exponit
506 4983 552 5037 ea,
577 4984 649 5039 quae
666 4967 702 5021 ad
720 4967 837 5021 salutem
854 4966 926 5020 scitu
952 4971 1102 5037 potuerunt
1132 4965 1188 5037 legi
1215 4971 1244 5020 et
1269 4964 1387 5037 intelligi
1414 4964 1507 5037 quoad
1534 4963 1666 5036 dogmata
1693 4979 1788 5019 neces·

87 5053 218 5110 omnibus
239 5054 403 5111 1111111111.
439 5053 494 5120 Qui
515 5052 588 5108 enim
611 5052 743 5125 mysteria
760 5050 862 5107 Christi
877 5069 925 5107 no
952 5053 1026 5108 saria
1059 5052 1164 5123 absque
1199 5049 1422 5106 commentaria?
1460 5049 1573 5107 Hieron.
1603 5049 1686 5118 dicit,
1721 5049 1789 5104 illos

85 5140 137 5209 rit,
153 5139 195 5195 illi
211 5139 282 5194 uihil
298 5141 449 5213 quicquam
459 5156 560 5203 eorum,
578 5153 651 5210 quae
668 5137 704 5192 ad
720 5136 838 5193 salutem
852 5139 926 5196 scitu
945 5140 1042 5208 finisse
1065 5139 1262 5208 interpretatos
1280 5137 1489 5206 Apocalypsin,
1516 5136 1591 5207 quod
1613 5134 1648 5191 de
1666 5135 1788 5190 locorum

85 5226 245 5282 necessaria
268 5229 345 5294 sunt,
372 5226 469 5281 deesse
489 5229 589 5297 potest.
626 5229 649 5278 3.
669 5223 770 5280 Preces
786 5241 837 5294 pro
854 5226 925 5282 salu-
953 5224 1127 5297 quorundam
1151 5223 1341 5280 obscuriorum
1365 5222 1548 5293 explicatione
1573 5221 1662 5292 accipi
1687 5225 1788 5292 potest,

84 5311 141 5368 tasi
163 5311 324 5383 Scripturas
347 5311 533 5385 intelligentia
556 5328 612 5366 non
630 5314 751 5381 argsrunt
768 5309 927 5382 Scripturas
952 5312 981 5366 in
993 5310 1128 5383 quaquid
1145 5310 1341 5381 praestiterint,
1360 5315 1476 5380 apparet
1493 5325 1526 5364 ex
1538 5325 1580 5377 eo,
1600 5308 1675 5380 quod
1686 5307 1788 5364 0111111·

83 5396 117 5453 111
132 5396 197 5454 fidei
215 5397 393 5471 dogmatibus
405 5396 546 5453 medendis
563 5395 772 5466 obscuritatem,
790 5399 839 5452 sed
852 5415 927 5454 men·
953 5405 1057 5453 starum
1075 5413 1194 5452 errorem
1214 5394 1318 5451 fuerint
1336 5394 1464 5465 amplexi.
1799 5442 1868 5483 mm
1877 5444 1919 5484 h·

84 5484 124 5542 tis
139 5488 252 5543 nostrae
269 5483 299 5539 in
318 5483 509 5557 spiritualibus
526 5482 656 5538 tenebras
676 5498 708 5540 ac
727 5483 898 5543 caecitatem.
989 5488 1048 5540 122.
1079 5482 1113 5538 ln
1145 5481 1294 5539 merenda
1320 5481 1373 5538 hse
1402 5479 1562 5552 Scripturas
1589 5478 1789 5554 perspicuitate
1798 5496 1867 5537 1111.
