3984 6022
535 255 586 311 nu
605 239 1091 325 sanonusmornmnrnsrrs
1108 256 1309 314 ursssaro.
1715 266 1776 325 soe

93 406 196 460 dieitur
208 407 330 477 Noram,
348 409 404 462 sisi
426 409 529 463 Veteris
545 409 701 463 1111161111
719 407 857 465 Lntherus
875 426 922 464 no
952 410 981 463 in
1007 409 1098 481 specie
1124 411 1260 482 corporali
1287 409 1428 466 columbae
1456 426 1539 481 super
1564 410 1705 467 Christum
1734 413 1780 468 de-

93 499 149 548 ster
164 493 259 567 ‚dicere
278 493 331 550 fuit
347 494 455 564 solitu,
481 497 589 550 Nomas
610 497 813 551 Testamentum
832 497 925 551 sideri
949 496 1064 552 scandit.
1093 495 1149 551 Hic
1176 513 1243 568 ergo
1267 495 1491 552 manifestissima
1517 496 1626 551 trinitas
1642 498 1780 569 apparuit.

91 580 148 632 eibi
173 581 262 634 instar
287 581 367 649 sola,
402 599 421 634 a
444 599 497 651 qao
520 582 603 636 Vetus
628 583 699 638 Test.
725 583 815 637 instar
838 584 923 637 lunae
950 583 1036 636 Pater·
1052 584 1083 636 ia
1100 600 1177 652 voce,
1202 584 1297 637 bitias
1315 585 1345 637 ia
1363 583 1485 651 homine,
1509 584 1670 652 Spiritus.
1690 586 1780 639 inco·

92 683 174 738 eam
201 669 287 721 zaran
309 674 452 724 mamaea
487 668 725 735 Quemadmodum
743 670 828 741 igitur
844 669 922 724 Deus
950 659 1052 723 lamba.'
1087 670 1162 742 Aug.
1184 676 1264 726 tract.
1287 675 1311 726 6.
1335 670 1363 724 in
1380 669 1442 725 Joh.
1464 668 1534 725 Cum
1557 670 1609 724 hac
1627 675 1781 741 θεοφανείᾳ

95 769 159 806 cum
190 771 259 808 novo
278 753 397 824 quodam
423 771 519 826 opero,
548 755 678 811 videlicet
703 754 867 811 liberatione
889 772 922 810 ex
949 756 1142 827 conjungimus
1167 756 1312 810 1111111111
1337 757 1593 824 transfiparationis
1614 755 1716 812 Christi
1735 757 1781 811 de·

93 837 269 910 Aegyptiam
297 840 428 896 servitute
442 840 554 915 'populo
577 840 729 898 Israelitico
753 857 814 897 sese
836 840 923 896 mani·
949 841 1079 912 scriptam
1103 843 1202 900 Matth.
1229 850 1273 913 11,
1300 861 1326 897 v.
1352 851 1376 898 5.
1403 842 1488 898 Marc.
1513 850 1541 907 9,
1565 861 1591 897 v.
1619 849 1641 898 1.
1668 843 1736 897 Luc.
1756 849 1780 909 9,

92 923 194 979 testare
210 925 306 992 vellet,
331 925 444 981 dicebat
461 925 560 997 Moysi·
570 926 621 982 Ex.
639 932 664 991 6,
681 945 706 981 v.
724 934 752 984 31
780 929 845 996 Epo
861 944 922 981 nrm
948 944 974 980 v.
994 933 1034 983 35.
1054 928 1084 983 in
1101 946 1158 1001 qua
1174 930 1270 984 itidem
1287 929 1384 984 audita
1399 929 1453 984 fuit
1469 945 1522 983 vox
1539 929 1638 983 Patris
1658 944 1674 982 e
1691 928 1782 985 coelo:

57 1046 64 1060 .
91 1011 218 1063 debonat
237 1019 262 1063 et
280 1014 404 1081 apparui
420 1014 591 1083 Abrahamo,
611 1015 713 1068 lsaaeo
732 1023 758 1068 et
772 1014 922 1068 Jacoboia
950 1014 1006 1067 Hic
1029 1022 1069 1068 ast
1080 1014 1169 1082 silius
1192 1033 1270 1069 meas
1290 1016 1423 1084 ditemus,
1451 1016 1522 1068 banc
1540 1016 1643 1068 saduc
1690 1015 1783 1069 Filius

92 1098 131 1151 El
152 1096 301 1151 &heddai
317 1107 343 1152 et
360 1101 459 1154 acmes
476 1118 564 1154 meam
580 1101 709 1155 Jatovat
725 1119 781 1156 soc
796 1101 924 1155 indicari
948 1098 1175 1172 transfiguratur,
1204 1107 1236 1156 ut
1263 1101 1350 1155 facies
1379 1103 1439 1172 ejus
1463 1101 1609 1171 splendeat
1635 1100 1707 1155 sicut
1733 1100 1782 1156 scl.

89 1184 159 1254 iltis,
177 1185 244 1257 quia
261 1185 365 1242 sufficet
382 1187 608 1257 promissionibus
625 1188 682 1242 sais
700 1188 735 1244 da
749 1187 922 1261 possessione
950 1185 1074 1255 spirtus
1091 1204 1112 1240 s.
1131 1187 1290 1243 manifestat
1306 1205 1336 1244 se
1354 1188 1383 1241 in
1403 1186 1478 1242 nube
1495 1187 1597 1241 lucida.

89 1277 180 1327 terrae
205 1270 317 1327 Canaan
342 1273 466 1328 nondum
488 1273 603 1330 dederat
623 1274 776 1332 maleam
798 1280 828 1330 et
849 1291 921 1331 conr·
984 1278 1023 1328 16.
1046 1273 1205 1345 Antequam
1227 1291 1293 1329 vero
1316 1291 1349 1329 er
1371 1274 1423 1329 hac
1447 1280 1602 1345 θεοφανειᾳ
1629 1274 1657 1328 in
1681 1274 1785 1329 Christi
1874 1275 1886 1297 ⁰

90 1357 267 1428 plementum,
297 1375 330 1414 ac
361 1360 428 1431 quia
447 1359 545 1415 clarior
573 1359 690 1417 subinde
717 1361 849 1418 revelatio
876 1377 921 1416 ac·
948 1359 1088 1432 baptismo
1107 1359 1183 1415 facta
1201 1367 1395 1433 argumentum
1413 1360 1576 1426 formemus,
1597 1362 1688 1416 notari
1703 1361 1783 1432 jube·

89 1443 188 1498 cessit:
216 1444 256 1498 ita
279 1462 389 1517 quoque
410 1445 446 1502 de
467 1446 593 1502 mirando
615 1446 811 1502 incarnationis
829 1464 862 1502 ac
879 1464 921 1503 re·
950 1464 1018 1513 mus,
1041 1465 1102 1504 eam
1120 1447 1222 1503 iscam
1242 1465 1315 1504 esse:
1337 1455 1358 1504 1.
1377 1449 1406 1502 in
1426 1448 1531 1505 solenni
1542 1449 1612 1504 Jesu
1627 1447 1728 1503 Christi
1747 1448 1783 1502 ad

91 1527 237 1583 demtiouis
257 1547 352 1601 opere,
370 1531 445 1601 quod
462 1532 610 1603 corporalis
629 1532 682 1588 ista
699 1532 827 1588 liberatio
843 1549 922 1603 prae·
949 1533 1071 1589 cilicium
1100 1551 1180 1589 suum
1211 1533 1423 1606 inauguratione
1453 1535 1482 1589 in
1511 1534 1545 1590 V.
1575 1535 1608 1589 T.
1639 1534 1784 1606 aliquoties
1886 1535 1888 1542 ⁴

90 1613 232 1686 figuravit,
254 1616 432 1687 pronuntiare
443 1635 595 1688 possumus,
613 1619 688 1689 quod
699 1634 782 1674 verus
796 1617 921 1675 Jehovab
949 1619 1098 1690 praedicta
1134 1619 1216 1676 Dent
1242 1627 1289 1689 13,
1313 1639 1340 1675 v.
1365 1627 1409 1676 18:
1436 1623 1547 1675 Ponam
1567 1621 1650 1674 verda
1674 1637 1736 1674 meo
1754 1621 1784 1673 ia

93 1700 123 1754 in
140 1702 272 1775 solonge
289 1702 390 1757 clarius
409 1709 437 1760 et
454 1703 589 1759 illustrius
605 1721 636 1760 se
661 1704 825 1776 patefecerit
840 1704 923 1772 Filio,
950 1723 998 1759 ors
1015 1707 1083 1775 ejas.
1119 1708 1165 1761 Pa.
1184 1711 1210 1771 2,
1229 1725 1253 1759 e.
1274 1713 1288 1762 7
1297 1726 1306 1760 .·
1326 1706 1466 1762 Constitui
1482 1724 1574 1776 repam
1592 1724 1681 1760 meam
1700 1722 1785 1776 sssper

91 1787 141 1858 qui
162 1795 204 1843 est
224 1790 347 1844 secunda
368 1789 499 1845 trinitatis
512 1807 639 1863 persona,
661 1791 691 1846 in
708 1806 818 1846 carnem
840 1789 923 1843 mhso
951 1792 1028 1846 Sica.
1063 1790 1127 1846 Esa.
1148 1798 1195 1855 ta,
1220 1810 1244 1846 v.
1275 1799 1301 1847 1:
1332 1795 1405 1847 Eece
1423 1793 1524 1847 11111111
1546 1809 1637 1861 meas,
1662 1792 1783 1859 compla-

91 1879 121 1928 et
135 1871 240 1944 Spiritu
257 1881 352 1930 sancto
368 1875 397 1930 in
415 1875 461 1930 die
477 1881 651 1946 pentecostes
667 1876 812 1935 visibiliter
826 1874 922 1930 effuso.
950 1878 1007 1931 aaa
1032 1877 1088 1930 sihi
1112 1878 1143 1930 ia
1166 1893 1197 1930 eo
1221 1878 1317 1931 abisso
1340 1895 1418 1948 mea,
1447 1880 1517 1932 dedi
1541 1879 1671 1948 spiritam
1696 1893 1785 1930 meam
1897 1870 1904 1887 '

92 1958 182 2016 Tanto
205 1960 278 2016 enim
298 1961 398 2016 clarius
420 1979 520 2018 nomen
537 1962 664 2018 Jshovsh
688 1969 716 2017 et
733 1978 778 2017 res
796 1961 857 2031 ipsa
875 1978 923 2015 no-
950 1978 1036 2031 saper
1053 1979 1124 2018 eam.
1147 1960 1178 2017 C.
1198 1967 1239 2032 oi,
1257 1981 1283 2016 v.
1303 1968 1330 2017 l:
1353 1956 1477 2033 Spiritus
1494 1965 1615 2018 Domini
1631 1979 1716 2032 saper
1734 1977 1784 2029 me,

92 2045 166 2101 mine
183 2046 230 2104 illo
248 2063 377 2119 expressa
394 2048 595 2118 manifestatur,
613 2056 716 2121 quanto
733 2047 869 2103 beneficia
882 2046 922 2101 di·
951 2063 982 2101 so
1009 2049 1086 2116 qaod
1108 2049 1217 2102 smaarit
1241 2064 1298 2109 ms;
1324 2054 1348 2103 2.
1372 2065 1429 2103 non
1447 2049 1476 2102 iri
1495 2048 1604 2103 occulto
1625 2049 1718 2120 aliquo
1736 2064 1784 2102 an·

92 2131 157 2186 vina
188 2149 207 2187 a
236 2132 353 2206 singulis
382 2133 494 2208 deitatis
524 2133 649 2204 personis
678 2133 799 2189 humano
828 2132 923 2204 generi
951 2133 1033 2204 gulo,
1060 2134 1109 2189 sed
1127 2133 1239 2204 publice
1255 2133 1285 2188 in
1302 2134 1452 2189 multorum
1470 2134 1611 2189 hominum
1628 2133 1784 2205 praesentia

91 2217 225 2289 praestita
249 2219 338 2290 magis
365 2219 527 2274 sentiuntur.
570 2219 640 2276 Cum
665 2237 732 2292 ergo
758 2220 788 2273 in
807 2217 872 2272 Filii
896 2223 924 2273 et
952 2225 981 2274 et
997 2225 1154 2290 conspectu,
1177 2220 1207 2274 id
1225 2221 1299 2291 quod
1320 2220 1469 2275 ostendunt
1493 2227 1553 2275 tum
1576 2214 1803 2295 προηγούμενα,’

93 2304 213 2375 Spiritus
230 2322 251 2359 s.
269 2305 370 2361 visibili
386 2306 523 2374 missione,
541 2306 568 2360 in
587 2322 671 2378 opere
686 2297 863 2362 redemtionis
874 2320 924 2376 per
951 2311 1010 2360 tum
1027 2310 1163 2379 πραχθέν,
1181 2311 1242 2360 tum
1260 2306 1344 2361 etiam
1361 2305 1490 2379 ἑπόμενα.
1526 2306 1656 2377 Baptista
1674 2323 1737 2361 mox
1756 2306 1785 2360 in
1839 2368 1845 2374 ,

91 2389 195 2445 Filium
221 2391 369 2462 praestito,
398 2392 427 2447 in
454 2393 591 2465 evangelii
622 2393 845 2464 praedicatione,
874 2407 925 2462 per
952 2390 1095 2446 minsterii
1112 2390 1155 2445 eui
1172 2390 1258 2460 initio,
1277 2409 1340 2447 cum
1354 2393 1391 2446 ad
1409 2386 1610 2462 baptizandum
1622 2393 1784 2460 mitteretur,
1796 2391 1837 2434 ¹¹¹·
1849 2390 1895 2432 ²³²·

92 2493 177 2548 quam
204 2477 320 2548 Spiritus
345 2497 366 2532 s.
392 2479 426 2534 de
450 2478 533 2535 Patre
553 2484 582 2534 ct
604 2479 665 2535 iilic
688 2485 818 2548 testatur,
842 2479 925 2549 longe
952 2481 1099 2547 acceperat
1123 2493 1141 2530 a
1162 2475 1223 2532 Deo
1246 2477 1299 2530 hoc
1324 2493 1499 2548 responsum,
1526 2479 1601 2549 quod
1618 2478 1728 2532 viamus
1748 2477 1785 2530 sit

92 2562 195 2616 clarius
217 2579 249 2617 ac
271 2563 442 2619 manifestius
460 2564 537 2620 Deus
553 2582 614 2622 sese
630 2573 752 2637 tempore
770 2566 804 2622 V.
824 2565 858 2621 T.
876 2580 924 2635 pa·
952 2563 1084 2634 Spiritum
1102 2581 1123 2618 s.
1141 2579 1225 2634 super
1239 2563 1370 2619 Messium
1388 2564 1554 2619 descendere
1571 2564 1635 2620 Joh.
1657 2571 1679 2633 l,
1698 2582 1724 2617 v.
1737 2569 1784 2633 ³³3

92 2646 225 2713 refecerit,
243 2648 305 2706 ideo
322 2650 351 2704 in
369 2652 573 2722 comprobando
590 2653 721 2708 trinitatis
738 2651 871 2723 mysterio
888 2651 924 2706 ad
953 2666 1015 2705 eam
1040 2666 1106 2704 vero
1133 2649 1328 2705 revelationem
1351 2649 1477 2705 nonsibi
1495 2650 1546 2704 soli
1565 2651 1716 2706 reservavit
1733 2665 1785 2705 nec

92 2733 128 2790 N.
151 2734 184 2788 Τ.
211 2736 285 2791 dicta
300 2738 474 2807 potissimum
498 2742 527 2793 et
549 2739 698 2810 praecipue
714 2737 923 2810 respiciendum.
952 2735 1116 2804 occultavit,
1140 2735 1190 2790 sed
1208 2735 1381 2791 auditoribus
1400 2736 1436 2790 ad
1456 2736 1625 2808 baptismum
1643 2755 1723 2792 suum
1741 2753 1786 2791 ac·

94 2820 135 2877 Ut
157 2820 230 2876 enim
252 2822 283 2878 in
304 2822 467 2879 liberatione
483 2839 518 2879 ex
535 2825 666 2880 servitute
684 2824 861 2896 Aegyptiace
878 2840 925 2878 no·
953 2821 1116 2878 cedentibus
1133 2822 1354 2889 communicavit,
1377 2840 1440 2878 cum
1459 2824 1543 2879 fuerit
1559 2842 1612 2878 voa
1629 2824 1787 2892 clamantis,

94 2924 158 2962 men
175 2906 301 2962 Jrlrovah
308 2907 471 2964 «masliaco
492 2910 595 2981 populo
617 2910 669 2965 sub
692 2911 768 2981 typis
791 2916 820 2966 et
836 2909 926 2982 ligura
954 2925 1071 2980 cumque
1080 2907 1282 2979 postChristum
1290 2908 1462 2979 baptizatum
1472 2925 1534 2964 eam
1542 2909 1702 2979 repetiverit
1709 2927 1735 2962 v.
1746 2915 1787 2964 ³2.

95 2993 196 3048 clarius
222 2993 357 3050 innotuit:
386 2994 425 3051 sic
447 2996 478 3071 in
503 2995 640 3069 spirituali
656 2995 818 3051 liberatione
836 3013 870 3052 ex
886 2996 926 3049 in·
956 2993 1089 3050 Omnibus
1109 2994 1195 3066 igitur
1215 2993 1465 3050 manifestationem
1478 2995 1596 3050 Messias
1611 2994 1788 3065 cupidissime

95 3080 209 3136 iernalis
234 3081 387 3137 Pharaonis
414 3100 500 3155 regno
528 3091 557 3138 et
584 3083 714 3139 servitute
740 3081 809 3137 illud
836 3081 926 3155 ipsum
954 3081 1179 3151 exspectantibus
1197 3080 1267 3135 haec
1280 3082 1343 3152 ipsa
1363 3081 1516 3153 θεοφιὶνεια
1534 3080 1609 3135 facta
1626 3088 1676 3135 est.
1696 3080 1788 3134 Lucas

97 3183 199 3224 nomen
220 3168 323 3239 populo
340 3169 375 3226 N.
392 3169 426 3224 Τ.
451 3170 552 3224 clarius
573 3186 606 3225 ac
629 3168 801 3224 manifestius
825 3174 867 3224 est
886 3166 927 3223 ia·
956 3184 979 3222 c.
1004 3174 1032 3236 3,
1054 3185 1080 3223 v.
1103 3173 1144 3223 11.
1168 3167 1270 3222 diserte
1293 3173 1409 3222 annotat
1426 3183 1486 3223 eam
1506 3183 1566 3222 esse
1584 3166 1700 3235 factam,
1727 3184 1787 3221 cam

98 3260 187 3324 curm,
206 3271 261 3326 quo
277 3255 427 3326 respiciens
443 3256 578 3311 ieremias
595 3271 618 3309 c.
639 3261 685 3324 16,
701 3274 727 3310 v.
748 3260 787 3311 14.
803 3255 843 3310 sic
859 3254 928 3310 vati·
956 3253 1145 3321 baptizaretur
1168 3254 1256 3306 omna
1281 3254 1419 3323 popalus,
1451 3253 1501 3322 qai
1522 3270 1555 3307 sa
1582 3253 1787 3321 Hierosolyma,

96 3340 220 3395 1111111111
239 3341 395 3411 Propterea
413 3357 473 3395 eccs
490 3343 551 3395 dies
567 3342 688 3409 amicat,
706 3342 775 3397 dicit
792 3341 928 3409 dominus,
954 3347 1015 3394 tota
1031 3340 1150 3393 ledaea
1173 3348 1199 3392 et
1221 3341 1334 3408 regione
1356 3340 1433 3393 eirca
1451 3340 1610 3393 Jordaaem
1637 3340 1679 3393 ad
1696 3340 1788 3408 speum

98 3435 126 3480 ct
151 3445 207 3480 noa
225 3428 332 3481 dicetur
350 3428 448 3488 ,alanz
491 3427 561 3481 Viuit
584 3428 726 3482 Dominae
755 3427 845 3492 arur,
880 3425 930 3494 qai
957 3426 1077 3479 11111111
1097 3423 1197 3480 Matth.
1216 3431 1246 3493 3,
1265 3442 1290 3479 v.
1310 3432 1333 3479 5.
1368 3425 1444 3498 Ergo
1467 3443 1538 3496 quae
1561 3425 1606 3479 hic
1631 3424 1789 3480 describun-

97 3513 195 3567 edaait
208 3514 289 3584 filios
307 3516 343 3567 de
361 3522 438 3568 tarra
452 3515 581 3583 Aspppti.
605 3514 633 3572 V.
653 3519 702 3569 15:
722 3514 862 3569 8111111111
879 3515 928 3565 do·
956 3518 1015 3580 tur,
1038 3528 1093 3566 non
1112 3509 1287 3581 contigerunt
1303 3511 1414 3565 remotis
1434 3510 1546 3566 arbitris
1566 3528 1599 3566 ac
1615 3511 1732 3567 testibus
1749 3511 1789 3566 in·
1828 3513 1829 3517 ’

85 3601 197 3670 'minua
215 3601 265 3669 qai
282 3601 378 3654 educit
392 3600 575 3670 filioslsrat'l
593 3602 724 3654 deterre
742 3600 884 3670 aquitonis
902 3606 928 3652 et
955 3604 998 3654 ter
1021 3597 1109 3653 solnm
1127 3597 1265 3653 Christum
1292 3601 1320 3651 et
1341 3587 1512 3668 iohannem,
1538 3600 1617 3671 quasi
1638 3599 1731 3653 nullus
1756 3616 1789 3653 ex
1812 3660 1818 3672 ‚

47 3746 52 3751 ,
96 3689 133 3740 ds
166 3688 302 3741 univesa
336 3688 432 3754 unis,
468 3704 518 3757 per
545 3686 682 3758 evangelii
708 3686 815 3741 scilicet
849 3702 927 3757 prae·
956 3684 1059 3756 populo
1078 3686 1226 3756 quicquam
1243 3700 1337 3755 eorum
1354 3685 1399 3739 vel
1415 3686 1515 3740 viderit
1532 3685 1577 3741 vel
1595 3685 1723 3755 audierit,
1740 3684 1789 3741 sed

95 3771 262 3828 dicationem
303 3780 332 3828 et
365 3772 515 3843 spiritualis
554 3772 633 3842 regni
662 3771 780 3827 Messias
818 3772 927 3827 inchoa·
956 3771 986 3825 in
1002 3770 1115 3841 publico
1137 3770 1222 3826 totius
1238 3770 1335 3842 populi
1352 3780 1512 3842 conspectu,
1528 3772 1592 3827 inde
1610 3772 1694 3827 etiam
1711 3771 1788 3826 Chri·

95 3858 206 3914 tionem.
956 3856 1178 3925 suasiones.
1197 3862 1238 3913 31.
1267 3858 1304 3911 ad
1331 3856 1384 3911 hoc
1401 3858 1588 3913 testimonium
1606 3859 1723 3915 coelitus
1736 3857 1789 3913 sibi
1878 3904 1882 3912 .

957 3943 1053 3999 datum
1072 3950 1211 4016 provocat.
1252 3944 1306 4006 uas·
1322 3945 1397 3998 raisit
1413 3961 1456 3998 me
1472 3946 1568 4014 Pater,
1590 3946 1651 4015 apae
1670 3947 1788 4000 testimo·

956 4031 1032 4084 niam
1058 4032 1094 4084 de
1111 4048 1153 4085 me
1165 4031 1319 4098 perhibuit.
1355 4030 1437 4097 Quod
1457 4047 1522 4086 vero
1541 4031 1646 4087 ibidem
1664 4031 1790 4086 additur:

957 4118 1017 4170 Nec
1041 4132 1134 4170 nocem
1153 4117 1214 4184 sias
1231 4133 1353 4184 uuquam
1376 4117 1542 4186 audivistis,
1570 4135 1655 4187 usqae
1673 4117 1790 4187 speciem
1861 4172 1863 4176 .

957 4202 1019 4270 ejas
1037 4203 1163 4271 uidistis,
1191 4201 1260 4256 illud
1283 4201 1327 4272 vel
1345 4201 1537 4273 accipiendum
1555 4209 1597 4258 est
1614 4203 1649 4258 de
1666 4210 1790 4273 tempore

524 4315 527 4321 ,
955 4288 1147 4358 promulgatae
1170 4287 1241 4358 legis
1263 4287 1345 4343 Dent
1364 4294 1393 4355 4,
1418 4306 1443 4342 v.
1471 4295 1511 4358 ¹²3
1532 4288 1577 4344 vel
1597 4288 1632 4343 de
1651 4288 1705 4342 illis
1723 4288 1791 4359 ipsis
1818 4322 1822 4329 -

375 4379 397 4439 ο
414 4380 441 4438 A
458 4378 483 4439 1>
500 4379 528 4438 11
545 4379 570 4438 Τ
599 4376 652 4438 IV,
956 4373 1145 4442 auditoribus,
1170 4390 1233 4427 cum
1252 4373 1352 4444 quibus
1376 4374 1554 4445 loquebatur,
1579 4379 1610 4428 ut
1627 4374 1664 4429 sit
1682 4390 1790 4429 sensus:

99 4498 400 4569 ennarrans
432 4500 634 4569 rnrnuu
666 4498 928 4568 11111111-
956 4458 1109 4617 {ffigg’
1127 4459 1792 4616 ‘ffifflfflfflsflfflffig

98 4602 206 4670 ΤΠΜ
227 4604 293 4670 EX
323 4605 363 4671 N.
385 4604 422 4670 Τ.
452 4605 549 4673 PRO
577 4601 929 4671 ADSTRUENDO
957 4632 1020 4687 culo
1044 4633 1120 4687 ,im
1145 4631 1312 4704 baptismum
1337 4650 1428 4688 meum
1452 4631 1541 4700 raom,
1568 4633 1684 4703 proinde
1709 4633 1791 4687 etiam

120 4705 431 4774 TRINITATIS
463 4705 732 4773 MYSTERIO
764 4705 916 4773 DEDU-
957 4736 1013 4773 uon
1041 4716 1185 4773 audivistis
1210 4735 1308 4774 vocem
1334 4720 1395 4789 ejus
1419 4734 1435 4772 e
1458 4718 1536 4773 coelo
1560 4724 1713 4782 sonantem,
1740 4732 1791 4772 nce

444 4809 589 4876 ΟΊἯΜ,
957 4805 1066 4861 vidistis
1091 4805 1211 4876 speciem
1226 4805 1304 4861 illam
1329 4804 1474 4861 columbae
1502 4821 1517 4859 e
1543 4805 1621 4860 coelo
1649 4803 1793 4859 visibiliter

959 4890 1185 4960 descendentem
1213 4891 1257 4947 vel
1283 4892 1318 4946 de
1336 4891 1467 4946 interiore
1485 4891 1583 4946 auditu
1599 4891 1679 4955 fidei,
1707 4897 1739 4945 ut
1757 4891 1794 4945 sit

32 5006 72 5036 ,ω
137 4985 177 5034 75.
215 4977 301 5034 Hirce
333 4979 419 5051 igitur
448 4978 483 5033 de
510 4977 617 5033 ratione
643 4976 745 5031 ordinis
773 4975 931 5046 praemissis
959 4993 1069 5032 sensus:
1096 4977 1189 5031 vocati
1206 4977 1319 5048 quidem
1339 4977 1404 5032 estis
1421 4976 1476 5031 Dei
1493 4991 1576 5044 voce,
1598 4976 1647 5031 sed
1663 4993 1712 5031 vos
1731 4993 1792 5033 caru

32 5066 73 5139 '„„,
100 5064 221 5137 primum
244 5065 396 5137 principale
415 5070 608 5136 argumentum
625 5062 802 5135 producimus
819 5070 932 5119 11311-
959 5081 1014 5118 non
1035 5062 1188 5132 audivistis,
1210 5062 1230 5120 i.
1247 5080 1270 5118 e.
1295 5062 1378 5117 corde
1401 5079 1456 5116 non
1471 5062 1621 5133 recepistis,
1641 5080 1692 5118 nec
1709 5061 1793 5118 fidem

32 5151 81 5243 inm
102 5130 208 5225 φανείᾷ
230 5153 261 5206 ia
276 5152 408 5223 baptismi
424 5150 535 5205 Christo
559 5151 658 5206 conari
680 5149 931 5203 administrationi
958 5149 999 5203 illi
1025 5149 1156 5204 adhibere
1183 5149 1324 5217 voluistis3
1353 5164 1528 5220 nequaquam
1553 5165 1617 5204 vero
1642 5166 1724 5205 sensu
1751 5165 1794 5220 eo,

101 5237 199 5295 Mattb
218 5245 249 5308 3,
276 5256 304 5295 v.
332 5243 370 5294 16.
404 5237 490 5293 Marc.
516 5243 544 5301 1,
568 5255 594 5291 v.
622 5243 660 5292 10.
694 5234 770 5290 Luc?
788 5241 820 5304 3,
844 5253 870 5289 v.
890 5242 931 5292 22.
959 5236 1034 5308 quod
1057 5236 1150 5291 nullus
1172 5235 1312 5290 hominum
1337 5251 1433 5290 vocem
1456 5234 1532 5289 illam
1557 5236 1684 5291 coelestis
1701 5237 1805 5294 Patris‘

32 5306 86 5402 ff
101 5326 204 5396 Pater,
228 5324 318 5397 prima
340 5341 459 5396 persona
482 5323 621 5392 trinitatis,
645 5322 681 5378 de
698 5320 776 5378 coelo
793 5322 931 5378 edithanc
956 5328 1066 5394 praeter
1084 5321 1241 5377 iohannem
1258 5328 1286 5376 et
1303 5319 1444 5376 Christum
1462 5321 1607 5377 audiverit.
1626 5328 1650 5379 3.
1667 5311 1709 5380 Eb
1722 5330 1794 5403 tem-

100 5427 210 5468 vocem:
249 5411 306 5467 Hie
329 5419 370 5466 est
384 5411 469 5479 sebas
489 5427 565 5465 meas
583 5408 723 5476 dilectas,
739 5409 844 5478 irs-,qao
861 5410 932 5463 miti
957 5425 1037 5479 pore,
1061 5424 1116 5479 quo
1135 5406 1259 5463 Christus
1281 5423 1354 5462 anno
1377 5408 1476 5463 aetatis
1496 5414 1536 5464 36.
1557 5409 1695 5480 completo
1714 5411 1793 5467 mini·

98 5497 277 5568 emspiaeuit.
289 5497 383 5555 nuno
398 5497 428 5551 iu
442 5496 566 5552 sadans
581 5495 748 5566 baptistas.
768 5495 892 5564 Spiritus
903 5512 926 5549 s.
941 5469 1071 5569 1111111111
1090 5511 1171 5550 mum
1193 5495 1374 5567 praedicandi
1391 5495 1420 5549 in
1441 5494 1483 5550 hia
1500 5497 1582 5552 terris
1600 5503 1659 5552 orat
1675 5496 1785 5552 inchoa·
1850 5570 1858 5577 “

1377 5600 1435 5656 2⁶0

410 4110 613 4120 -,-.----
