3984 6022
193 238 253 297 tea
890 226 1013 283 Locus
1031 225 1212 292 QUARTUS

194 385 361 442 demetiam
380 383 508 455 religiose
522 383 584 453 ipsi
606 382 789 438 serviendum.
826 381 913 452 Atqui
937 397 1032 436 secun·
1060 381 1147 434 dicit:
1183 382 1223 435 Et
1256 383 1378 436 odorem
1406 397 1467 434 eum
1497 395 1592 435 omnea
1617 379 1724 448 onesii
1780 377 1827 433 Ex
1850 366 1905 451 qit

197 472 264 528 dum
276 471 425 527 humanam
436 475 564 523 nauuam
576 468 715 523 estb'ilius
728 467 855 538 hominis,
867 474 919 522 etc.
949 466 1032 538 Ergo.
1060 466 1112 521 bus
1137 467 1280 523 evidenter
1304 467 1443 537 sequitur,
1468 465 1609 521 Christum
1634 471 1757 538 propte
1775 480 1903 536 personas

195 556 267 614 Joiil.
281 564 305 620 2,
322 574 348 612 v.
360 561 407 611 tt:
429 555 484 618 Qui
501 555 671 608 invocaverit
683 572 782 608 nomen
793 555 920 622 Domini,
938 554 1033 606 aalma
1059 554 1233 623 majestatem
1263 553 1299 610 ab
1327 553 1436 624 angelii
1460 553 1632 608 adorandum
1662 567 1722 607 non
1754 551 1903 608 secundm

196 645 251 698 erit
276 643 341 711 (boc
362 642 398 697 ud
415 639 556 696 Christum
574 639 763 714 tedrtpomou
785 640 910 711 applicat
928 638 1033 694 Paulus
1062 639 1184 693 divinam
1202 643 1325 704 tantum,
1349 641 1398 695 sed
1418 638 1501 695 etiam
1518 640 1673 696 secundum
1690 639 1850 694 humanam
1863 655 1904 694 ne

194 730 273 785 Rom
289 733 329 792 le,
346 744 371 781 v.
388 728 438 797 13.)
457 726 520 782 Joh.
540 734 564 794 5,
578 745 604 781 v.
622 733 669 783 ιιι
690 728 782 780 Peter
799 744 878 781 omne
890 727 1034 795 judicium
1062 731 1161 780 turam.
1192 726 1247 790 Qui
1267 742 1333 781 vero
1351 725 1439 781 honor
1450 725 1560 781 Christo
1572 725 1609 782 ab
1620 725 1735 798 angelis
1756 725 1916 793 exhibetur„

194 815 273 869 dedit
290 814 378 882 Filio,
397 821 427 866 ut
445 830 538 866 omues
555 813 692 866 bonorem
709 813 825 881 Filium,
845 811 946 880 καθώς,
962 813 1034 866 mmet
1061 811 1110 864 ille
1125 811 1318 882 multomagis
1335 811 1372 867 ah
1391 811 1548 866 hominibus
1568 811 1609 866 illi
1626 811 1820 868 exhibendus.
1857 811 1905 868 Sed

193 902 332 954 honorant
344 900 470 963 Patrem,
489 917 515 952 v.
527 904 574 954 tt:
595 907 621 952 et
631 907 799 969 potestatem
817 900 897 952 dedit
910 899 938 952 ei
950 901 1034 952 etiam
1061 897 1148 950 honor
1165 897 1312 969 religiosae
1325 898 1494 953 adorationis
1508 897 1618 953 Christo
1636 898 1802 954 secundum
1819 896 1903 952 huma·

192 987 323 1052 faciendi
328 986 480 1054 judicium,
497 987 565 1054 quia
576 986 655 1054 filices
667 986 787 1039 hominia
796 994 844 1039 eat.
875 983 1034 1042 Secundum
1061 1000 1126 1037 nam
1135 990 1263 1038 naturam
1273 984 1309 1038 ab
1319 983 1427 1054 augelis
1437 983 1588 1053 exhibetur,
1597 982 1689 1039 Hebr.
1700 989 1804 1051 ιιι,
1819 1000 1904 1039 mean

194 1090 278 1144 quam
295 1078 423 1126 naturam
435 1071 521 1126 Peter
534 1071 614 1126 dedit
627 1070 737 1126 Christo
753 1088 832 1125 onme
842 1071 987 1141 judicium,
1006 1070 1035 1124 id
1063 1070 1128 1123 dnm
1145 1087 1207 1124 eam
1225 1071 1299 1126 enim
1316 1077 1445 1125 naturam
1462 1070 1500 1125 ab
1520 1069 1628 1141 angelis
1653 1069 1811 1138 odeum,
1834 1071 1906 1140 juxa

194 1164 236 1214 eet
262 1163 349 1213 totam
374 1158 459 1213 totius
489 1156 586 1211 mundi
609 1163 638 1212 et
662 1156 796 1227 imprimis
821 1156 901 1228 regni
926 1156 1035 1227 gratiae
1062 1172 1145 1224 quam
1160 1156 1347 1226 praestantius
1365 1172 1465 1210 nomen
1484 1163 1527 1211 est
1545 1154 1670 1231 sortitus.
1697 1154 1790 1227 Ergo.
1821 1156 1905 1224 Λόγος

179 1227 425 1318 'gubernationem
444 1258 476 1296 ac
495 1248 661 1312 potestatem
680 1241 802 1297 faciendi
818 1242 971 1312 judicium,
993 1258 1034 1295 se·
1061 1258 1125 1296 eum
1143 1259 1194 1297 sus
1210 1260 1293 1298 carne
1310 1248 1353 1298 est
1371 1230 1494 1298 mcunda
1512 1241 1646 1296 trinitatis
1665 1257 1803 1312 persona
1838 1243 1904 1313 liugn

196 1330 319 1385 eundum
344 1326 462 1384 eandem
484 1345 594 1399 quoque
618 1333 660 1383 est
684 1328 812 1399 religiose
831 1328 990 1382 adorandus
1008 1333 1036 1382 et
1061 1327 1143 1382 etiam
1153 1327 1474 1399 Adyoccnmsuacame
1487 1327 1710 1384 estadorandus.
1738 1326 1903 1398 Hypostasis

196 1416 307 1487 aequali
331 1414 443 1470 honoris
462 1414 540 1469 cultu
559 1431 622 1468 cum
639 1413 725 1468 Patre
744 1412 917 1469 afficiendus.
952 1412 1035 1468 Ratio
1062 1413 1161 1484 Λόγου
1187 1421 1253 1486 post,
1272 1415 1375 1471 factam
1399 1414 1618 1470 incarnationem
1642 1429 1703 1468 non
1731 1420 1778 1469 est
1804 1413 1905 1468 dirim

197 1501 373 1556 connexionis
390 1501 495 1572 pendet
517 1517 550 1555 ex
568 1499 707 1572 particula
725 1503 787 1562 ἵνα,
803 1516 889 1570 ¹quae
908 1499 1037 1570 exprimit
1062 1508 1185 1568 tantum,
1208 1502 1258 1556 sed
1278 1503 1362 1557 etiam
1384 1500 1522 1556 humanae
1540 1507 1656 1555 naturae
1677 1499 1857 1570 hypostan’s,
1875 1517 1904 1555 se

196 1588 296 1655 finem,
325 1593 439 1658 propter
466 1603 548 1657 quem
576 1586 662 1641 Pater
689 1602 770 1641 omne
793 1585 930 1655 judicium
959 1585 1037 1640 dedit
1062 1605 1182 1658 persona
1198 1588 1264 1642 Filii
1278 1587 1332 1642 Dei
1350 1587 1484 1642 incarnati
1498 1604 1555 1641 uon
1573 1585 1705 1641 subsistit
1723 1585 1755 1640 in
1776 1603 1833 1640 uns
1850 1593 1903 1640 tan

197 1673 277 1741 Filio,
295 1680 324 1727 et
337 1689 370 1728 ex
383 1671 633 1743 particulariorum,
653 1688 726 1742 quae
743 1671 939 1741 aequalitatem
951 1670 1035 1725 hono·
1062 1679 1121 1726 tum
1140 1680 1219 1729 etex
1238 1691 1294 1728 uns
1310 1680 1424 1740 natura,
1445 1673 1494 1727 sed
1513 1673 1543 1725 in
1561 1671 1672 1727 duabus
1695 1676 1726 1725 et
1746 1688 1785 1727 ex
1806 1671 1904 1727 umba

197 1759 235 1813 ris
261 1758 361 1830 arguit
397 1758 461 1813 Jam
484 1773 549 1812 vero
566 1756 650 1812 Pater
675 1757 753 1811 dedit
768 1756 840 1811 Filio
863 1773 944 1811 omne
962 1756 1036 1827 Judi·
1063 1760 1179 1816 naumis.
1217 1759 1271 1825 Qui
1290 1775 1358 1830 ergo
1375 1774 1460 1813 unam
1480 1764 1588 1812 tantun
1606 1762 1741 1812 marram
1760 1757 1905 1828 praeteria

197 1844 271 1899 cium
297 1849 326 1898 et
343 1848 509 1914 potestatem
526 1842 647 1898 faciendi
664 1843 800 1913 judicium
817 1843 969 1898 secundum
987 1842 1036 1896 hu·
1065 1853 1092 1900 et
1111 1846 1222 1900 exclusa
1239 1846 1329 1899 altera
1347 1844 1414 1899 colit
1432 1849 1461 1899 et
1478 1843 1584 1912 adorat,
1604 1843 1629 1896 is
1646 1859 1706 1898 non
1725 1843 1798 1898 colit
1810 1843 1905 1899 stada

197 1945 308 1985 menam
336 1936 477 1997 naturam,
501 1935 533 1984 ut
555 1934 634 1999 patet
657 1947 690 1984 ex
714 1930 922 2003 προςδιορισμῷ
945 1947 971 1984 v.
994 1935 1035 1986 27.
1064 1937 1108 1986 rat
1133 1931 1271 2002 integram
1297 1947 1458 2000 personam,
1486 1929 1535 1982 sed
1560 1929 1694 1985 unionem
1720 1928 1821 1996 solvit3
1851 1933 1905 1983 to

197 2017 255 2085 bre,
280 2017 349 2086 puio
366 2016 449 2086 filius
470 2016 590 2069 hominis
608 2024 661 2084 cat,
688 2022 716 2070 ct
737 2033 770 2071 ox
788 2016 926 2086 particula
944 2023 993 2069 καί
1009 2016 1037 2069 in
1065 2018 1224 2086 majestatie
1248 2024 1275 2070 et
1292 2016 1404 2084 glorios
1428 2016 1543 2068 divinoe
1566 2016 1832 2070 communicatione
1866 2015 1905 2071 Se·

198 2104 295 2160 eodem
320 2118 415 2168 versu,
440 2118 512 2172 quae
536 2101 686 2157 humanam
703 2101 805 2156 Christi
830 2109 957 2175 usturam
974 2119 1039 2156 eum
1066 2104 1187 2157 cundum
1207 2120 1290 2173 quam
1308 2107 1436 2156 naturam
1453 2100 1564 2156 Christo
1581 2102 1792 2157 communicata
1810 2109 1854 2157 est
1871 2102 1905 2156 di

199 2188 296 2242 divina
313 2187 452 2242 indivulso
470 2205 543 2242 nexu
560 2186 714 2258 conjungit.
747 2186 830 2258 Ergo.
849 2186 920 2241 Phil.
931 2193 956 2256 2,
972 2205 997 2241 v.
1008 2193 1037 2242 9:
1064 2181 1131 2244 rina
1148 2190 1280 2259 majestas
1300 2206 1333 2243 ac
1350 2189 1452 2259 gloria,
1479 2188 1567 2242 onmis
1589 2192 1718 2258 potestas
1734 2187 1764 2240 in
1780 2187 1862 2242 coelo
1880 2203 1907 2241 sc

202 2276 324 2342 Propter
349 2275 426 2343 estod
456 2279 481 2326 et
505 2271 586 2326 Deae
613 2273 644 2325 in
674 2291 811 2326 mmmom
841 2273 1038 2326 mblims'totem
1066 2282 1152 2342 terra,
1174 2274 1380 2340 omniscientia,
1406 2273 1731 2345 omnipraesentium,
1754 2272 1905 2327 secundun

85 2363 123 2403 111.
139 2362 186 2405 att.
200 2361 292 2429 ipsum
308 2359 581 2413 mtuldddonooit
600 2358 781 2426 illinemus,
800 2361 1038 2428 qoeodeueaper
1066 2362 1180 2416 eandem
1205 2361 1288 2415 etiam
1309 2366 1351 2416 est
1369 2359 1498 2431 religiose
1516 2358 1650 2414 colendus
1674 2363 1705 2413 et
1728 2357 1905 2413 invocandus

201 2463 280 2501 omne
297 2462 413 2514 nomen,
438 2461 509 2498 vers.
533 2450 572 2500 10.
596 2453 626 2497 ut
643 2445 674 2497 in
691 2445 801 2497 nomine
821 2446 892 2499 Jeau
905 2447 1039 2514 flectetur
1065 2447 1149 2501 Ratio
1165 2446 1341 2501 connexionis
1359 2451 1438 2516 patet
1458 2462 1491 2500 ex
1508 2444 1581 2500 Dan.
1601 2451 1626 2511 7,
1644 2461 1672 2497 v.
1696 2450 1741 2500 ti:
1769 2445 1906 2513 Antiquos

200 2548 279 2587 omne
303 2549 376 2600 genu
401 2530 579 2596 coelestium,
612 2532 787 2585 terrestrium
818 2537 844 2584 et
874 2532 1039 2596 inferorum,
1066 2534 1173 2585 dierum
1192 2533 1271 2585 Filio
1283 2532 1403 2585 hominia
1416 2532 1495 2584 dedit
1506 2538 1676 2599 potestatem
1693 2537 1722 2584 et
1735 2548 1863 2599 regniac,
1879 2538 1904 2583 at

198 2633 268 2672 vers.
291 2622 330 2672 ll.
351 2624 376 2670 et
397 2617 487 2672 omnic
506 2616 604 2684 lingua
623 2618 800 2686 confitentur,
819 2618 887 2686 quio
900 2618 1039 2672 Dominus
1066 2636 1159 2671 omues
1177 2619 1266 2671 tribus
1280 2625 1307 2671 ct
1325 2618 1439 2683 annuc
1456 2617 1514 2684 apsi
1529 2617 1671 2679 sertim,-
1688 2621 1720 2671 et
1732 2633 1767 2671 ex
1780 2633 1823 2672 ec.
1836 2615 1903 2688 quod

201 2710 241 2758 est
263 2703 348 2756 Jerm
378 2701 505 2756 Christus
536 2704 566 2757 in
592 2704 713 2772 gloriam
736 2705 843 2758 Patria.
879 2704 1038 2760 Secundum
1065 2704 1274 2759 fundamentum
1284 2703 1431 2774 religiosae
1445 2702 1628 2757 invocationis
1643 2702 1904 2772 estomnipotent'a

200 2803 285 2861 quam
307 2794 436 2844 naturam
456 2788 583 2845 Christus
608 2796 651 2845 est
676 2790 830 2845 exinanitus
858 2795 886 2845 et
901 2789 1038 2845 exaltatus
1065 2789 1256 2845 omniscientia
1269 2797 1298 2844 et
1314 2787 1546 2859 omnipraesentia
1563 2787 1633 2856 ejus,
1648 2787 1701 2859 qui
1718 2793 1765 2842 est
1783 2788 1904 2859 religiose

200 2891 235 2931 ac
256 2889 357 2929 nomen
379 2889 413 2930 ex
435 2873 528 2946 gratia
546 2875 669 2946 accepit,
700 2876 775 2946 qnod
796 2881 939 2946 estsuper
958 2893 1038 2931 omne
1064 2876 1242 2931 invocandus.
1280 2876 1372 2932 Ursin.
1389 2875 1418 2929 in
1437 2891 1535 2932 comm.
1552 2873 1599 2928 Es.
1620 2879 1644 2937 2,
1662 2873 1745 2929 itt:
1768 2875 1904 2929 Adorotio

200 2977 312 3025 nomen,
332 2960 485 3018 seeundum
504 2961 621 3016 eandem
638 2961 721 3017 etiam
741 2978 822 3017 omne
839 2980 914 3033 genu
932 2962 972 3017 illi
990 2963 1038 3017 fle·
1065 2962 1161 3014 tribuit
1180 2962 1376 3030 inspectionem
1395 2961 1538 3027 cordium,
1552 2960 1753 3029 praeconiam
1774 2961 1808 3013 in
1827 2961 1904 3013 onai

200 3048 347 3111 utendum,
366 3047 395 3101 id
414 3051 471 3116 est,
495 3047 624 3118 religiose
643 3047 680 3103 ab
698 3047 827 3102 omnibus
846 3049 979 3104 creaturis
997 3054 1040 3103 est
1059 3049 1114 3101 ιω
1140 3047 1209 3101 loeis
1233 3055 1259 3100 et
1279 3048 1419 3116 infinitam
1439 3046 1594 3121 potentiam
1607 3047 1738 3114 jurandi
1756 3065 1854 3102 omnes
1869 3049 1902 3100 ic

202 3134 368 3189 adorandus.
412 3132 468 3190 Sed
495 3134 648 3189 secundum
671 3135 820 3190 humanam
844 3140 973 3190 naturam
996 3142 1040 3191 est
1064 3143 1201 3189 vocontce.
1237 3133 1339 3189 danius
1363 3133 1399 3188 de
1416 3133 1504 3186 inroc.
1525 3137 1611 3188 sanet
1635 3131 1788 3189 solitos.
1814 3133 1903 3204 Opere

202 3218 359 3274 exinanitus
379 3225 408 3275 et
425 3219 571 3281 exaltatus,
591 3227 643 3274 etc.
678 3220 761 3291 Ergo.
797 3221 886 3290 Apoc.
903 3228 931 3289 5,
948 3240 973 3277 v.
995 3227 1039 3277 12:
1068 3222 1226 3289 Quicunque
1248 3221 1415 3273 odmundus
1439 3219 1546 3286 eripio
1565 3217 1656 3272 animai
1675 3220 1800 3288 affectu,
1827 3222 1857 3272 in
1877 3227 1942 3273 eom

202 3305 306 3372 Angeli
323 3312 350 3359 et
366 3306 468 3373 uiginti
487 3306 752 3374 quatuorceuiores,
771 3306 856 3360 idest
875 3312 934 3362 tota
944 3307 1039 3362 trium·
1066 3309 1123 3361 trio
1150 3308 1207 3360 aiut
1233 3313 1353 3374 oportet,
1383 3305 1470 3371 scire,
1500 3305 1586 3373 celle,
1611 3321 1708 3372 posce.
1752 3305 1822 3360 dam
1848 3322 1904 3362 rau

201 3391 290 3461 phane
309 3391 427 3447 ecclesia
446 3391 526 3445 dicit:
558 3393 670 3460 Dignam
688 3400 728 3445 est
744 3410 848 3459 mures,
868 3393 917 3461 oui
934 3395 1040 3447 occiana
1066 3394 1175 3450 Christo
1199 3382 1351 3448 secundum
1375 3391 1527 3445 humanam
1548 3397 1679 3444 naturam
1705 3392 1905 3446 communicate

202 3485 254 3547 est,
279 3478 406 3548 occipere
429 3478 557 3531 uirtutem
580 3485 605 3530 et
630 3478 746 3531 divitiae
772 3486 800 3531 et
823 3479 990 3548 sapientiam
1016 3488 1041 3534 et
1067 3488 1109 3537 est
1137 3480 1234 3534 divina
1263 3479 1393 3548 majestas
1418 3494 1451 3531 ac
1478 3475 1582 3547 gloria,
1611 3476 1703 3533 omnis
1730 3483 1855 3547 potatu
1878 3477 1904 3530 in

201 3563 289 3616 robur
324 3571 349 3616 et
381 3563 511 3618 honorem
543 3572 569 3616 et
599 3564 721 3630 ploriom
754 3573 780 3618 et
809 3565 1040 3635 benedictionem
1066 3567 1143 3623 coelo
1161 3571 1190 3620 et
1206 3571 1289 3633 tetra,
1307 3570 1360 3619 etc.
1393 3562 1482 3632 Ergo;
1507 3564 1534 3614 3.
1556 3562 1592 3615 ob
1611 3562 1708 3630 officii
1724 3565 1902 3617 odecimo

202 3667 225 3702 o.
245 3651 297 3701 13:
326 3650 366 3702 Et
393 3666 499 3702 omnem
522 3657 696 3717 creaturam,
721 3651 841 3718 oseoein
861 3651 938 3705 coelo
957 3660 1040 3704 estet
1067 3657 1148 3709 tione.
1185 3650 1343 3707 Secundum
1362 3666 1445 3720 quam
1463 3655 1590 3703 nauuam
1606 3646 1737 3703 Christus
1757 3655 1801 3703 est
1818 3656 1905 3704 noster

202 3734 233 3788 in
250 3741 372 3788 terrast
397 3735 447 3787 cub
472 3743 549 3789 terro
571 3742 598 3789 et
620 3751 693 3803 quae
719 3735 749 3788 in
771 3737 860 3804 mori,
886 3744 912 3789 ot
937 3739 1042 3806 omnio,
1067 3739 1215 3803 mediator,
1241 3736 1392 3802 redemtor,
1419 3733 1555 3802 salrator,
1581 3737 1677 3788 noster
1703 3733 1801 3797 desua.
1822 3733 1906 3804 judex

204 3837 277 3890 quoe
291 3827 355 3873 aurit
372 3821 403 3872 in
422 3819 469 3886 eis,
489 3821 590 3873 oudini
602 3820 742 3874 dicentes:
763 3821 880 3874 Scdemi
898 3811 928 3874 in
941 3823 1040 3876 throno
1066 3826 1190 3880 vivorum
1216 3830 1244 3877 et
1267 3828 1451 3887 mortuorum,
1479 3835 1526 3874 rex
1545 3824 1573 3874 et
1589 3818 1737 3884 dominus,
1757 3820 1905 3876 secundum

202 3912 229 3959 et
251 3922 324 3973 nono
349 3904 504 3958 benedictio
527 3913 553 3957 et
577 3905 666 3958 honor
692 3913 718 3958 et
741 3906 837 3972 glorio
862 3916 888 3960 et
905 3909 991 3960 robcer
1012 3909 1041 3962 in
1067 3910 1183 3966 eandem
1197 3908 1280 3964 etiam
1299 3912 1341 3962 est
1352 3904 1481 3976 religiose
1494 3904 1604 3960 anobis
1616 3903 1803 3960 invocandus.
1832 3905 1907 3960 Ratio

201 3991 297 4047 semla
321 3990 494 4054 seculorum,
519 4009 543 4043 o.
564 3996 604 4045 11.
633 4000 659 4045 et
684 3995 843 4046 cumomni
860 3995 994 4047 viventem
1012 3996 1041 4047 in
1068 4004 1122 4064 est,
1149 3995 1227 4066 quia,
1251 3993 1403 4049 seeundum
1427 4009 1510 4062 quam
1528 3996 1657 4045 naturam
1676 3990 1819 4047 beneficia
1837 3992 1907 4063 spiri·

202 4078 306 4132 seoulo.
341 4076 499 4134 Secundum
516 4094 598 4147 quam
616 4083 744 4133 natrnam
759 4077 885 4134 Christus
899 4089 940 4135 est
953 4096 1041 4151 agnus
1067 4082 1156 4138 melia
1178 4087 1206 4136 et
1223 4079 1354 4135 coelestia
1371 4077 1452 4133 nohis
1468 4076 1589 4145 confert,
1614 4077 1773 4132 secundum
1795 4079 1906 4134 undem

203 4163 312 4219 occurs
336 4170 364 4218 et
387 4163 416 4216 in
438 4162 568 4219 thronum
584 4163 676 4219 Patris
696 4165 861 4234 collocatus,
888 4157 1055 4254 secundum}
1068 4168 1151 4224 etiam
1170 4174 1213 4222 est
1229 4183 1247 4220 a
1263 4164 1343 4221 nobis
1364 4163 1534 4219 invocandus
1553 4168 1581 4217 et
1597 4160 1760 4232 spiritualia
1776 4163 1907 4220 beneficia

204 4250 320 4307 eandem
332 4251 416 4306 edam
428 4250 465 4304 ab
482 4250 599 4305 eeclesia
610 4251 798 4323 triumphante
812 4253 951 4308 adoratrn.
976 4253 1040 4308 Jsm
1068 4256 1104 4310 ab
1122 4255 1184 4325 ipso
1201 4252 1330 4323 petendu
1357 4249 1396 4303 Et
1414 4248 1567 4311 secundum
1585 4264 1669 4318 quam
1688 4254 1824 4304 naturam
1838 4250 1906 4306 Chri·

202 4354 269 4393 rero
287 4336 441 4392 secundum
460 4337 608 4392 humanam
626 4345 752 4393 naturam
767 4344 810 4392 est
824 4356 913 4411 agnus
926 4339 1041 4410 occisus,
1068 4348 1127 4396 stus
1140 4337 1276 4396 beneficia
1294 4335 1449 4408 spiritualia
1469 4341 1498 4389 et
1515 4333 1646 4388 coeletia
1663 4333 1747 4390 nobis
1761 4336 1907 4407 acquisivit

101 4455 105 4464 ι
204 4429 255 4478 eto.
282 4423 365 4495 Ergo.
1068 4430 1101 4481 ac
1127 4423 1296 4497 promeruit,
1325 4419 1477 4478 secundum
1492 4419 1612 4475 eandem
1638 4420 1725 4475 οιίω
1744 4421 1908 4494 religiosor

238 4512 297 4566 2³8.
324 4515 348 4564 2.
360 4508 402 4562 Ex
417 4509 591 4562 rationibus:
610 4511 818 4578 benemereti
828 4512 938 4566 ursione.
964 4513 1041 4578 Quae
1068 4511 1148 4568 nobis
1167 4510 1347 4578 invocandus,
1367 4514 1395 4563 et
1413 4506 1572 4561 distributio
1589 4505 1756 4561 coelestium
1766 4506 1906 4563 &aalide

202 4601 304 4650 natura
315 4611 401 4649 unam
411 4610 473 4649 cum
482 4594 536 4649 Dei
544 4593 617 4649 Filio
626 4595 769 4651 consumit
780 4613 937 4668 personam,
949 4598 989 4652 illi
1000 4616 1041 4653 re·
1068 4616 1129 4653 rum
1149 4597 1185 4651 ab
1202 4595 1264 4667 ipso
1283 4594 1411 4667 petenda.
1447 4591 1511 4649 Jam
1528 4607 1593 4646 vero
1611 4589 1741 4646 Christus
1759 4593 1906 4650 secundum

165 4718 168 4722 -
203 4671 324 4752 ligiosse‘
338 4679 506 4735 adorationis
529 4679 620 4735 cultus
639 4679 766 4735 debetur.
792 4682 925 4736 Assumta
941 4689 1043 4738 natura
1068 4686 1217 4739 humanam
1234 4689 1362 4737 naturam
1374 4685 1419 4735 est
1434 4685 1528 4734 noster
1544 4677 1688 4746 mediator,
1700 4679 1905 4747 redemerat-

202 4766 305 4822 Christi
325 4766 447 4820 humana
465 4781 549 4820 unam
573 4783 636 4820 eum
654 4765 727 4820 Filio
748 4767 800 4822 Dei
820 4769 965 4823 constituit
981 4786 1042 4840 pcr-
1068 4777 1149 4827 rator
1168 4776 1220 4826 etc.
1253 4768 1343 4838 Erg03
1364 4771 1388 4821 4,
1402 4765 1625 4820 obnuntiatione.
1652 4762 1821 4822 Secundum
1831 4783 1907 4838 quarn

202 4868 307 4907 sonam.
342 4851 426 4923 Ergo.
462 4851 590 4922 Utraque
607 4852 821 4923 praemissarum
840 4854 989 4910 deducitur
1008 4874 1042 4911 ex
1068 4863 1196 4911 naturam
1215 4854 1342 4910 Christus
1369 4859 1411 4908 est
1433 4850 1570 4907 exaltatus
1594 4855 1623 4904 et
1645 4849 1682 4903 ad
1708 4850 1840 4908 dextram
1860 4851 1907 4907 Dei

134 4935 136 4938 ’
202 4955 225 4993 e.
246 4946 267 4995 1.
286 4937 382 5002 Heba,
402 4937 452 4993 ubi
471 4936 506 4991 de
522 4936 633 4993 Christo
650 4938 752 4994 dicitur
770 4957 796 4993 v.
815 4947 838 4993 t.
861 4948 938 4996 tento
957 4959 1041 5010 prae·
1069 4942 1228 5000 collocatus.
1252 4939 1405 4995 seeundum
1424 4935 1541 4992 eandem
1559 4935 1643 4989 etiam
1660 4941 1706 4992 est
1722 4937 1907 5010 religiosam

201 5026 322 5078 etantior
347 5024 444 5086 foetos
471 5031 512 5076 eet
541 5024 651 5091 onoelie
677 5023 786 5096 (utique
814 5025 966 5081 secundum
992 5028 1041 5083 hu·
1069 5028 1216 5083 vocandus.
1252 5025 1335 5079 Ratio
1359 5021 1535 5077 connexionis
1556 5020 1664 5092 pendet
1688 5038 1726 5077 cx
1749 5023 1828 5081 dicto
1848 5041 1909 5096 apo

202 5127 312 5167 manum
341 5112 496 5178 naturam);
533 5119 637 5179 meanto
670 5111 847 5164 eccellentiae
877 5131 975 5167 nonime
1001 5123 1042 5169 est
1069 5115 1166 5169 stolico
1192 5113 1263 5167 Phil.
1289 5120 1318 5178 2,
1353 5129 1379 5164 r.
1399 5117 1427 5164 ιιι
1453 5109 1673 5178 aupuecoltooit
1694 5127 1759 5165 eum
1785 5120 1814 5168 et
1835 5113 1907 5167 dedit

202 5198 318 5250 sortitore
346 5193 604 5270 (κεκληρονόμηκεν,
634 5197 730 5251 itidem
761 5198 914 5252 secundum
946 5199 1041 5255 huma·
1054 5194 1056 5227 ¹
1069 5202 1234 5266 diinomeu
1252 5200 1328 5267 quod
1341 5205 1480 5266 outremer
1493 5212 1572 5249 omns
1586 5211 1694 5263 nomem
1714 5199 1794 5252 utin
1806 5201 1908 5254 nemim

203 5298 267 5336 nam
289 5286 444 5353 naturam);
469 5300 495 5337 v.
520 5289 549 5337 5:
582 5281 637 5337 oet
663 5284 736 5336 enim
759 5285 924 5352 enectorum
953 5288 1042 5341 dicit:
1069 5289 1139 5341 Jesu
1153 5288 1287 5355 flectatur
1306 5300 1385 5336 omne
1402 5299 1487 5351 penu,
1506 5288 1535 5336 et
1554 5299 1587 5336 ex
1604 5282 1759 5353 doioioyip
1779 5285 1908 5342 andusiae

204 5367 299 5419 Fiiina
331 5386 406 5424 meua
433 5387 461 5424 es
490 5372 540 5423 tui
571 5375 622 5424 etc.
663 5369 698 5424 V.
725 5375 754 5425 b:
789 5372 911 5424 Rursum
941 5383 1042 5442 autem,
1069 5370 1263 5442 triumphantis
1282 5370 1370 5441 Apcc.
1388 5376 1412 5438 5,
1429 5386 1453 5421 v.
1474 5373 1520 5423 12:
1543 5368 1649 5436 Aenus,
1669 5370 1723 5438 qui
1741 5375 1908 5435 oceimseat,

203 5470 266 5506 cum
292 5452 445 5509 introducit
473 5455 686 5525 primoquidem
717 5455 747 5509 in
775 5457 865 5511 orbem
890 5466 1042 5529 terrerum,
1069 5459 1173 5527 dipnus
1192 5467 1231 5512 est
1249 5456 1378 5525 occepere
1394 5455 1523 5509 uirtutem
1544 5460 1570 5506 et
1588 5455 1822 5516 benedictionem.
1850 5458 1909 5516 tm
