3984 6022
235 256 274 315 33
943 242 1225 301 noousraruus

236 412 260 458 81
288 407 311 457 2.
337 404 366 455 in
389 403 499 458 Graeco
525 399 656 454 1118118181·
682 399 818 452 secundus
837 399 959 453 Esdrae.
997 398 1068 461 Quo·
1094 404 1136 453 est
1164 397 1327 466 canonicus,
1354 411 1424 467 quac
1449 395 1547 451 iterum
1571 400 1636 450 8881
1657 395 1741 451 verba
1765 394 1930 450 Bellarmini

235 491 312 544 eirea
331 489 481 544 verisimile
501 495 548 555 eat,
567 487 683 557 antiqua
703 484 824 539 88881118
842 493 868 538 et
882 493 987 554 patres,
1007 502 1068 538 cum
1093 483 1156 539 (1.1.
1178 480 1205 559 5.
1223 485 1369 538 Postremo
1388 481 1549 552 apocryphi.
1585 482 1673 537 Multo
1691 481 1780 536 minus
1798 498 1832 535 er
1843 498 1929 554 gaue-

231 585 340 647 188881
366 577 396 629 ia
425 590 529 628 canone
554 572 624 626 (11188
650 572 737 626 libros
760 572 887 638 Esdrae,
914 570 1068 638 intellipere
1093 569 1144 624 rali
1164 570 1327 639 scripturae
1348 585 1446 622 888888
1470 569 1655 641 appellatione
1679 568 1848 641 apocryphis
1864 568 1928 624 illis

235 663 345 716 momine
376 663 493 715 duomm
527 658 661 713 librorum
686 675 779 709 omnes
803 664 866 710 tres.
913 656 1067 727 Sequeban-
1094 655 1171 710 libris
1200 655 1336 710 canonica
1366 655 1515 710 auctoritas
1541 655 1681 711 vendicari
1708 661 1807 726 potest.
1853 655 1928 710 Nam

235 756 281 801 tur
303 748 375 801 enim
397 747 549 799 versionem
571 745 654 799 LXX
675 745 794 815 interpp.
818 745 897 814 aprrd
922 760 989 812 quoe
1013 751 1068 795 tres
1097 742 1238 798 11111881
1254 741 1375 796 Hermae
1392 741 1451 797 sire
1468 741 1590 796 Pastoris
1609 742 1742 795 (1181811118
1757 743 1927 812 inspiratum

235 834 326 886 nostri
353 834 408 886 (188
441 831 509 885 iibri
536 832 650 884 Esdrae
678 830 862 883 nominantur.
909 828 1070 901 Respondet
1094 828 1283 883 θεόπνευστον
1294 834 1376 884 vocat
1390 826 1522 900 Origenes
1534 828 1583 885 lib.
1598 834 1636 884 tu.
1657 829 1685 882 in
1701 827 1780 901 epist.
1797 827 1928 882 udRetn.

235 924 327 973 autem
355 914 383 992 5
412 909 544 988 mouente
569 917 604 971 ad
632 916 760 971 alteram:
797 917 863 970 Elei
889 917 919 969 im
950 915 1069 969 0188818
1094 916 1219 970 Eundem
1247 916 1350 969 librum
1375 915 1472 968 8111881
1495 915 1632 985 judicavit
1658 914 1794 970 Eusebius
1822 914 1871 970 lib.
1903 920 1926 970 3.

237 1002 879 1072 881111118811111Ε8118888818881111188,
902 1007 996 1058 tamen
1013 1018 1068 1055 non
1094 1002 1156 1056 hist.
1179 1019 1202 1057 c.
1228 1008 1251 1058 3.
1294 1001 1410 1056 Rufinus
1434 1002 1463 1055 in
1485 1001 1574 1073 symb.
1600 1001 1786 1072 Hieronymus
1809 1001 1838 1055 iu
1854 1001 1929 1056 libro

204 1137 210 1151 ,
236 1097 383 1163 propterea
401 1089 520 1144 concilia
537 1087 651 1160 antiqua
670 1095 698 1143 et
714 1094 821 1144 veteres
840 1095 945 1159 patres,
969 1087 1016 1160 qui
1040 1087 1069 1141 in
1095 1090 1130 1143 de
1157 1088 1335 1160 scriptoribus
1364 1087 1573 1145 Ecclesiasticis.
1620 1087 1805 1145 Mhilominus
1833 1093 1929 1144 188188

237 1193 341 1232 canone
359 1181 467 1246 ponunt
480 1176 548 1230 duos
560 1175 646 1230 libros
657 1174 770 1244 Esdrae,
792 1175 945 1246 intelligere
960 1173 1069 1229 nomine
1094 1192 1145 1231 nec
1164 1175 1200 1230 ab
1218 1175 1277 1229 ulla
1295 1175 1401 1246 synodo
1418 1175 1522 1230 relatus
1545 1179 1588 1230 est
1604 1174 1633 1229 18
1649 1188 1783 1229 88888818
1798 1180 1827 1229 81
1841 1174 1927 1231 diem

236 1264 353 1318 duorum
378 1268 487 1317 11881188
510 1267 573 1315 1188.
608 1260 681 1317 Nam
707 1260 788 1316 multi
810 1266 935 1315 veterum
959 1267 991 1314 ut
1011 1259 1069 1314 hle·
1094 1261 1130 1315 tis
1154 1261 1281 1317 verbisa
1304 1277 1410 1316 888888
1434 1277 1497 1314 8818
1514 1260 1605 1332 rejicit
1622 1259 1763 1330 Celusius,
1790 1277 1860 1332 quae
1880 1261 1927 1317 dc·

237 1349 299 1417 lito,
327 1347 514 1419 Epiphanius,
533 1345 669 1416 Hilarius,
688 1346 1023 1418 Hieronymus,·Rufinus
1040 1345 1070 1400 in
1095 1363 1150 1402 888
1177 1352 1242 1401 sunt
1266 1347 1352 1402 verba
1377 1346 1546 1401 Bellarmini.
1574 1346 1601 1404 d.
1631 1346 1650 1401 l.
1680 1344 1707 1422 5
1738 1348 1797 1402 Nec
1826 1349 1927 1405 mimas.

235 1451 339 1490 888888
359 1433 391 1487 T.
402 1433 437 1489 V.
457 1432 620 1503 exponendo
638 1437 732 1504 aperte
751 1433 838 1487 secuti
851 1438 916 1487 sunt
927 1432 1070 1490 Hebraeos
1095 1439 1119 1489 2.
1140 1433 1273 1498 Quartum
1296 1433 1397 1488 librum
1415 1433 1520 1487 Esdrae
1537 1433 1699 1488 Ambrosius
1722 1433 1771 1490 lib.
1795 1433 1831 1488 de
1852 1434 1927 1489 bono

235 1539 291 1577 uon
309 1519 440 1575 Graecos.
483 1517 605 1573 Hebraei
633 1524 726 1573 autern
749 1519 861 1574 tertium
883 1518 990 1573 Esdrae
1013 1535 1069 1573 non
1095 1520 1232 1574 18811188
1255 1527 1293 1576 10.
1319 1520 1443 1573 1111118818
1467 1526 1559 1588 vocat,
1585 1536 1637 1574 nec
1661 1527 1754 1576 188188
1778 1524 1929 1592 propbetas

233 1608 345 1664 habent
381 1605 460 1661 ldem
486 1612 515 1660 et
531 1620 582 1658 nos
602 1603 762 1660 Bellarmiui
779 1611 942 1676 argumento
958 1622 1068 1677 respon·¹
1095 1605 1281 1661 Bellarminus
1300 1622 1362 1661 eum
1381 1605 1520 1662 canonicis
1531 1605 1609 1661 libris
1621 1614 1791 1662 annumerat.
1824 1613 1847 1663 3.
1860 1606 1928 1662 Dis-

235 1695 339 1750 demus.
1094 1700 1174 1764 putat
1198 1693 1297 1748 Bellar.
1319 1694 1367 1749 111.
1394 1699 1418 1748 2.
1442 1693 1477 1747 (18
1502 1692 1597 1747 concil.
1620 1709 1644 1747 8.
1672 1698 1712 1750 12.
1736 1689 1764 1767 5.
1790 1692 1863 1749 Dico
1887 1708 1928 1750 se·

270 1787 327 1836 206.
358 1785 382 1835 2.
411 1779 454 1833 Ex
480 1784 590 1849 patrum
618 1777 793 1849 allegatione.
836 1779 938 1832 Patres
968 1778 1069 1832 librum
1094 1778 1197 1835 cundo:
1226 1782 1350 1833 Decreta
1369 1780 1533 1849 ponts'ficum
1556 1780 1615 1833 dici
1639 1780 1801 1850 Scripturas
1819 1797 1927 1845 sacrae,

235 1869 326 1939 1118188
348 1867 420 1920 inter
441 1882 538 1919 888188
564 1872 709 1918 numerant
734 1873 759 1918 et
784 1881 817 1917 aa
835 1864 985 1933 postremis
1009 1864 1070 1919 iliis
1094 1873 1124 1919 ut
1151 1867 1358 1934 dr'stinpuantur
1384 1884 1403 1919 8
1430 1866 1566 1936 profantis
1590 1874 1616 1919 et
1639 1868 1800 1936 8888111888,
1826 1874 1858 1918 ut
1885 1867 1928 1920 di·

235 1954 374 2024 capitshua
392 1951 548 2006 testimonia
573 1952 713 2020 1118811818
735 1951 893 2019 proferunt.
928 1949 1069 2022 Chrysost.
1095 1953 1269 2020 stinpuantur
1285 1970 1304 2004 8
1323 1954 1437 2022 sareptis
1449 1961 1582 2022 patrum,
1603 1971 1674 2022 arrae
1690 1971 1745 2007 888
1763 1962 1827 2007 sunt
1847 1971 1928 2022 repa·

234 2042 309 2097 hom.
330 2046 353 2095 3.
373 2038 409 2093 ad
428 2036 521 2108 popul.
539 2035 666 2091 11811881.
685 2035 832 2108 Angustia.
858 2036 938 2107 epist
959 2042 1013 2092 199.
1033 2038 1068 2091 ad
1096 2039 1141 2092 lae
1167 2056 1216 2093 aec
1242 2040 1340 2093 1181881
1365 2040 1556 2093 anctoritatem
1584 2041 1744 2108 vilipendi,
1774 2054 1807 2094 ac
1834 2039 1929 2095 8181118

235 2127 370 2181 Ediciam.
388 2125 470 2195 Resp.
490 2139 541 2178 nec
561 2127 670 2193 patrum
689 2123 833 2194 allegatio,
865 2138 916 2176 nec
934 2125 1069 2195 generalis
1096 2124 1223 2196 subjicit,
1262 2143 1382 2179 canones
1414 2127 1579 2194 pontificum
1615 2134 1638 2177 et
1669 2127 1850 2181 coan'iierum
1878 2144 1928 2179 rao

237 2213 395 2284 Scripturas
415 2226 509 2264 sacrae
527 2208 677 2281 appellatio
695 2209 855 2263 canonicam
879 2210 1069 2265 aucmmtateur
1097 2216 1178 2267 modo
1197 2229 1255 2266 esse
1273 2221 1298 2266 et
1317 2213 1377 2266 dici
1390 2230 1474 2282 posse
1498 2213 1605 2281 scripta
1628 2229 1712 2265 sacra
1734 2220 1760 2265 et
1784 2212 1929 2282 88888188,

236 2302 280 2357 vel
304 2299 496 2370 supplemento
519 2295 560 2349 illi
586 2296 630 2351 rel
652 2295 764 2366 reliquis
790 2295 970 2350 88811818τεί8
992 2295 1070 2351 libris
1097 2300 1170 2372 quod
1189 2299 1291 2370 probat
1313 2315 1347 2352 ex
1366 2305 1419 2352 881.
1438 2304 1461 2353 3.
1480 2297 1544 2353 vll.
1563 2297 1663 2368 synodi
1681 2302 1731 2352 818.
1767 2296 1839 2353 Cum
1856 2297 1930 2353 Mar·

237 2386 373 2444 conciliat.
410 2384 491 2448 Quod
514 2383 587 2439 enim
613 2382 712 2436 attinet
735 2389 845 2451 patrum
870 2381 1069 2454 allegationem,
1095 2387 1144 2441 118
1161 2386 1262 2441 Christ.
1282 2386 1317 2439 (18
1343 2385 1442 2440 celebr.
1461 2384 1534 2439 bliss.
1570 2383 1697 2450 Quodsi
1721 2400 1788 2457 ergo
1816 2386 1928 2457 supple

237 2491 270 2530 ea
288 2489 371 2544 quam
390 2469 528 2524 infirmum
549 2467 709 2540 suppeditet
728 2468 877 2523 canonicae
900 2469 1070 2524 auctoritatis
1096 2478 1219 2529 mentum
1248 2471 1348 2533 Esther
1376 2472 1420 2525 rel
1449 2471 1548 2542 reliqui
1580 2471 1645 2526 libri
1676 2471 1846 2526 controversi
1880 2488 1930 2543 prr

189 2544 192 2553 ¹
240 2560 369 2621 fulcrum,
388 2562 484 2627 patere
501 2562 594 2627 potest
611 2572 644 2609 ex
663 2552 842 2624 sequentibus
864 2559 886 2608 1.
903 2553 939 2608 D.
953 2555 1071 2625 1118818-
1096 2560 1168 2614 hanc
1185 2558 1398 2631 appellationem
1416 2558 1445 2611 in
1465 2573 1596 2612 canonem
1615 2557 1719 2628 recepti
1738 2557 1793 2611 dici
1804 2561 1929 2629 possunt,

238 2649 280 2702 lua
298 2645 513 2706 exMemaadro‚
532 2643 631 2709 Arato,
646 2640 814 2709 1181888118
830 2640 979 2695 versiculos
997 2642 1071 2711 citat,
1096 2647 1170 2702 idem
1195 2645 1333 2717 judicium
1361 2643 1414 2700 erit
1441 2644 1476 2697 de
1504 2642 1665 2714 pontificum
1696 2650 1724 2698 et
1750 2644 1928 2700 conciliorum

237 2750 289 2788 888
308 2738 401 2786 tamen
419 2746 452 2784 ex
470 2746 502 2784 eo
522 2725 657 2782 canonica
674 2726 823 2780 auctoritas
844 2726 994 2798 gentilibus
1015 2727 1070 2782 illis
1097 2732 1222 2787 decretis

238 2817 418 2891 scriptoribus
449 2812 609 2868 tribuenda.
664 2811 753 2867 iudas
786 2812 854 2867 citat
884 2813 1071 2869 testimonium
1132 2824 1190 2875 211.
1221 2823 1245 2873 3.
1263 2816 1305 2870 Ex
1327 2815 1455 2888 Origenis
1472 2815 1711 2871 demonstratione.
1748 2816 1883 2885 Oriperses
1899 2817 1929 2870 irs

239 2905 350 2960 Enocis'
370 2902 399 2957 in
426 2900 506 2972 epist.
530 2917 556 2954 v.
579 2904 617 2955 14.
641 2898 715 2969 quod
736 2904 829 2954 tamen
853 2916 886 2952 es
910 2902 1070 2971 apocrypho
1097 2905 1173 2974 epist.
1200 2906 1241 2957 ad
1262 2903 1374 2956 Jrriium
1397 2903 1583 2969 Africanum,
1612 2903 1684 2956 iane
1705 2903 1797 2972 ipsam
1817 2910 1928 2973 portam

237 2993 309 3047 libro
332 2996 449 3043 88181818
472 2987 576 3041 1818181
602 2985 702 3040 Bellar.
726 2985 773 3039 lib.
801 2992 822 3041 t.
847 2984 882 3039 de
909 2986 994 3041 verbo
1017 2987 1070 3042 Dei
1096 2990 1163 3043 libri
1180 2990 1297 3055 Esther,
1322 3005 1393 3059 pisae
1415 2990 1444 3041 im
1462 2989 1653 3042 Hebraeorum
1670 2989 1857 3043 uoluminibus
1872 3007 1928 3044 11811
1949 3000 1975 3042 11.

238 3096 262 3136 8.
290 3083 328 3134 18.
352 3077 381 3129 18
407 3091 461 3147 (188
485 3072 700 3128 consentientem
724 3071 810 3127 habet
825 3071 1024 3142 Hieronymum
1042 3073 1071 3127 in
1096 3077 1224 3146 icimur,
1259 3092 1371 3129 ramam
1406 3083 1432 3128 ct
1465 3075 1628 3129 8888818818
1658 3093 1715 3129 esse
1748 3066 1927 3131 (1888881881.

237 3165 316 3221 88181
333 3160 527 3219 rerboiudus.
560 3165 582 3213 2.
601 3157 717 3212 Librum
734 3159 855 3211 Hermae
872 3159 928 3211 siue
941 3161 1071 3213 Pastoris
1096 3163 1178 3234 Resp.
1208 3168 1228 3217 1.
1252 3161 1327 3234 apud
1351 3161 1534 3234 Septuaginta
1561 3163 1677 3233 interpp.
1706 3162 1928 3235 supplementum

238 3252 325 3307 citant
343 3257 372 3305 81
389 3245 547 3304 testimonia
565 3261 598 3300 ex
616 3260 648 3299 eo
669 3242 813 3314 proferunt
829 3242 960 3299 Irenaeus
979 3245 1026 3301 lib.
1044 3252 1069 3316 1,
1096 3248 1165 3303 illud
1191 3248 1286 3304 baberi
1312 3256 1341 3304 et
1369 3248 1397 3302 in
1419 3247 1542 3303 ecclesiis
1567 3249 1623 3323 legi
1642 3249 1724 3313 dicit,
1752 3250 1802 3306 sed
1819 3250 1928 3305 888881·

238 3356 261 3393 8.
283 3343 323 3393 31.
365 3333 554 3389 Tertullianus
580 3331 629 3385 lib.
653 3330 689 3385 de
714 3338 781 3385 orat.
805 3331 931 3387 Clemens
948 3331 1068 3388 Alexan·
1097 3352 1160 3390 cum
1176 3352 1235 3391 esse
1252 3335 1380 3405 nuspiam
1398 3335 1504 3390 asserit.
1541 3342 1564 3391 2.
1582 3335 1694 3391 Certum
1711 3343 1761 3406 est,
1780 3335 1928 3408 Origeuaru

239 3423 334 3477 drinus
356 3421 404 3475 lib.
424 3428 447 3475 1.
476 3424 598 3474 stromat
625 3416 793 3471 Athanasius
818 3418 853 3472 de
879 3418 996 3473 decretis
1023 3438 1068 3491 sy·
1097 3428 1222 3478 secutum
1239 3421 1325 3476 fuisse
1344 3421 1534 3477 Hebraeorum
1553 3439 1699 3490 canonem,
1718 3427 1789 3478 teste
1808 3420 1928 3478 Eusebio

238 3509 306 3564 nodi
328 3508 463 3575 Nicenae,
490 3506 591 3561 Euseb.
619 3505 667 3559 lib.
689 3512 720 3573 1,
747 3522 770 3559 8.
791 3510 815 3561 t.
851 3504 999 3561 Cassianus
1021 3506 1069 3562 lib.
1096 3510 1187 3565 1116.
1214 3509 1285 3563 Hist
1305 3526 1329 3563 c.
1349 3515 1389 3564 21.
1407 3509 1483 3563 8118
1498 3508 1688 3565 Hebraeorum
1705 3524 1811 3566 888888
1827 3524 1928 3582 appeu-

241 3601 279 3652 13.
304 3594 394 3649 881181.
422 3610 445 3647 8.
470 3598 508 3648 12.
535 3598 564 3647 81
587 3591 648 3660 alii,
675 3589 851 3646 nihilominus
876 3596 969 3646 tamen
994 3593 1072 3648 nulla
1097 3597 1144 3650 dix
1163 3594 1211 3650 illa
1227 3611 1283 3649 888
1300 3595 1425 3651 hahetur.
1462 3601 1485 3650 3.
1506 3595 1575 3650 Inde
1595 3595 1687 3652 Sirtus
1707 3596 1838 3653 Senensis
1850 3595 1928 3652 1111.

239 3682 346 3754 synodo
370 3681 474 3736 relatus
500 3684 542 3734 est
563 3679 592 3733 in
611 3693 743 3733 canonem
772 3685 800 3733 et
818 3677 925 3733 disertis
943 3678 1071 3735 verbisa
1098 3682 1230 3739 Bibliotb.
1258 3698 1322 3754 pag.
1343 3688 1384 3737 21.
1408 3683 1491 3753 plane
1509 3682 1676 3738 conuentum
1694 3698 1728 3738 ex
1746 3683 1797 3737 illa
1814 3682 1931 3754 epistola

240 3785 345 3824 canone
372 3784 436 3823 eum
463 3766 553 3838 rejicit
579 3765 708 3822 Gelasius
735 3765 763 3818 in
792 3764 903 3819 decreto
928 3766 965 3827 dc
994 3765 1072 3820 libris
1098 3769 1225 3842 Origenis
1248 3769 1362 3841 colligit
1404 3769 1550 3838 Orr’peaes,
1577 3769 1680 3842 inquit,
1705 3772 1736 3824 in
1753 3770 1874 3840 eps'stoia
1892 3771 1932 3824 ad

239 3849 1072 3910 Ε88188188118188.88881818888811811881.1118111118-
1099 3856 1209 3910 Julium
1240 3856 1411 3921 Africanarum
1438 3856 1507 3910 iaec
1539 3858 1635 3909 eadem
1664 3856 1860 3911 additamenta
1888 3872 1931 3912 aa·

240 3941 334 3997 nasius
358 3941 387 3995 in
410 3939 538 4011 Synopsi.
573 3938 650 3992 Idem
674 3937 756 3993 etiarn
777 3935 946 3991 Athanasius
971 3937 1000 3991 in
1025 3937 1072 3993 lib.
1095 3944 1197 4013 plodit
1238 3948 1262 3998 1.
1283 3942 1423 4007 Quantum
1447 3941 1514 3996 alias
1539 3942 1721 3998 Bellarminus
1747 3942 1864 4015 Origeui
1886 3942 1931 3998 tri·

240 4031 275 4086 ds
304 4027 422 4084 decretis
445 4025 544 4098 synodi
568 4024 691 4081 Nicenae
714 4029 742 4079 et
765 4023 955 4078 Theodoretus
976 4024 1024 4079 lib.
1051 4031 1072 4081 1.
1100 4031 1180 4095 1881,
1203 4045 1236 4084 er
1263 4045 1295 4084 eo
1317 4035 1443 4099 apparet,
1469 4029 1543 4100 quod
1565 4028 1613 4083 lib.
1639 4036 1662 4085 1.
1688 4029 1814 4084 deuotis
1834 4029 1930 4085 eccles

239 4116 375 4171 bistone.
397 4118 436 4170 ta.
471 4113 604 4180 Α118888,
631 4110 679 4183 (181
703 4128 736 4165 er
758 4110 810 4165 188
826 4109 899 4166 libro
917 4111 1074 4166 testimonia
1101 4133 1125 4173 c.
1151 4122 1173 4172 9.
1200 4112 1228 4190 5.
1254 4119 1294 4170 21.
1318 4131 1381 4169 eum
1404 4115 1432 4169 18
1446 4116 1585 4185 88181818
1609 4116 1812 4170 haeretieorum
1838 4132 1930 4174 18888·

240 4203 385 4276 petebant,
410 4201 506 4256 dicunt
528 4217 562 4255 er
584 4198 656 4253 libro
681 4214 736 4252 non
760 4196 892 4251 canonico
918 4183 1167 4277 testimoniaiseat.
1185 4201 1246 4256 Lib.
1256 4207 1280 4256 2.
1299 4200 1334 4255 de
1350 4200 1510 4274 purgatorio
1528 4217 1550 4255 c.
1570 4208 1594 4258 8.
1613 4208 1664 4257 art.
1687 4208 1724 4259 16.
1743 4220 1776 4259 ax
1793 4202 1867 4259 libro
1885 4202 1930 4275 qui

240 4289 366 4362 petiisse,
397 4303 468 4360 quae
499 4286 614 4343 totidem
642 4283 734 4340 verbis
762 4282 867 4355 profert
891 4283 1074 4338 Bellarminus
1100 4287 1258 4343 inscribitur
1280 4287 1398 4341 Pratum
1421 4287 1577 4357 spirituale
1601 4306 1624 4346 c.
1651 4295 1691 4345 25.
1716 4288 1832 4345 adducit
1851 4289 1930 4346 risio

240 4377 288 4432 111).
315 4385 337 4433 1.
367 4375 401 4431 (18
425 4368 509 4430 verbo
532 4372 587 4428 Dei
609 4388 633 4429 c.
657 4377 697 4426 20.
717 4367 744 4445 5.
777 4371 837 4424 Nec
856 4371 954 4423 minua.
990 4376 1014 4426 3.
1032 4369 1075 4425 Eo
1101 4391 1177 4440 nem,
1200 4376 1276 4444 quod
1290 4375 1368 4428 uisas
1385 4373 1473 4438 fuerit
1494 4374 1625 4443 Oripenee
1642 4393 1703 4429 8881
1722 4375 1795 4429 Ario
1813 4377 1931 4448 aliisque

241 4462 302 4536 ipso
330 4461 359 4516 in
384 4460 446 4515 1888
473 4456 501 4534 5.
528 4459 568 4512 At
597 4459 632 4511 de
660 4458 740 4511 tertio
758 4464 806 4511 ete.
823 4455 928 4511 fatetur
945 4461 974 4511 81
990 4471 1075 4528 agno·
1100 4461 1247 4516 1888811118
1263 4461 1293 4513 im
1312 4461 1376 4529 ipre
1395 4461 1530 4530 torqueri,
1550 4466 1579 4515 et
1598 4461 1688 4530 addit,
1708 4462 1796 4516 citari
1815 4462 1931 4518 Pratum

241 4549 306 4615 scit,
335 4549 444 4602 tertiam
477 4547 579 4616 librum
612 4544 725 4598 Esdrae
750 4542 829 4597 citari
855 4542 891 4597 ab
921 4543 1075 4597 Aibanasio
1102 4546 1258 4617 Spirimale
1287 4547 1317 4599 in
1350 4552 1371 4600 7.
1402 4547 1508 4614 81188818
1541 4549 1679 4617 penerali,
1711 4564 1746 4600 88
1776 4548 1840 4618 qrat‘s
1873 4565 1932 4604 eam
1959 4566 1962 4575 ·

241 4641 308 4690 orat
334 4639 357 4690 3.
381 4636 477 4687 888118
498 4630 626 4686 Arianos.
648 4628 806 4702 Augustino
831 4629 877 4684 lib.
905 4635 944 4687 ta.
969 4629 1005 4683 de
1023 4631 1074 4684 civ.
1100 4636 1201 4688 11111188
1219 4635 1402 4705 spernendum
1420 4642 1535 4688 censeat.

242 4722 296 4779 Dei
320 4739 343 4778 c.
368 4725 408 4777 31.
452 4718 595 4774 Clemente
617 4716 805 4772 Alexandrino
829 4717 876 4772 lib.
906 4722 928 4771 t.
953 4720 1074 4770 81181881.
1135 4727 1192 4779 208.
1228 4728 1252 4777 1.
1281 4721 1323 4774 Er
1349 4720 1467 4776 lectione
1495 4719 1524 4774 in
1552 4718 1677 4776 ecelesia.
1729 4720 1876 4783 1188811881
1902 4738 1933 4777 aa

242 4809 365 4864 Auctore
387 4805 541 4878 imperfecti
567 4803 657 4876 operis
682 4803 774 4858 homil.
802 4809 823 4860 t.
847 4803 876 4858 in
893 4803 991 4859 Matth
1013 4808 1041 4858 81
1057 4809 1289 4885 818811188818
1318 4808 1446 4876 tepenter
1474 4808 1502 4861 ia
1532 4808 1655 4863 ecclesia.
1708 4807 1793 4880 Resp.
1820 4808 1932 4866 Contra

243 4895 383 4967 Cypriane
400 4895 429 4949 18
448 4893 527 4965 epist.
545 4891 581 4947 sd
601 4891 779 4963 Pompejum,
804 4907 886 4962 quem
911 4896 1005 4945 181888
1029 4906 1074 4945 ca·
1100 4912 1191 4950 versos
1215 4895 1278 4950 illos
1301 4894 1386 4950 libros
1409 4895 1438 4949 in
1467 4894 1581 4950 ecclesia
1606 4894 1771 4950 occidentali
1795 4898 1838 4950 ad
1856 4896 1933 4951 acdi-

243 4981 372 5037 uonicum
390 4996 451 5036 esse
466 4985 541 5034 recte
560 4986 651 5050 negat
687 4983 711 5032 4.
733 4977 854 5040 erurtrrs
872 4978 941 5030 liter
961 4978 1089 5053 1181188Ι
1094 4983 1255 5052 ficationem
1280 4980 1372 5050 plebis
1399 4981 1455 5053 legi
1480 4980 1566 5035 tuisse
1590 4980 1684 5036 solitos
1709 4996 1764 5035 nou
1791 4998 1933 5055 negamus,

244 5067 343 5122 citatur
369 5066 405 5122 ab
432 5065 580 5121 Ambrosio
611 5065 658 5120 lib.
685 5064 719 5119 de
744 5063 816 5120 bono
840 5063 934 5119 1881118
962 5067 994 5132 (c.
1024 5067 1076 5131 tu.)
1101 5068 1149 5123 sed
1167 5085 1200 5122 ex
1218 5084 1250 5122 eo
1268 5082 1323 5122 888
1341 5067 1459 5123 88888811
1476 5067 1514 5122 818
1533 5067 1667 5122 canonica
1685 5067 1851 5134 auctoritas,
1870 5067 1932 5125 lecti

244 5157 272 5209 81
293 5153 340 5208 lib.
365 5160 388 5209 2.
406 5153 436 5208 in
453 5153 559 5208 Lucam
578 5169 611 5207 ac
629 5151 870 5222 insputatur
892 5150 1075 5207 Hostiarum
1101 5152 1174 5210 enim
1203 5153 1315 5209 fuerunt
1341 5156 1382 5207 ad
1407 5173 1514 5207 morum
1538 5154 1780 5223 informationem,
1809 5173 1866 5209 11811
1895 5154 1935 5210 ad

244 5239 296 5313 (uti
316 5240 397 5295 etiam
416 5239 452 5294 ab
471 5239 587 5294 Irenaeo
605 5238 652 5293 lib.
673 5244 698 5306 3,
716 5255 739 5292 c.
759 5243 799 5292 25.
834 5235 975 5293 Clemente
994 5237 1076 5293 Alex·
1102 5242 1261 5308 dopmatum
1300 5241 1534 5309 confirmationem
1598 5239 1784 5311 Hieronymus
1818 5240 1932 5314 praefat

244 5327 360 5384 andrina
385 5327 431 5383 lib.
459 5335 480 5383 l.
507 5331 628 5381 81188181
655 5324 828 5381 Tertulliano
853 5323 901 5380 lib.
926 5324 961 5380 de
979 5324 1077 5380 habitu
1103 5325 1131 5380 in
1155 5325 1217 5382 libr.
1236 5324 1336 5384 Selom.
1361 5325 1535 5398 apocryphos
1557 5326 1641 5381 libros
1664 5327 1703 5382 sio
1722 5325 1834 5392 definit,
1860 5329 1935 5400 111811

245 5414 381 5469 muliebri.
425 5413 528 5468 Basilio
556 5411 585 5465 in
612 5411 690 5481 epist.
714 5412 750 5466 ad
776 5409 932 5480 Chilonem,
959 5410 1077 5483 Chryso·
1103 5429 1158 5465 non
1192 5413 1248 5485 sint
1284 5415 1311 5466 io
1341 5428 1458 5477 canone,
1495 5413 1603 5465 r'atcrim
1633 5421 1724 5467 tamen
1756 5413 1786 5467 in
1818 5415 1933 5470 88818818

246 5506 335 5558 818818
351 5500 445 5557 188111.
465 5505 489 5560 8,
508 5499 544 5554 ad
561 5497 715 5567 Hebraeos)
731 5505 826 5554 181888
843 5497 903 5551 81118
920 5496 1077 5552 (18118888
1104 5499 1248 5570 181881811
1274 5501 1316 5555 ad
1357 5499 1579 5570 mdiicationsm
1615 5499 1715 5570 plebis.
1779 5498 1859 5567 Quae
1898 5501 1933 5556 de
