3984 6022
804 233 1077 295 nmscsaosss
1148 246 1177 257 ··
1546 190 1569 303 ’,
1720 235 1795 297 xcx

87 396 186 468 velut
211 418 260 467 sse
286 400 378 491 equo'
393 392 557 492 Trojano
583 396 780 468 onumeros
805 395 865 466 rei
885 389 1073 467 laccarias
1098 396 1225 467 milites
1249 402 1389 492 togatos
1418 392 1616 492 prodiisse,
1651 418 1794 492 quorum

90 547 203 619 opero
228 519 405 595 scalonae
432 534 468 594 et
490 520 583 620 resp.
598 517 681 619 fuit
698 524 847 595 maasme
867 523 1038 595 salutares
1055 518 1307 626 ctsrugifera.
1337 523 1507 595 uectores
1521 547 1658 618 semper
1674 522 1798 597 habuit

92 647 289 724 metucns
311 651 539 742 emansor,
559 645 773 749 formandae
785 647 988 749 juventutis
1008 648 1164 741 artifices
1186 653 1357 747 insignes,
1386 653 1479 725 enter
1495 674 1581 749 quos
1595 653 1689 725 uehtt
1704 652 1795 727 duae

85 776 239 876 saculos
267 793 303 852 et
326 776 442 852 oliuae
468 781 618 852 eminent
641 779 795 852 boschus
822 778 942 851 Faber
976 777 1135 851 thesauri
1161 778 1366 871 eruditionis
1386 778 1615 853 scholasticae
1646 780 1795 853 editions

88 933 162 1006 per
174 919 280 981 totam
294 906 468 1003 Europam
488 915 590 981 nolus
610 918 648 980 et
663 906 711 980 M.
728 906 899 980 Henricus
916 906 1046 1001 Faber,
1071 907 1135 979 sub
1162 908 1264 1001 cujus
1289 905 1505 1002 discsph'nasn
1521 932 1633 981 meam
1660 932 1795 1006 quoque

88 1033 282 1133 pueritiam
320 1048 356 1108 et
387 1035 654 1109 adohscantsarn
688 1059 836 1133 enigma
862 1034 949 1109 rachi
978 1037 1144 1132 conteget,
1183 1035 1286 1130 cujus
1319 1036 1503 1132 cmogc'rssm
1528 1035 1576 1107 cd
1598 1039 1711 1110 aeman
1736 1061 1794 1110 ec·

90 1188 253 1262 precem
289 1162 333 1236 ob
357 1165 488 1237 ommia
513 1166 549 1236 in
575 1162 728 1236 scholam
754 1174 791 1234 et
815 1165 1009 1236 uniuersam
1036 1165 1210 1266 cocolubem
1239 1163 1363 1233 mers’ta
1389 1164 1424 1235 in
1451 1165 1528 1258 ipso
1555 1162 1663 1237 choro
1686 1163 1795 1239 bene·

100 1289 227 1365 dictini
249 1292 368 1388 tempb’
389 1293 561 1364 collocari
575 1290 615 1364 V
610 1317 649 1364 os
672 1293 743 1363 scri
759 1288 965 1387 amplissimi
977 1291 1073 1364 houd
1086 1302 1235 1387 praeter
1252 1299 1420 1363 rationem
1438 1288 1600 1367 amastis
1635 1292 1792 1384 Memini,

94 1423 172 1518 ipso
191 1423 306 1517 pestis
331 1431 481 1516 tempore
508 1442 585 1493 oon.
608 1420 668 1495 98.
692 1421 752 1515 pie
779 1414 958 1515 defuncto,
988 1416 1138 1491 sedecim
1162 1419 1324 1492 doctores
1343 1421 1522 1490 numerari
1535 1423 1707 1515 potuisse,
1737 1423 1800 1518 qui

99 1551 212 1645 ipsius
233 1546 444 1621 institutioni
463 1571 622 1647 magnam
649 1547 853 1620 eruditionis
878 1570 963 1619 suae
985 1555 1123 1643 portem
1150 1570 1229 1620 sese
1256 1556 1431 1641 acceptam
1451 1545 1556 1642 serre
1582 1547 1676 1619 houd
1696 1546 1800 1620 inach

85 1678 234 1772 juerant
264 1677 430 1769 confessi.
489 1675 558 1766 Oui
580 1678 715 1774 magnis
741 1676 813 1747 illis
837 1673 1066 1748 scholasticae
1088 1678 1284 1771 juventutes
1309 1671 1566 1771 sormatbmbus
1589 1677 1624 1747 in
1650 1676 1800 1748 docendi

98 1802 210 1901 qfficio
229 1815 489 1898 successerunt,
519 1804 694 1901 eidemque
713 1802 827 1876 adbuc
845 1814 1030 1898 praesunt,
1060 1804 1232 1875 commissi
1247 1805 1398 1874 muneris
1419 1800 1479 1874 sni
1488 1814 1614 1898 partes
1632 1805 1797 1900 gnaviter

98 1935 243 2030 emplere
270 1957 311 2006 oe
337 1944 593 2006 antecessorum
618 1956 755 2004 suoram
781 1931 914 2004 laudem
942 1928 1109 2028 comcqui
1132 1933 1235 2005 elc'am
1253 1927 1327 2025 ipsi
1344 1940 1522 2029 satagunt.
1560 1927 1602 2003 Si
1616 1955 1661 2002 cc
1679 1930 1797 2005 schola

96 2065 132 2134 in
155 2059 318 2157 privatas
342 2057 466 2145 σιύὐιηι
485 2060 591 2133 aedes
604 2085 669 2141 nos
688 2056 923 2157 conferamus,
947 2071 1112 2133 occurret
1126 2062 1249 2132 anemis
1268 2067 1368 2156 atque
1386 2059 1497 2130 oculis
1514 2056 1646 2131 casteis
1656 2071 1797 2153 patrum

84 2188 252 2285 scandas
279 2191 314 2260 in
345 2212 450 2260 serae
476 2187 656 2262 doctrinae
681 2188 795 2261 studeo
824 2196 1019 2261 constantes
1031 2242 1041 2277 ,
1078 2189 1271 2287 singulares
1306 2210 1394 2285 erga
1426 2183 1651 2260 ms’rsisteriusn
1680 2187 1795 2259 obser·

95 2320 231 2407 saraa,
264 2339 353 2415 erga
377 2319 616 2415 magistratum
644 2315 858 2411 obedientia,
887 2340 976 2416 ergo
998 2317 1230 2413 pauperculos
1256 2315 1485 2388 scholasticos
1507 2313 1629 2412 gratis
1655 2314 1797 2387 alendos
1834 2366 1838 2371 -

96 2441 350 2538 beneficentia,
389 2446 424 2516 in
459 2445 581 2517 liberc's
609 2448 669 2541 pie
702 2445 902 2518 erudiendus
934 2447 1046 2542 iisque
1079 2469 1112 2516 cn
1141 2444 1326 2540 disciplina
1354 2453 1388 2516 et
1414 2447 1634 2539 correptione
1661 2442 1802 2516 [bomini

95 2572 291 2647 educandis
319 2564 521 2671 dih'gehtic's,
558 2586 605 2667 otu
626 2573 669 2644 de
699 2573 850 2646 candore
878 2576 913 2646 ia
942 2575 1206 2646 conversatione
1222 2573 1406 2667 Jcms'liari
1433 2582 1469 2643 et
1483 2574 1631 2668 jusa'tia
1656 2574 1691 2643 in
1719 2594 1797 2644 con·

95 2703 270 2776 tractibus
304 2703 452 2798 aliusque
483 2702 691 2775 homc'leticis
726 2699 909 2774 mrtonbns
941 2699 1031 2773 achil
1063 2699 1240 2799 quicquam
1269 2702 1414 2773 ulterius
1440 2700 1579 2773 addam.
1637 2699 1798 2790 Quamuis

94 2833 188 2904 enim
214 2832 312 2904 utin
338 2841 455 2903 roseto
481 2834 601 2927 spinae
632 2841 668 2902 et
694 2833 845 2921 artr'cae,
871 2827 924 2902 ita
951 2852 1084 2927 quoque
1110 2832 1143 2902 in
1170 2831 1258 2926 reip.
1287 2853 1434 2926 corpore
1461 2852 1598 2925 semper
1624 2831 1797 2900 snuenmn·

94 2973 157 3032 tur
183 2959 302 3030 nstc'osi
325 2959 436 3055 aliqui
457 2958 617 3031 humores
640 2971 676 3031 et
699 2961 875 3051 uomicae,
903 2970 1014 3032 tomen
1042 2981 1113 3030 acm
1129 2957 1279 3054 procido
1305 2971 1441 3051 resno,
1477 2956 1513 3030 V
1510 2959 1560 3030 iri
1580 2956 1794 3053 amplissimi,

95 3111 186 3162 cura
208 3097 243 3158 ct
262 3083 448 3185 nuptiantes
464 3089 549 3176 ellus,
571 3099 731 3183 quantum
754 3087 886 3184 quedem
904 3086 993 3180 fieri
1011 3096 1141 3181 potest,
1170 3087 1271 3158 moles
1297 3097 1519 3175 occurratur,
1548 3085 1624 3156 sdes
1651 3083 1797 3180 reliquus

97 3215 149 3287 ad
173 3216 329 3286 uirtutem
351 3217 443 3286 nsn's
469 3224 504 3286 et
517 3211 689 3311 formatis
713 3216 847 3287 civibus
870 3214 965 3286 istud
975 3213 1112 3308 scandi
1136 3238 1212 3286 esse
1240 3225 1276 3284 ct
1299 3211 1399 3285 laudi
1420 3209 1573 3308 upsomsm
1595 3209 1727 3308 aliquid
1741 3209 1796 3281 de·

95 3341 240 3414 trahere
275 3343 408 3415 menime
435 3346 606 3418 conuenit
663 3343 791 3416 Merito
828 3339 940 3441 egetur
965 3342 1095 3432 Vobis,
1133 3338 1298 3414 Consules
1332 3339 1593 3412 honoratissimi
1623 3349 1659 3411 et
1691 3335 1796 3411 Sena·

94 3483 195 3543 tores
228 3472 495 3567 spectatissimi,
531 3471 572 3544 de
605 3470 702 3544 illita
734 3470 885 3568 respubl.
918 3480 1058 3567 patruae
1085 3448 1252 3541 hactenus
1278 3492 1299 3540 a
1325 3493 1377 3540 me
1404 3481 1573 3566 utcunque
1601 3467 1797 3562 descrcptce

93 3601 266 3695 imperio,
301 3595 389 3670 mihi
420 3624 503 3672 vero
538 3599 580 3672 dc
618 3599 771 3696 ejusdem
808 3595 961 3696 (rabone
994 3599 1186 3671 natiuitatis
1221 3609 1256 3669 et
1289 3593 1519 3696 educationis)
1547 3597 1721 3669 consortio
1750 3618 1796 3667 ec

97 3729 212 3800 anunm
243 3728 422 3824 gratulor.
472 3727 595 3825 Neque
630 3729 673 3799 ab
704 3728 771 3798 ullo
798 3724 932 3798 homene
958 3725 1044 3797 mihi
1066 3728 1148 3797 cr'tio
1175 3728 1268 3797 certi
1291 3750 1399 3822 posse
1428 3726 1609 3816 erastino,
1645 3722 1737 3821 quod
1760 3724 1795 3794 in

98 3855 249 3928 debitam
269 3856 411 3951 patruae
438 3854 585 3946 landem,
615 3878 702 3952 quoe
725 3879 778 3926 me
803 3865 996 3945 nascentem
1022 3851 1102 3926 dna
1128 3877 1190 3926 suo
1218 3850 1370 3949 accepit,
1400 3856 1434 3925 in
1462 3876 1529 3950 qno
1555 3852 1706 3946 cbqsanlia
1721 3874 1796 3923 meo

96 3985 232 4082 sagitt,
264 3984 420 4079 puers'tia
446 3983 550 4076 lusc't,
569 3987 739 4080 juventus
766 3980 913 4053 educato
936 3993 1008 4073 est,
1038 3983 1073 4054 in
1101 4003 1168 4077 qno
1197 3982 1302 4079 longa
1324 3983 1417 4053 serie
1444 3992 1623 4079 cognatos,
1653 3977 1794 4067 amicos,

93 4110 259 4201 sodales,
286 4112 352 4183 chao
380 4119 414 4182 et
437 4122 607 4207 patronos
630 4133 812 4183 numerare
834 4132 998 4205 possum,
1039 4108 1125 4182 haec
1151 4109 1401 4205 quah‘acunque
1423 4104 1790 4203 praefericulum.

94 4239 211 4312 Plura
229 4249 313 4310 sunt
336 4250 373 4310 et
392 4242 549 4336 majora,
583 4260 671 4335 quae
693 4241 834 4332 patriae
860 4236 941 4310 huic
963 4261 1058 4309 meae
1081 4237 1347 4335 benignissimus
1373 4235 1464 4310 Deus
1490 4240 1666 4309 concessit
1690 4235 1792 4326 bona,

93 4389 198 4466 quam
220 4377 258 4436 ut
282 4366 387 4465 ds’gae
415 4391 436 4441 a
461 4391 514 4438 me
535 4363 676 4461 possint
701 4368 903 4457 recenseri,
934 4361 1157 4462 praedicari,
1194 4362 1380 4437 aestirncsi.
1436 4361 1547 4437 Vobis
1574 4376 1684 4438 autem
1711 4359 1750 4436 V
1745 4360 1799 4434 iri

92 4491 309 4591 amplissimi
326 4493 415 4568 hanc
443 4491 612 4593 esegcsin
633 4491 748 4590 primi
770 4490 921 4567 locorum
949 4492 1220 4592 theologicorum
1247 4489 1332 4564 torni
1354 4468 1692 4581 inscru'bcre'uoloi,
1727 4502 1795 4562 mm

93 4635 136 4696 ut
159 4644 268 4694 mewa
295 4646 383 4722 erga
408 4623 574 4719 rempubl.
594 4619 750 4718 patriam
773 4634 808 4694 et
832 4647 893 4695 uos
916 4622 1070 4718 ejusdem
1090 4618 1279 4720 praesides
1296 4619 1460 4716 affectum
1474 4617 1619 4716 publice
1638 4629 1795 4691 testatum

91 4749 302 4840 redderem
332 4761 399 4821 hcm
425 4761 464 4821 ut
483 4773 551 4846 pro
574 4761 690 4823 oestro
706 4750 861 4844 jocare,
887 4745 1018 4824 honore
1045 4759 1078 4821 et
1105 4774 1241 4842 amore,
1271 4746 1352 4846 quin
1376 4759 1411 4820 et
1430 4773 1499 4848 pro
1527 4744 1705 4842 benthas
1727 4720 1814 4818 tuns·

91 4875 188 4953 meti
211 4889 278 4950 tum
294 4874 507 4975 propinquis
531 4877 617 4952 meis
637 4876 768 4975 partim
791 4875 866 4950 rita
875 4877 1035 4974 sanctes,
1057 4876 1188 4974 partim
1208 4876 1321 4950 adhuc
1345 4874 1538 4949 asinabus
1563 4878 1657 4948 alsus
1683 4875 1795 4969 μέτρῳ

92 5035 116 5082 a
143 5005 192 5078 V.
213 5008 315 5103 ampl.
338 5018 374 5078 et
389 5016 499 5104 spect.
528 5005 693 5081 hactenus
716 5005 917 5104 praestitas,
947 5005 1091 5104 aliquod
1113 5006 1285 5079 duntacot
1301 5001 1405 5104 grati
1423 5000 1533 5076 onumi
1548 4999 1713 5076 iodicium
1734 5025 1794 5073 es·

91 5135 266 5227 hiberam,
292 5146 360 5207 tum
378 5146 418 5208 ut
434 5131 549 5209 debito
566 5136 640 5227 illo,
664 5159 729 5232 quo
743 5131 889 5232 patriae
907 5145 940 5207 et
956 5133 1056 5208 uobis
1073 5136 1151 5231 ejus
1168 5130 1382 5208 antestitibus
1400 5157 1446 5204 ec
1462 5126 1794 5228 promissojompri

94 5267 175 5339 dem
193 5261 381 5337 obstrictus
398 5274 533 5355 teneor,
555 5259 783 5361 qualicunque
798 5262 865 5336 boc
881 5273 1029 5357 moneta,
1051 5287 1125 5336 cum
1142 5261 1179 5336 in
1198 5257 1337 5357 ffccna
1351 5285 1426 5334 mea
1442 5257 1604 5362 thermis
1619 5257 1796 5333 meliorem
