3984 6022
205 299 223 357 0
286 351 288 354 J
728 232 730 237 Α
947 276 1176 341 rnoocmuu

207 445 256 500 sed
268 441 440 499 secundariis
461 447 489 496 et
507 440 597 496 minus
613 439 823 512 principalibus,
841 439 875 495 de
893 437 995 511 quibus
1008 455 1041 492 cx
1068 441 1168 493 modus
1181 448 1229 508 est,
1249 458 1309 494 cum
1328 441 1434 509 artifex
1454 456 1496 506 ea,
1516 451 1589 510 quae
1606 441 1640 494 ab
1652 441 1712 494 alio
1725 439 1823 509 positu
1834 448 1907 511 sunt,

207 531 288 587 unico
317 528 364 584 illo
389 533 417 584 et
442 526 553 599 proprio
576 525 735 598 theologiae
755 525 891 598 principio
912 525 1040 596 judicari·
1068 527 1205 596 admittit,
1224 545 1296 597 quae
1315 528 1398 582 enom
1415 529 1476 581 sine
1493 529 1555 598 ipso
1575 534 1763 597 concisae,
1782 529 1834 582 sed
1849 544 1907 581 non

210 619 284 674 duni.
307 616 405 688 Neque
422 614 494 670 enim
511 613 600 668 ullum
617 612 802 670 concludendi
813 611 898 667 robur
909 610 1041 676 obtinent,
1068 620 1201 682 imquan
1224 630 1337 668 suorum
1359 613 1521 684 principio,
1548 630 1635 685 neqise
1652 615 1775 685 perinde
1798 615 1834 667 ab
1853 613 1906 668 illo

208 703 261 759 nisi
273 705 409 776 quatenus
426 717 489 755 cum
501 716 534 754 eo
552 698 736 764 consentiunt,
753 715 772 753 s
789 715 844 770 quo
861 698 885 752 si
904 698 933 752 in
952 697 1041 752 diver·
1063 700 1197 767 probata,
1215 701 1302 769 quasi
1314 700 1378 769 ipse
1392 700 1518 768 probare
1535 718 1592 754 non
1603 702 1707 770 possit,
1726 702 1778 754 sed
1793 709 1825 754 ut
1843 717 1907 754 eca-

207 807 267 845 sum
288 789 408 855 abeunt,
436 785 524 840 omnis
546 784 715 841 collectionis
738 785 779 839 tis
801 785 830 839 in
853 784 892 840 eis
916 785 1041 854 protinus
1067 786 1151 838 minet
1171 802 1205 838 oc
1219 785 1338 854 judicet.
1377 783 1527 840 Posteriori
1544 785 1597 841 hoc
1614 785 1696 841 modo
1719 784 1865 858 theologus
1891 802 1909 841 a

207 876 323 947 expirat.
360 872 542 928 Producimus
561 872 596 927 de
616 872 733 943 singulis
751 870 952 926 confessionem
969 871 1041 941 ipso·
1067 869 1232 941 philosopho
1253 870 1390 942 quaedem
1410 871 1524 942 accipit,
1541 890 1596 927 non
1614 873 1693 943 quasi
1710 873 1815 944 absque
1832 872 1908 943 prin·

208 977 269 1017 iarn
296 958 522 1016 adversariorum.
557 957 601 1012 De
623 957 719 1028 Papae
743 957 860 1013 decretis
883 956 922 1011 sic
945 955 1042 1013 scribit
1066 956 1146 1027 cipiis
1165 956 1359 1028 philosophiae
1376 973 1409 1011 ex
1426 957 1571 1028 Scriptura
1589 965 1723 1029 tanquam
1740 957 1852 1029 proprio
1879 964 1909 1014 et

207 1047 371 1104 Ambrosius
389 1044 555 1100 Catharinus
575 1045 604 1098 in
628 1061 725 1098 comm.
762 1043 824 1098 Gal.
850 1049 874 1098 2.
913 1047 958 1097 De
975 1061 1040 1112 quo
1067 1048 1160 1112 otnitp
1180 1043 1311 1099 scientiae
1329 1060 1397 1099 suae
1415 1043 1552 1114 principio
1571 1043 1641 1098 illud
1665 1060 1831 1116 cognoscere
1850 1062 1908 1100 non

205 1135 271 1191 libet
295 1135 353 1188 olio
378 1133 463 1202 Papa
488 1138 602 1201 praeter
626 1133 662 1185 B.
690 1131 804 1183 Petrum
830 1129 971 1183 conclusio
996 1129 1040 1182 sit.
1067 1129 1164 1201 possit,
1184 1130 1232 1186 scd
1251 1131 1317 1202 quia
1336 1132 1364 1185 in
1381 1130 1508 1186 examine
1523 1131 1560 1186 sd
1578 1147 1704 1185 normam
1722 1130 1908 1203 suiprincipii

207 1221 289 1276 Nihil
306 1219 434 1290 prohibet
451 1219 564 1286 Papam
586 1232 683 1269 errare
701 1216 784 1270 etiem
808 1216 838 1268 in
852 1217 912 1284 fide
937 1232 971 1268 oc
993 1216 1041 1269 de·
1068 1214 1213 1270 veritatem
1231 1217 1292 1286 ejus
1314 1215 1514 1272 animadvertit.
1547 1215 1656 1271 Gerson
1673 1216 1736 1272 libr.
1757 1223 1767 1272 1
1791 1217 1825 1273 ds
1841 1232 1907 1273 eon·

200 1310 301 1377 ficere,
328 1305 438 1360 ammei
463 1303 562 1357 novini
585 1304 702 1372 quntum
726 1304 878 1371 emptores
901 1303 966 1354 auci
987 1303 1042 1354 sint
1067 1301 1117 1356 sol.
1142 1301 1237 1357 Theoi.
1263 1319 1336 1373 pros.
1367 1306 1389 1356 1.
1433 1301 1511 1355 Siout
1535 1302 1677 1356 Naturam
1700 1304 1813 1371 qratia,
1836 1305 1909 1359 eieid

206 1394 361 1464 oppositum
380 1392 534 1458 defendere
550 1398 845 1460 proetercommunem
858 1405 966 1442 ameum
981 1390 1041 1442 Do·
1068 1389 1203 1442 ancillam
1237 1390 1351 1442 domino
1383 1396 1407 1441 et
1438 1388 1620 1458 auspitium
1650 1390 1806 1459 mipene,
1837 1391 1909 1445 desit

207 1489 320 1537 norom
364 1478 409 1533 De
433 1476 611 1532 conciliorum
634 1475 745 1530 statutis
768 1474 807 1530 sic
832 1474 916 1529 sentit
939 1474 1041 1530 Pauor·
1066 1482 1173 1544 tempus
1190 1475 1351 1542 amenitas,
1368 1475 1440 1527 sicut
1456 1474 1699 1529 conscientiarum
1713 1476 1908 1547 intellipeiitiu,

207 1566 328 1622 mitanas
347 1564 376 1618 in
394 1580 419 1620 c.
437 1560 605 1634 significasti
624 1568 691 1616 extr.
710 1561 745 1617 de
767 1561 901 1617 electione
923 1578 999 1617 num.
1017 1568 1041 1616 3.
1067 1562 1139 1615 sicut
1157 1561 1282 1615 visibilia
1296 1578 1342 1629 ca,
1367 1576 1439 1630 quae
1456 1577 1512 1613 non
1526 1561 1658 1614 cidennir
1668 1582 1679 1630 ,·
1702 1562 1745 1616 sic
1763 1564 1906 1633 tecoloqiu
1919 1571 1948 1612 ιι
1963 1567 1989 1613 tu

209 1652 366 1711 Concilium
377 1659 586 1721 poenierim,
603 1649 762 1703 sicutolios
775 1650 881 1702 errant
892 1657 940 1706 ete.
967 1650 1042 1702 Nam
1063 1648 1275 1718 philosophiam
1307 1655 1424 1717 superem
1456 1665 1542 1716 mam
1566 1666 1622 1702 non
1648 1649 1764 1718 om‘icit,
1797 1652 1849 1705 sed
1874 1653 1907 1705 in

206 1738 477 1796 inconvenientibus
490 1738 580 1805 fidem
602 1737 684 1790 etiam
703 1737 808 1790 dictum
832 1737 915 1789 unius
933 1736 1044 1806 priuati
1068 1735 1226 1805 obsequium
1243 1736 1333 1789 ninid.
1365 1736 1418 1788 Est
1436 1742 1528 1789 amen
1547 1735 1591 1789 lea
1604 1736 1908 1808 aeternitatibetordo,

207 1835 279 1882 esset
291 1824 515 1895 praeferendum
533 1822 608 1876 dicto
627 1823 741 1891 Papae,
769 1823 796 1874 si
815 1822 864 1876 ille
889 1831 1042 1876 moueretur
1068 1830 1098 1875 nt
1109 1840 1241 1892 suprema
1256 1822 1426 1890 iejerionim
1437 1822 1598 1890 junpantur
1615 1824 1657 1876 cd
1672 1823 1848 1893 superiorum
1864 1825 1908 1879 in·

179 1931 184 1938 ’
208 1912 368 1970 melioribus
387 1909 544 1965 rationibus
561 1909 593 1963 V.
606 1910 680 1963 etN.
696 1909 727 1964 Τ.
746 1926 830 1978 quoni
842 1910 948 1978 Papo:
983 1911 1042 1963 Nec
1059 1911 1143 1976 fimo.
1174 1909 1237 1964 libr.
1265 1914 1298 1980 3,
1328 1925 1410 1981 prosa
1429 1914 1453 1963 4.
1498 1909 1653 1978 lheolcpia
1683 1909 1909 1966 Christianorum

209 2001 306 2061 obstat,
326 1999 354 2051 si
366 1997 486 2065 dicatur,
505 1998 581 2065 quod
601 1997 749 2050 concilium
766 2003 822 2050 non
830 2000 923 2067 potest
937 2014 1042 2066 errare,
1063 1996 1262 2069 philosophice
1279 1996 1440 2065 dorminut,
1466 1997 1494 2049 si
1509 2012 1592 2051 cerm
1612 2005 1688 2061 nint,
1713 1999 1741 2050 si
1756 2007 1862 2066 rectae,
1881 2000 1910 2053 si

208 2088 276 2158 qnia
300 2084 426 2138 Utrum
450 2081 542 2137 orauit
558 2099 615 2150 pro
635 2082 751 2136 ecclesiis
769 2100 838 2149 sisa,
865 2091 895 2136 ut
919 2100 975 2138 non
995 2087 1041 2137 de-
1069 2084 1219 2149 imatores,
1239 2087 1387 2155 approbet,
1405 2093 1484 2138 mens
1503 2086 1542 2139 eis
1553 2086 1623 2154 jure
1640 2103 1690 2139 suo
1707 2094 1733 2139 et
1754 2086 1909 2141 catolicos

209 2177 316 2239 ficeret,
335 2170 402 2241 quia
420 2170 498 2236 dico,
526 2168 668 2238 quodlicet
687 2170 837 2224 concilium
854 2172 984 2237 qenerole
1000 2188 1043 2224 re·
1069 2171 1207 2240 reddena,·
1234 2171 1261 2224 si
1278 2171 1477 2224 tenemusi'ores
1496 2177 1574 2238 nint,
1591 2170 1749 2240 illuminat,·
1771 2173 1800 2225 si
1815 2173 1909 2226 sociis

205 2264 364 2331 praecedet
388 2264 474 2309 totam
497 2255 642 2310 eccleciam
665 2257 861 2326 unicmolem,
884 2264 989 2319 tomen,
1013 2259 1044 2312 in
1069 2258 1211 2311 moribus
1235 2259 1339 2312 mistus
1364 2264 1445 2324 sunt,
1471 2263 1587 2326 separat
1606 2259 1765 2327 preciosmn
1794 2277 1812 2312 a
1839 2259 1909 2328 eui,-

132 2390 135 2403 .
208 2347 332 2402 ueritate
350 2361 405 2397 non
431 2350 471 2396 est
493 2359 556 2396 vere
580 2343 747 2396 uniuersalis
772 2343 907 2411 coelecta,
933 2347 985 2398 sed
1001 2361 1044 2397 re-
1069 2344 1145 2402 illud
1160 2346 1287 2414 retinens,
1310 2346 1393 2399 uliud
1411 2344 1606 2399 extenuitate.

204 2429 518 2505 prominentiamque
541 2430 708 2483 uniuersalis
736 2430 853 2483 ecclesia
871 2430 1045 2483 camimum
1106 2437 1146 2488 24.
1166 2429 1910 2504 Praeposterumigitoreetconclusioneinlisleituu,

209 2539 242 2576 ee
260 2519 421 2574 collectione
439 2516 560 2569 omnmn
572 2515 718 2584 fidelium,
745 2518 819 2569 mide
837 2534 930 2570 omnes
942 2519 1045 2584 fideles
1070 2535 1103 2574 ex
1118 2518 1230 2590 proprio
1248 2518 1404 2590 theologiae
1430 2517 1566 2588 principio
1586 2517 1670 2573 videl.
1692 2533 1726 2571 ex
1750 2517 1835 2573 verbo
1851 2518 1909 2575 Dei

210 2607 285 2661 orbis
304 2603 472 2658 constitimnt
488 2602 570 2654 istam
589 2601 732 2655 eccleciam
754 2604 946 2671 satietatem,
965 2608 1045 2675 cujus
1071 2605 1219 2660 deductam
1231 2606 1429 2676 lidlloiptui,
1443 2622 1477 2660 ex
1488 2605 1578 2659 alieno
1590 2602 1727 2675 principio
1737 2620 1909 2676 oppugnare,

210 2700 294 2764 eaput
313 2699 339 2745 et
356 2706 472 2759 sporum
491 2697 531 2741 est
554 2688 613 2757 ipse
635 2689 774 2757 Christus,
800 2698 826 2743 et
848 2692 903 2744 ieta
926 2701 966 2745 est
990 2693 1044 2747 tlte
1070 2698 1098 2746 et
1114 2691 1167 2747 hac
1179 2693 1285 2747 unone
1295 2690 1449 2766 μετάβασιν
1465 2694 1504 2751 ele
1520 2688 1587 2744 tito
1601 2692 1690 2760 pisos,
1706 2689 1909 2762 sphilosophis

210 2777 336 2846 ecclesio,
356 2793 428 2846 qiioe
444 2791 541 2830 errore
558 2792 615 2827 non
628 2783 727 2844 potest.
767 2775 810 2831 De
828 2776 943 2831 Petrum
961 2777 1043 2833 dictis
1069 2777 1138 2847 ipsis
1153 2777 1336 2849 improbatam
1356 2776 1533 2832 committere.
1569 2776 1735 2848 Agnoscunt
1761 2776 1814 2832 hoc
1838 2785 1909 2833 diu·

210 2861 520 2922 sicdisseritBellarm.
540 2859 892 2918 nortmannicis.
925 2865 1043 2919 Petrum
1071 2868 1195 2932 ρητικῶς,
1221 2864 1269 2936 qui
1288 2882 1343 2919 non
1363 2863 1468 2934 ubique
1484 2862 1554 2916 illud
1572 2862 1720 2918 observant
1744 2867 1909 2935 πρακτικῶς.

209 2952 317 3022 sarpta
343 2967 398 3003 non
420 2956 485 3002 sunt
508 2947 639 3015 reputas,
666 2964 716 3001 nee
742 2949 841 3002 habent
868 2952 1045 3005 amariorem
1071 2950 1171 3006 Ssdeel
1190 2950 1220 3005 in
1242 2949 1329 3021 praei.
1353 2965 1468 3022 operum
1489 2948 1572 3004 theol.
1599 2948 1635 3004 de
1659 2947 1789 3004 methodo
1813 2949 1908 3020 dispu-

211 3037 356 3106 odtiqandi
372 3041 401 3091 et
417 3034 479 3091 libr.
499 3040 518 3088 3,
533 3033 568 3087 de
587 3034 662 3089 verb.
679 3033 733 3088 Dei
752 3051 776 3089 e.
798 3042 838 3090 to.
877 3035 944 3098 Qiiis
962 3048 1045 3106 nepai
1069 3036 1148 3092 tandi
1166 3038 1194 3091 in
1211 3036 1294 3093 theol
1312 3054 1339 3108 p.
1355 3043 1377 3091 1.
1403 3035 1471 3090 C'iim
1483 3034 1623 3102 theoloqio
1641 3035 1679 3089 rit
1702 3053 1791 3112 supra
1811 3054 1907 3092 omma

205 3133 305 3197 petrea
328 3122 457 3176 lobiam
475 3121 638 3174 emittentes
657 3122 761 3174 marim
779 3122 996 3193 interpretandi,
1020 3133 1046 3178 et
1070 3125 1218 3192 scientias,
1244 3141 1305 3178 eam
1328 3123 1430 3193 subjici
1447 3121 1602 3192 principiis
1622 3121 1828 3192 philosophicis
1850 3141 1909 3179 non

210 3220 302 3266 tamen
316 3209 487 3280 praecipuos
503 3223 597 3261 eorum
615 3207 712 3276 lapsos
721 3209 824 3275 finisse.
853 3209 898 3264 De
912 3210 1046 3266 ecclesiae
1071 3213 1193 3281 ineptum
1209 3212 1307 3277 modo,
1333 3227 1428 3263 uerum
1451 3209 1535 3264 mihin
1554 3208 1757 3277 iniquissimum
1779 3227 1814 3263 cc
1832 3211 1908 3266 i'ndi·

211 3296 409 3356 consuetudine
429 3295 538 3364 injure
556 3293 689 3348 canonico
709 3293 806 3349 disti
835 3295 936 3352 decret.
958 3297 1046 3353 inulta
1070 3299 1234 3368 qnissimum
1245 3305 1292 3351 est.
1320 3295 1399 3351 Idem
1416 3301 1466 3351 art
1480 3299 1552 3351 liet
1566 3293 1907 3368 lisbjuratetrespena.

211 3385 390 3440 adducuntur
407 3381 550 3452 praeclara
568 3387 691 3435 veterum
711 3380 786 3436 diets
804 3397 826 3435 c.
862 3381 987 3439 veritate
1011 3403 1044 3440 ex
1071 3405 1097 3457 p.
1120 3392 1177 3442 485.
1215 3386 1283 3439 ain
1310 3385 1458 3454 Scriptura
1484 3384 1521 3438 sit
1544 3401 1644 3438 noruia
1667 3383 1757 3439 omnis
1782 3386 1909 3441 edictis

211 3469 378 3542 Augustino.
419 3468 540 3523 Veritote
567 3468 750 3536 manffectota
774 3470 855 3522 cedat
879 3474 1044 3525 insuetudo
1071 3481 1096 3527 et
1114 3471 1264 3543 aequitatis
1281 3472 1311 3524 iri
1327 3472 1409 3524 remis
1426 3471 1468 3524 ad
1483 3471 1601 3524 almon
1615 3469 1826 3542 permeantis,
1840 3473 1908 3543 plli-

211 3557 331 3614 ueritati.
368 3555 460 3609 Plane
478 3555 540 3624 quis
558 3555 664 3608 dubitet
680 3555 795 3608 veritati
811 3557 958 3623 manifeste
982 3576 1044 3613 con·
1072 3559 1203 3629 losopliio
1231 3575 1263 3610 ee
1291 3556 1438 3626 Scriptus
1465 3555 1604 3610 metiendo
1630 3563 1687 3624 est,
1715 3575 1771 3611 non
1801 3568 1909 3617 eontra.

213 3644 385 3700 nundinam
403 3643 521 3695 cederet
547 3657 626 3694 nemo
645 3641 867 3695 conmnudimm
889 3645 997 3698 romoni
1019 3655 1046 3700 et
1072 3645 1171 3701 Petrus
1194 3644 1309 3715 Martyr.
1330 3643 1413 3697 class.
1434 3647 1463 3710 2,
1486 3641 1572 3698 locor.
1596 3656 1693 3698 comm.
1720 3659 1743 3696 c.
1767 3650 1794 3713 l,
1817 3641 1845 3720 ἦ.
1865 3651 1909 3702 25.

211 3731 324 3786 cerdati
338 3735 511 3800 praeponat,
538 3729 606 3797 quia
625 3728 849 3782 consuehidinem
865 3733 942 3783 ratio
959 3740 985 3785 et
1003 3751 1045 3786 ue·
1073 3734 1202 3786 Primum
1219 3732 1254 3784 id
1277 3732 1353 3800 quod
1379 3729 1459 3783 credi
1479 3728 1616 3796 commus,
1639 3730 1751 3784 ostedi
1773 3732 1852 3785 dedet
1876 3749 1910 3788 ea

211 3819 283 3872 ritas
308 3832 416 3885 seniper
442 3815 572 3869 excludit.
612 3808 722 3871 Confer.
750 3832 775 3871 c.
803 3814 1044 3875 Consuetudinem.
1071 3819 1162 3873 caen
1183 3818 1287 3883 litern,
1310 3817 1413 3870 deinde
1434 3815 1463 3868 si
1485 3815 1519 3868 id
1538 3815 1653 3884 assequi
1674 3833 1731 3870 non
1749 3834 1910 3887 possum,

212 3922 237 3960 o.
256 3902 311 3968 Qui
328 3906 475 3957 contemta.
492 3917 517 3955 o.
531 3899 653 3954 Frustra.
673 3918 696 3955 c.
717 3900 894 3957 &nsuetudo
906 3905 969 3961 dist.
983 3909 1045 3964 end,
1065 3907 1127 3973 fide
1144 3905 1271 3968 nitemur,
1290 3903 1428 3956 renonem
1446 3916 1615 3970 mponemus.
1654 3899 1761 3956 Suillio.
1784 3902 1819 3967 de
1842 3920 1909 3973 pur·

247 3996 289 4045 23.
319 3989 360 4043 Ex
387 3987 484 4043 eodem
502 3986 683 4042 fundamento
701 3988 856 4059 colligimus
875 3990 904 4044 in
923 3991 1045 4048 articulis
1071 3997 1128 4063 gat.
1143 3997 1238 4045 oontm
1251 3988 1381 4044 Bellsrm.
1398 4004 1422 4043 c.
1439 3993 1478 4056 18,
1497 4003 1525 4059 p.
1539 3992 1598 4044 242.
1633 3986 1785 4056 Oumfldes
1797 3999 1909 4060 superet

212 4075 281 4146 illis,
305 4074 354 4146 qui
371 4080 436 4128 sunt
452 4089 539 4144 purae
556 4071 620 4128 fidei
644 4080 672 4128 et
689 4091 780 4129 merae
798 4076 972 4132 revelationis
989 4097 1044 4135 non
1071 4078 1214 4141 rationem,
1234 4084 1260 4130 et
1275 4078 1349 4130 ratio
1366 4075 1396 4129 in
1413 4075 1518 4129 nemis
1533 4090 1616 4128 coeco
1627 4075 1672 4139 sit,
1691 4083 1716 4128 et
1722 4093 1829 4146 panim
1836 4095 1907 4148 pro-

212 4179 293 4235 posse
311 4179 344 4217 ex
362 4159 503 4231 principiis
521 4157 657 4215 humanae
676 4160 789 4215 rationis
809 4168 974 4233 argumenta
991 4165 1045 4222 for·
1070 4165 1181 4235 spicios,
1197 4163 1269 4218 nihil
1287 4162 1369 4216 uliud
1388 4162 1413 4215 h.
1431 4161 1451 4215 l.
1471 4159 1665 4216 Bellarminus
1686 4162 1754 4231 opit,
1774 4181 1859 4233 pion
1877 4172 1909 4220 ut

212 4249 282 4306 mari
307 4251 402 4304 conus
425 4243 594 4316 patefactam
617 4245 645 4299 in
668 4246 753 4302 verbo
775 4246 870 4303 divino
893 4251 1045 4323 veritatem,
1069 4252 1266 4322 purpotorium
1285 4267 1371 4313 enin,
1390 4249 1467 4319 quod
1485 4247 1718 4314 rationefuleire
1736 4249 1849 4320 sitdiu,
1867 4253 1910 4309 od

212 4352 264 4392 nec
288 4333 388 4391 debere
411 4332 559 4387 humanum
580 4332 715 4386 rationem
743 4333 860 4388 alterum
890 4335 1046 4409 theologiae
1065 4339 1154 4406 fldem
1173 4355 1230 4392 non
1239 4336 1382 4407 pertinere
1398 4337 1581 4402 demonstret,
1600 4341 1626 4388 et
1643 4342 1674 4391 ut
1690 4329 1774 4391 niani
1791 4337 1909 4413 casasq-

213 4418 380 4493 prinoipium
401 4434 459 4473 uns
477 4435 552 4473 cum
576 4418 743 4474 revelatione
773 4419 802 4473 in
830 4421 913 4477 verbo
942 4424 1045 4482 medita
1075 4433 1143 4491 mm,
1171 4424 1220 4494 qui
1236 4430 1317 4477 tauta
1335 4422 1395 4476 luce
1413 4422 1600 4490 circumfusio
1617 4422 1649 4476 in
1664 4388 1784 4481 lesem
1800 4423 1908 4494 heret,

170 4573 178 4588 ι
212 4507 303 4565 statui
322 4503 725 4576 Quamvisenimqsaedsmin
738 4505 878 4578 theologis
892 4509 1046 4576 mudantur,
1072 4510 1196 4566 omnibm
1209 4509 1312 4580 palum
1327 4507 1434 4575 faeiat
1469 4506 1617 4562 liornaeus
1645 4507 1675 4563 in
1700 4507 1817 4582 praeiet
1845 4507 1909 4567 libr.

213 4611 285 4666 quse
311 4611 344 4649 ex
369 4590 473 4646 lumine
499 4597 616 4647 nomiae
642 4597 670 4646 et
695 4591 808 4647 rationis
843 4595 1045 4665 quodaminodo
1072 4594 1272 4652 deEuchcrist.
1285 4613 1312 4665 p.
1327 4599 1367 4649 44.
1396 4594 1518 4647 ihomas
1531 4594 1687 4649 doctrinam
1703 4613 1784 4650 mom
1801 4596 1909 4652 ducam

213 4678 342 4752 cognosci
359 4677 475 4748 possint,
491 4683 584 4734 tamen
602 4678 638 4732 sd
655 4676 721 4733 iidei
738 4679 870 4750 mysteria
881 4681 991 4752 proprie
1004 4684 1046 4740 sie
1073 4685 1114 4736 ad
1132 4682 1309 4752 Scriptrm
1327 4678 1482 4747 restrinpit,
1507 4696 1591 4748 quain
1608 4681 1660 4735 hoc
1677 4682 1713 4736 ab
1730 4681 1793 4737 illie
1807 4682 1909 4737 omor-

214 4765 290 4824 dicta
313 4763 503 4836 pernoscenda
525 4763 645 4819 humana
668 4763 739 4818 ratio
763 4781 796 4819 ex
822 4765 878 4819 suis
904 4767 1047 4840 principiis
1072 4786 1152 4832 rens,
1170 4768 1220 4838 qui
1238 4784 1270 4821 ee
1283 4765 1496 4837 philosophice,
1517 4765 1673 4822 oliorumm
1690 4767 1910 4839 di'sciplinorum

214 4867 359 4924 mergere
377 4849 487 4925 nequit,
512 4854 541 4904 et
559 4864 741 4921 quaecunque
759 4857 953 4922 perustarum
980 4862 1047 4914 uota
1070 4855 1222 4926 principiis
1250 4853 1396 4924 disputare
1426 4853 1523 4908 uolunt
1551 4860 1649 4908 contra
1682 4854 1765 4911 illum
1800 4855 1910 4924 laquem

213 4938 243 4993 in
260 4935 401 5009 theologia
417 4935 572 5005 uaduntur,
592 4951 625 4990 ea
640 4953 696 4991 non
708 4935 818 5008 cogitur
831 4937 944 4996 aliunde
957 4958 1047 4998 emen-
1073 4941 1200 5010 sepulum
1220 4937 1259 5013 pri
1279 4943 1457 5013 ministrem
1478 4941 1516 4999 its
1533 4936 1619 5008 ἄλλον
1639 4942 1712 5008 tice,
1736 4942 1772 4995 ab
1791 4959 1849 4998 una
1868 4945 1911 4999 ud

214 5024 317 5094 dcere,
334 5023 384 5080 sed
403 5038 437 5078 ex
447 5021 559 5094 proprio
572 5039 622 5076 suc
640 5021 783 5093 principio,
801 5023 931 5082 videlicet
947 5045 981 5082 ex
992 5029 1046 5086 Dei
1074 5030 1163 5084 aliam
1178 5026 1323 5087 anemium
1339 5043 1373 5080 ne
1391 5035 1534 5094 tremens,
1559 5042 1621 5081 cum
1643 5029 1793 5083 amandum
1814 5045 1910 5087 unum

213 5109 297 5165 verbo
308 5107 479 5165 sufficienter
488 5124 522 5162 ea
529 5113 622 5180 potest
630 5109 825 5168 demonstrare.
845 5111 1047 5183 semermes,
1073 5115 1182 5184 lcpicm
1201 5131 1280 5168 amm
1298 5121 1395 5169 mitro
1412 5112 1594 5169 ratiocinatio
1611 5128 1627 5166 e
1647 5114 1801 5185 principiis
1825 5117 1910 5174 sidus

213 5200 279 5255 mot.
297 5200 320 5251 ³.
359 5195 474 5262 Artifss
492 5196 527 5250 ab
552 5196 667 5267 ortiticsv
685 5197 871 5267 quaestiones,
895 5201 1046 5271 enuntiata,
1073 5201 1205 5256 scientiae
1222 5201 1404 5269 timreinais,
1431 5217 1463 5254 ee
1479 5200 1523 5254 hie
1546 5200 1702 5256 corollario
1726 5203 1767 5256 od
1790 5205 1909 5260 eandm

214 5283 308 5354 effato,
327 5282 514 5337 mesimiana
532 5281 644 5352 duplici
659 5285 743 5339 modo
762 5284 872 5355 rcapti.
908 5287 981 5341 Unus
999 5295 1046 5356 eet,
1071 5287 1243 5359 postmodo
1263 5290 1401 5347 deducere
1417 5288 1516 5345 iisdem
1532 5286 1596 5344 libi.
1615 5293 1630 5344 ³
1651 5288 1686 5345 de
1703 5289 1795 5346 aselii
1807 5289 1910 5350 minse

214 5386 275 5425 cum
293 5368 441 5434 inferioris
461 5367 582 5436 coquitio
595 5369 702 5438 pendet
720 5370 830 5425 omnino
857 5389 876 5426 a
894 5373 1047 5444 principiis
1075 5392 1099 5430 c.
1122 5379 1167 5444 111,
1192 5393 1220 5446 p.
1240 5380 1312 5432 1123.
1353 5376 1509 5435 Hmnmi
1527 5376 1651 5432 rationes
1680 5376 1711 5430 in
1734 5377 1908 5449 theolapi'eis,

212 5455 381 5526 asperioris,
403 5457 480 5526 quod
500 5456 533 5525 fii
554 5456 583 5508 iu
608 5457 731 5512 scientiis
752 5457 927 5514 nocturnis.
963 5459 1047 5515 Alius
1077 5460 1109 5514 s'n
1124 5463 1205 5519 redite
1217 5461 1321 5523 diuinis
1334 5461 1700 5541 nou-mitteut'ps'endom
1717 5479 1804 5534 matu
1816 5465 1908 5536 juis-
