3984 6022
581 251 634 307 nn
652 247 898 309 smcmssnao
916 248 1136 309 rmmrsms
1152 206 1353 309 1111111111.
1680 231 1693 306 Γ
1756 257 1816 315 aas

131 423 180 462 seu
204 412 376 462 sacramenta
397 405 546 462 instituere.
588 406 662 464 Vide
688 405 814 478 pluribus
836 403 865 459 id
889 421 963 460 com·
990 411 1033 460 ret
1051 422 1085 460 ac
1101 409 1215 461 renovet
1231 404 1268 460 ad
1288 405 1374 460 vitam
1391 406 1531 461 aeternam
1549 419 1582 458 ac
1601 401 1669 459 velit
1685 406 1714 459 11
1730 401 1759 458 in
1770 421 1817 474 po

131 493 278 564 probatum
302 492 331 547 in
349 494 399 547 lec.
425 492 461 549 de
480 492 598 548 Sacram
621 490 649 569 ξ.
672 498 713 549 16.
743 492 901 563 Baptismus
921 497 964 546 est
989 496 1092 547 aterum
1109 509 1169 546 esse
1187 508 1268 545 suum
1279 491 1412 563 templum
1429 508 1463 546 ac
1479 489 1677 558 habitaculum,
1696 489 1744 561 qui
1757 505 1817 544 sen·

130 584 331 633 sacramentnm
353 578 464 649 proprie
481 578 597 647 dictum,
623 578 689 650 quia
705 578 791 634 habet
808 577 901 633 omnia
922 593 962 632 re
990 591 1036 631 sus
1059 576 1141 648 hujus
1163 577 1293 649 phraseos
1317 577 1456 649 colligitur
1477 594 1511 632 ex
1529 576 1769 644 11111.9,1.39.
1791 582 1819 630 et

131 664 235 736 quisita
258 663 368 735 proprie
395 664 463 719 dicti
486 666 665 735 sacramenti,
693 666 772 721 adest
798 664 1023 744 elementumpex
1049 663 1109 718 aliis
1136 663 1294 733 Scripturas
1318 662 1394 720 locis.
1436 660 1599 718 0111111111
1624 660 1728 716 dietum
1753 679 1817 733 apo

132 757 288 814 externum,
314 749 394 806 adest
415 749 530 806 verbum
554 752 689 820 mandati,
719 751 797 807 adest
818 749 962 822 promissio
988 749 1052 804 stoli
1080 756 1102 805 1.
1120 748 1241 807 Corinth.
1261 756 1291 814 b,
1313 768 1337 804 1.
1358 754 1401 805 11:
1426 749 1527 803 Abbati
1545 749 1624 815 estis,
1650 748 1819 818 sanctificati

130 835 390 908 gratiaeevangelii
407 836 542 908 propriae,
559 853 649 908 neque
667 837 815 909 quicquam
827 835 962 891 nominari
989 837 1063 903 estis,
1077 836 1231 905 jmuflsau·
1243 836 1310 890 estis
1329 837 1359 890 iu
1377 836 1486 890 samiae
1505 835 1625 890 Domini
1641 834 1733 888 uestri
1747 835 1818 888 Jesu

128 927 234 994 potest,
259 921 333 993 qnod
350 922 387 977 ad
405 927 607 978 sacramentum
623 924 734 994 proprie
750 924 854 979 dictum
871 920 962 993 requi·
989 921 1096 975 Cisristi
1121 928 1148 975 et
1174 921 1204 975 iu
1229 922 1340 992 Spiritu
1363 923 1434 976 Dei·
1448 923 1551 985 111111,
1578 938 1612 976 ex
1634 937 1688 992 quo
1709 926 1818 976 constat

130 1013 221 1075 ratur,
241 1006 315 1078 quod
332 1024 389 1063 non
406 1008 481 1063 adsit
498 1008 527 1063 in
545 1008 693 1079 baptismo,
720 1016 752 1064 ut
768 1009 843 1064 alibi'
853 1007 961 1079 plenius
987 1006 1087 1079 primo,
1098 1007 1128 1061 in
1141 1006 1252 1063 nomine
1264 1006 1367 1062 Christi
1378 1007 1514 1080 baptisari
1525 1024 1586 1062 esse
1597 1006 1678 1076 idem,
1698 1007 1771 1077 quod
1788 1006 1818 1061 in

129 1095 251 1149 docetur.
286 1092 361 1165 Ergo
387 1093 555 1164 baptismum
580 1094 725 1150 instituere
748 1100 790 1150 eet
807 1095 890 1150 solius
909 1093 962 1149 Dei
989 1093 1091 1148 virtute
1109 1098 1137 1148 et
1160 1093 1257 1150 merito
1275 1092 1376 1149 Christi
1395 1109 1412 1148 a
1432 1093 1553 1165 peremis
1571 1092 1656 1148 ablui.
1692 1091 1818 1148 Secundo

130 1179 280 1252 proprium.
327 1179 440 1234 Minoris
469 1180 582 1248 veritas,
611 1179 686 1250 quod
716 1179 846 1235 videlicet
869 1179 960 1246 Pater,
988 1178 1127 1233 Christum
1153 1185 1182 1235 et
1199 1179 1331 1251 Spiritum
1357 1197 1378 1233 s.
1405 1196 1461 1234 non
1488 1179 1578 1232 minus
1602 1195 1662 1234 esse
1678 1182 1817 1233 auctorem

130 1264 218 1320 Filius
241 1283 274 1320 aa
294 1265 412 1338 Spiritus
438 1284 458 1320 s.
486 1265 654 1338 baptismum
679 1265 859 1335 instituerint,
886 1272 962 1337 patet
988 1271 1097 1320 nostrae
1130 1266 1289 1333 ablutionis,
1317 1264 1541 1320 sanctificationis
1560 1271 1589 1321 et
1614 1264 1818 1336 justificationis

130 1368 164 1407 ex
181 1357 266 1407 textu.
301 1351 336 1407 In
353 1355 433 1424 cujus
452 1353 562 1408 nomine
580 1353 733 1424 baptismus
750 1351 962 1418 administratur,
988 1367 1071 1422 quam
1090 1351 1210 1406 Patrem.
1238 1351 1331 1408 Tertio
1353 1368 1424 1419 enm,
1444 1351 1491 1422 qui
1512 1367 1563 1423 per
1581 1349 1750 1421 baptismum
1767 1367 1818 1405 nos

129 1439 166 1493 ab
193 1455 225 1493 eo
248 1437 331 1494 etiam
355 1438 509 1509 baptismus
534 1445 576 1493 est
593 1438 735 1493 institutus
758 1454 792 1492 ac
810 1437 962 1497 mandatus.
988 1437 1084 1508 abluit,
1106 1456 1166 1494 esse
1182 1439 1264 1494 etiam
1279 1437 1486 1510 justificationis
1499 1454 1610 1493 eausam
1626 1436 1816 1508 principalem.

132 1523 188 1580 Sed
205 1524 234 1579 in
251 1524 362 1580 nomine
380 1523 479 1592 Patris,
498 1525 564 1579 Filii
583 1530 612 1579 et
630 1523 749 1595 Spiritus
768 1542 790 1580 s.
809 1523 962 1595 baptismus
987 1524 1079 1589 Quare
1112 1542 1175 1580 cum
1205 1525 1277 1581 Filio
1306 1530 1335 1580 et
1366 1523 1480 1595 Spiritui
1512 1543 1535 1580 s.
1566 1523 1704 1579 tribuatur
1733 1524 1817 1595 prius,

132 1609 347 1665 administratur.
382 1609 464 1681 Ergo.
500 1609 634 1682 Maj0rem
656 1609 862 1681 comprobatam
885 1608 960 1664 dedi·
987 1610 1122 1680 posterius
1143 1611 1181 1667 eis
1201 1613 1332 1684 denegari
1350 1611 1454 1683 nequit.
1484 1609 1650 1666 iustificatio
1668 1617 1760 1666 autem
1776 1616 1819 1666 est

129 1713 190 1751 mus
208 1696 237 1750 in
254 1697 306 1750 loc.
325 1695 360 1750 de
377 1694 453 1766 bapt
472 1702 501 1751 et
519 1696 651 1753 Hermon.
670 1714 769 1751 resurr.
790 1696 817 1752 d.
830 1695 848 1749 l
861 1692 962 1748 Confer
989 1712 1057 1778 opus
1069 1696 1154 1752 solius
1168 1697 1226 1752 veri
1234 1697 1298 1767 Dei,
1317 1705 1348 1752 ut
1366 1701 1482 1752 constat.
1512 1696 1553 1750 Ex
1573 1695 1673 1767 quibus
1692 1696 1818 1752 omnibus

128 1781 961 1850 Ει.5,1.23.1)111.18,1.20.Μ1111.18,211.1011111111.
988 1780 1026 1834 sic
1052 1781 1210 1850 inserimus:
1247 1783 1301 1849 Qui
1324 1782 1497 1854 baptizatum
1521 1782 1549 1837 in
1572 1781 1691 1853 gratiam
1712 1782 1818 1854 recipit,

129 1869 251 1922 Possunt
273 1868 358 1923 etiam
380 1867 435 1922 hnc
452 1867 549 1924 referri
565 1867 642 1923 dicta
660 1866 830 1939 Scripturas,
856 1866 886 1920 in
902 1865 960 1938 qui-
987 1865 1085 1922 ioedus
1108 1868 1215 1939 gratiae
1238 1885 1300 1923 cum
1324 1868 1385 1939 ipso
1408 1868 1473 1937 init,
1499 1886 1517 1922 a
1537 1867 1658 1939 peccatis
1683 1867 1927 1930 1111111111111.

128 1952 181 2009 bns
200 1953 308 2025 phrasis
328 1953 358 2008 iu
375 1956 413 2023 τῷ
433 1951 549 2026 ὀνόματι
574 1953 712 2026 significat
729 1955 758 2007 iu
780 1960 918 2022 potestate
936 1959 961 2005 et
987 1951 1117 2008 heredem
1138 1951 1212 2008 ritae
1229 1959 1358 2009 aeternae
1375 1953 1485 2023 scribit,
1509 1953 1556 2009 ille
1572 1959 1615 2008 est
1632 1969 1713 2008 verus
1729 1954 1814 2010 Deus.

129 2043 238 2095 uirtute.
257 2041 356 2098 Matth.
375 2048 399 2110 1,
419 2043 447 2095 1.’
465 2047 506 2098 12.
528 2040 589 2096 Act.
607 2047 632 2106 3,
651 2060 677 2098 v.
697 2047 721 2098 6.
742 2043 960 2109 1.1,1.1.111.ς
987 2037 1068 2094 Ratio
1089 2044 1143 2107 eat,
1170 2037 1236 2109 quia
1252 2037 1320 2094 haec
1339 2039 1430 2094 omnia
1449 2039 1532 2094 simul
1548 2045 1639 2094 sumta
1658 2045 1818 2110 competunt

129 2126 195 2197 quia
218 2128 291 2182 enirn
307 2127 407 2195 Pater,
432 2125 519 2181 Filius
538 2133 567 2182 et
585 2124 702 2197 Spiritus
720 2144 742 2180 s.
761 2130 961 2180 sacramentum
987 2142 1042 2178 non
1060 2124 1269 2192 instrumentali,
1282 2124 1331 2179 sed
1347 2123 1494 2195 principali
1507 2142 1540 2179 aa
1558 2124 1705 2196 primariae
1721 2125 1818 2182 salutis

127 2212 306 2285 baptistieum
327 2212 520 2276 instituerunt,
546 2212 609 2268 ideo
634 2210 715 2267 etiam
736 2227 786 2282 per
806 2210 877 2265 illud
904 2209 961 2265 effi·
988 2215 1098 2264 nostrae
1115 2227 1231 2280 causae,
1250 2228 1321 2283 quae
1339 2218 1380 2267 est
1396 2211 1471 2266 solus
1489 2210 1567 2265 Deus
1583 2211 1648 2268 Eae.
1669 2216 1758 2279 13,1.
1778 2217 1822 2268 11.Ι

128 2299 232 2354 caciter
250 2299 287 2354 ad
305 2298 422 2354 salutem
438 2297 574 2368 bapitzati
591 2303 741 2368 operantur
755 2295 961 2352 ethacratione
988 2314 1011 2350 c.
1032 2301 1073 2361 15,
1090 2298 1117 2351 t.
1136 2302 1177 2352 st.
1206 2296 1315 2353 Hoseae
1335 2304 1400 2366 1,1.
1418 2303 1441 2351 1.
1462 2303 1513 2352 etc.
1550 2295 1615 2352 Vid.
1634 2296 1688 2355 loe.
1704 2296 1740 2352 de
1757 2297 1818 2353 Deo

128 2385 158 2439 in
175 2384 293 2453 nomine,
310 2383 340 2438 id
359 2388 408 2453 est,
426 2383 527 2438 virtute
546 2400 580 2437 ac
597 2389 734 2454 potestate
753 2382 847 2437 divina
862 2371 962 2450 Patris,
987 2381 1071 2436 Patre
1094 2388 1122 2436 et
1147 2381 1219 2438 Filio
1242 2378 1270 2456 ξ.
1298 2387 1352 2438 113.
1389 2381 1627 2448 Quemadmodum
1648 2381 1819 2438 circumcisio

129 2470 195 2526 Filii
221 2476 249 2525 et
269 2468 387 2541 Spiritus
410 2488 431 2524 s.
455 2469 609 2539 baptismus
632 2468 787 2538 confertur3
807 2469 960 2522 11111111-
988 2465 1186 2522 uvaurae.
1205 2466 1471 2523 eratioedusinter
1493 2484 1588 2523 verum
1605 2466 1697 2523 Deum
1722 2473 1750 2524 11
1771 2467 1818 2525 he
1901 2489 1903 2493 ’

128 2558 232 2611 timeam
257 2556 317 2610 Dei
339 2572 423 2624 super
448 2555 624 2624 baptisatam.
664 2558 727 2623 Epo
753 2564 779 2609 te
801 2554 909 2624 baptiso
932 2553 961 2605 ia
988 2552 1089 2608 minem
1108 2553 1299 2609 circumcisum
1317 2553 1417 2610 Genea.
1436 2559 1480 2624 11,
1502 2572 1528 2608 1.
1548 2560 1578 2624 1,
1600 2553 1640 2610 ita
1657 2553 1819 2626 baptismus,

129 2644 240 2698 momine
262 2643 361 2696 Patris
387 2650 413 2695 et
429 2641 504 2696 Filii
523 2649 549 2695 et
567 2641 693 2711 Spiritus
712 2661 743 2706 1.,
767 2641 794 2695 h.
818 2657 841 2696 e.
864 2639 961 2694 invoco
988 2638 1036 2709 qui
1053 2638 1082 2693 in
1100 2638 1171 2697 Nor.
1189 2640 1310 2695 Teutam.
1328 2640 1461 2696 successit
1479 2639 1615 2696 inlocum
1635 2640 1818 2696 circumcisio

128 2745 213 2800 super
234 2728 307 2783 hanc
329 2727 460 2799 baptismi
484 2744 586 2799 aquam
609 2744 710 2783 nomen
730 2727 822 2783 Patris
846 2743 879 2780 ae
897 2724 961 2779 Filii
987 2723 1173 2796 11110112,
1196 2730 1294 2794 1.11),
1321 2733 1362 2783 est
1378 2726 1476 2783 foedus
1498 2727 1605 2798 gratim
1628 2726 1700 2782 inter
1723 2745 1819 2784 verum
1890 2770 1896 2781 .

129 2822 159 2872 et
176 2813 295 2886 Spiritus
311 2833 342 2879 1.,
362 2819 394 2869 ut
410 2814 440 2868 in
456 2815 509 2869 hac
528 2814 670 2871 1111111111
688 2831 718 2869 se
736 2812 961 2882 mandatajuxta
987 2811 1078 2867 Deum
1105 2817 1132 2868 et
1158 2810 1295 2868 hominem
1319 2813 1506 2885 baptizatum,
1534 2813 1609 2868 unde
1636 2829 1654 2868 a
1675 2814 1711 2869 D.
1735 2814 1819 2870 Petro

128 2900 329 2956 institutionem
347 2915 380 2954 ac
400 2898 608 2970 promissionem
633 2916 711 2954 suam
729 2898 801 2954 adsit
825 2904 907 2969 teque
931 2897 960 2951 in
987 2898 1172 2968 pulcherrima
1184 2888 1369 2970 appellatibne
1384 2905 1500 2954 vocatur
1517 2898 1698 2968 causabimur
1711 2898 1820 2970 ἀγαθῆς

127 2988 246 3060 gratiam
264 2985 395 3056 recipiat,
425 2986 472 3056 qui
492 3001 588 3040 sensus
600 2986 689 3059 hujus
707 2985 838 3056 phraseos
855 2982 960 3054 colligi-
988 2984 1148 3055 ἐπερώτημα
1174 2991 1197 3040 1.
1221 2985 1309 3057 Epist.
1337 2991 1367 3055 3,
1390 3004 1416 3039 1.
1440 2992 1480 3042 21.
1515 2985 1602 3058 Cujus
1624 2985 1818 3057 appellationis

128 3081 175 3129 tur
194 3089 226 3129 ex
253 3080 274 3128 1.
293 3071 366 3127 Sam.
387 3078 431 3136 11,
451 3090 475 3126 v.
496 3078 537 3127 15.
563 3077 587 3127 2.
605 3072 678 3128 Sam.
697 3078 726 3140 6,
744 3089 769 3125 1.
790 3075 828 3126 18.
851 3076 872 3125 1.
890 3068 960 3141 Reg.
987 3072 1120 3126 rationem
1138 3072 1178 3126 sic
1198 3072 1322 3128 declarat
1337 3071 1372 3126 D.
1391 3072 1529 3128 Chemnia.
1559 3072 1589 3126 in
1614 3071 1710 3126 Herm.
1730 3089 1754 3127 1.
1777 3078 1817 3140 11,

131 3163 346 3229 18,1.22.111.
373 3157 415 3211 Ex
433 3175 465 3213 eo
482 3158 522 3212 sia
539 3157 702 3228 colligimus.
737 3156 792 3222 Qui
810 3156 960 3221 invocatur,
987 3176 1014 3229 p.
1038 3163 1082 3214 lb:
1113 3157 1232 3221 Quaado
1252 3159 1282 3212 ia
1306 3159 1361 3213 Vct.
1384 3160 1503 3214 Testem.
1521 3158 1551 3211 iu
1575 3175 1644 3212 1111
1664 3158 1761 3228 aliquo
1786 3178 1817 3214 as

128 3252 161 3301 ut
178 3244 350 3315 baptizatum
376 3243 404 3298 in
429 3243 546 3313 gratiam
562 3243 679 3314 recipiat
693 3260 727 3298 ao
742 3240 897 3313 spiritualia
914 3241 960 3296 be·
988 3244 1107 3298 Domini
1116 3245 1375 3313 iatesropabaut,ut
1388 3246 1459 3298 certi
1471 3246 1665 3312 redderentur,
1678 3246 1816 3313 memorio

127 3330 236 3400 reficis,
254 3329 326 3385 inter
343 3346 415 3402 quae
430 3335 472 3383 est
483 3329 556 3384 vitae
568 3336 697 3385 11111111
707 3328 853 3398 heredites,
871 3327 960 3383 eidem
988 3333 1068 3385 Deus
1086 3332 1115 3384 iu
1134 3332 1188 3385 tati
1204 3348 1271 3385 casu
1289 3333 1403 3402 affectus
1422 3339 1491 3385 esset
1509 3348 1577 3398 erpa
1594 3330 1690 3401 ipsos,
1712 3329 1819 3387 Graeci

127 3417 267 3488 conferat,
286 3417 310 3472 is
328 3422 370 3472 est
387 3434 468 3472 verua
484 3415 571 3486 Dens,
591 3417 658 3489 qnia
675 3415 803 3491 religiosa
821 3415 960 3470 invocatio
986 3434 1094 3486 semper
1110 3425 1248 3487 murpaat
1267 3418 1377 3502 uerbum
1395 3418 1535 3492 insparsis
1553 3418 1583 3471 iu
1609 3423 1694 3493 κυρίῳ
1719 3424 1747 3475 et
1769 3418 1816 3474 dui

128 3512 173 3562 est
197 3504 289 3559 cultus
312 3502 363 3558 soli
380 3500 440 3557 Deo
464 3501 586 3572 debitus,
611 3502 686 3573 quod
710 3501 845 3571 probatur
868 3519 901 3556 ex
919 3517 959 3569 1ο,
987 3509 1091 3578 κυρίου.
1120 3504 1283 3573 Baptismus
1298 3504 1385 3572 ipitur
1403 3513 1442 3558 est
1459 3504 1648 3574 iatemopats'o,
1670 3522 1727 3575 pua
1744 3506 1818 3560 iuter

129 3591 197 3665 quia
220 3589 376 3662 religiosam
399 3587 587 3643 adorationem
603 3588 680 3643 Deua
706 3587 760 3642 sibi
784 3587 834 3641 seli
855 3587 895 3641 ita
912 3586 959 3641 tri·
986 3590 1116 3644 DEUM
1134 3597 1159 3643 et
1177 3598 1368 3658 peccatorem,
1394 3591 1444 3660 quei
1466 3591 1641 3660 baptisatur,
1667 3592 1762 3660 apium
1782 3593 1818 3647 de

127 3678 199 3748 buit,
215 3684 249 3732 ut
265 3674 392 3732 omnibus
410 3672 471 3729 11111
489 3679 565 3729 extre
581 3691 611 3728 se
628 3673 787 3745 simpliciter
804 3689 865 3729 eam
882 3672 959 3728 dero·
987 3677 1059 3730 bora
1078 3677 1245 3730 couscientia
1263 3694 1332 3745 erpa
1348 3676 1476 3732 DEUM
1485 3684 1604 3746 propter
1618 3675 1768 3747 canuam,
1785 3678 1820 3732 id

126 3763 354 3836 8111111111.
377 3767 415 3817 13.
437 3760 512 3831 (cum
532 3778 587 3833 quo
605 3760 700 3817 oonier
716 3760 814 3816 Matth.
833 3766 857 3826 1,
879 3779 903 3816 v.
921 3765 959 3816 10.
987 3770 1040 3832 est,
1072 3765 1208 3833 promocio
1236 3764 1316 3816 Deus
1342 3779 1408 3829 erpa
1434 3763 1603 3833 baptizatum
1630 3764 1747 3834 affectus
1772 3765 1817 3833 sit,

126 3847 959 3919 1111118,11111111111111111111)111111.13,1.21.
987 3851 1058 3919 quid
1074 3851 1242 3904 eomeieatia
1265 3850 1401 3920 baptisati
1423 3853 1458 3904 aie
1480 3852 1575 3919 pratia
1594 3851 1653 3904 Dei
1675 3851 1731 3904 sabi
1748 3869 1817 3922 pra-

126 3935 540 4004 Ρ1.50,1.15.Ρ1.81,1.1.
564 3933 754 4002 1111118.
776 3939 958 3998 1.18,1.11.
986 3939 1093 3994 mutere
1120 3939 1224 3991 debeat.
1269 3936 1334 3993 dam
1363 3936 1501 3992 subsumo.
1544 3936 1644 4007 Pater,
1674 3936 1763 3992 Filius
1788 3944 1818 3994 et

127 4024 217 4096 Apoe.
246 4023 289 4085 18,
313 4038 337 4075 1.
362 4027 386 4077 8.
415 4039 440 4076 1.
458 4027 503 4090 22,
528 4039 554 4078 v.
574 4025 598 4075 9.
639 4019 747 4076 Confer.
775 4021 826 4076 loe.
848 4021 883 4076 de
900 4021 960 4076 Deo
986 4024 1104 4094 Spiritus
1122 4042 1141 4079 s.
1162 4023 1332 4094 baptizatum
1351 4026 1380 4078 in
1402 4023 1520 4096 gratiam
1544 4023 1696 4094 recipiunt,
1718 4023 1816 4080 foedus

125 4111 213 4166 Patre
230 4113 258 4163 et
274 4107 346 4163 Filio
369 4105 396 4183 ξ.
417 4113 473 4163 121.
503 4108 568 4164 «Iam
588 4107 728 4163 subsumo.
754 4106 853 4178 Pater,
872 4107 960 4162 Filius
986 4110 1092 4182 gratiae
1111 4127 1173 4164 cum
1195 4111 1255 4180 ipso
1272 4110 1376 4177 ineunt,
1395 4117 1447 4166 etc.
1480 4110 1556 4182 Ergo
1574 4108 1665 4178 Pater,
1683 4109 1772 4164 Filius
1789 4116 1818 4165 et

129 4201 161 4251 et
180 4192 296 4263 Spiritus
316 4212 337 4248 s.
357 4194 534 4262 invocantur,
555 4200 586 4248 ut
604 4192 775 4264 baptizatum
793 4192 822 4248 in
841 4192 960 4266 gratiam
987 4195 1106 4268 Spiritus
1124 4214 1144 4250 s.
1171 4204 1236 4250 sunt
1254 4213 1327 4251 unus
1351 4214 1432 4252 verus
1448 4196 1533 4251 Deua.
1569 4195 1684 4250 Tertull
1707 4195 1755 4250 lib.
1781 4196 1817 4252 de

125 4278 266 4350 recipiant
283 4296 316 4334 ae
334 4280 490 4351 spiritualia
507 4279 658 4348 beneficia,
685 4280 758 4334 inter
774 4297 846 4352 quae
863 4280 959 4335 11111-
985 4282 1060 4352 bapt
1086 4299 1109 4336 1.
1132 4288 1163 4338 b:
1187 4283 1276 4336 bidus
1300 4282 1446 4350 abaipnata
1469 4282 1500 4335 ia
1523 4281 1610 4334 Patre
1637 4287 1663 4333 et
1689 4280 1767 4334 Pilio
1791 4290 1817 4336 et

124 4374 173 4423 tae
186 4371 314 4422 aeternae
331 4365 477 4433 hereditas,
496 4367 586 4423 eidem
599 4366 750 4435 conferant,
769 4371 959 4422 utostensum.
988 4367 1097 4437 Spiritu
1124 4387 1146 4424 s.
1175 4369 1343 4422 ablutionem
1367 4369 1533 4440 delieterum
1557 4367 1696 4436 impetrat.
1739 4368 1816 4421 Nam

127 4452 214 4524 lirgo.
248 4455 275 4506 3.
299 4453 529 4520 Testificatieuem
551 4455 719 4520 defoedare
739 4454 858 4521 pretias,
886 4453 960 4524 quod
985 4455 1012 4506 si
1034 4454 1064 4507 iu
1089 4455 1176 4507 tribus
1202 4454 1314 4507 teatibare
1342 4455 1425 4507 stabit
1452 4471 1530 4507 omae
1556 4453 1683 4521 1111111,
1699 4461 1815 4522 «111111

126 4539 204 4594 Deus
223 4537 275 4592 init
290 4555 353 4593 cum
369 4537 520 4609 baptizato.
555 4541 618 4608 Epo
637 4548 663 4592 te
679 4540 786 4608 baptizo
804 4540 834 4592 ia
851 4540 960 4593 aomina
986 4540 1082 4608 mapis,
1101 4541 1167 4592 dum
1183 4540 1314 4593 babemus
1327 4556 1382 4608 per
1406 4539 1619 4593 benedictionem
1639 4541 1751 4592 eosdem
1769 4556 1816 4593 ar·

126 4625 239 4688 Patria,
264 4625 334 4678 Filii
354 4642 389 4678 ae
409 4624 534 4693 Spiritus
552 4645 573 4678 1.
594 4624 646 4680 hoc
664 4631 721 4693 est,
742 4642 794 4696 ego
812 4625 961 4681 solenniter
985 4628 1072 4680 bitror
1082 4627 1157 4694 fidei
1173 4634 1198 4679 et
1215 4643 1363 4696 sponsores
1375 4626 1484 4695 salatia,
1500 4625 1608 4695 sufficit
1625 4626 1667 4679 ad
1676 4626 1817 4695 fiduciam

125 4709 260 4767 8111111111·
278 4716 307 4765 et
324 4709 470 4778 confirmo,
490 4710 565 4782 quod
583 4710 652 4765 haec
670 4727 756 4782 aqua,
775 4727 859 4781 super
877 4728 959 4782 quam
984 4715 1045 4783 spei
1062 4720 1173 4767 metrae
1193 4719 1219 4764 et
1236 4729 1366 4765 uumerus
1384 4711 1542 4765 divisarum
1557 4712 1705 4766 romaum.
1742 4710 1817 4767 Soci-

125 4814 229 4854 nomen
244 4795 297 4852 Dei
312 4797 393 4868 juxta
409 4796 496 4867 ipsius
519 4795 716 4852 institutionem
734 4804 776 4851 est
795 4797 960 4863 invocatum,
984 4817 1036 4854 nus
1051 4799 1079 4853 in
1098 4796 1224 4867 explieat.
1239 4798 1321 4852 locor.
1336 4797 1434 4870 Script
1447 4816 1474 4869 p.
1489 4803 1529 4855 st.
1542 4799 1573 4851 ia
1586 4799 1697 4852 nomiae
1710 4797 1817 4853 Otrtstt

125 4902 183 4939 non
205 4883 243 4937 111
268 4881 344 4937 nuda
368 4887 396 4937 et
417 4882 531 4951 simplex
550 4898 638 4953 aqua,
665 4882 714 4937 sed
733 4883 852 4938 salutare
870 4899 958 4938 sacra·
980 4884 1150 4955 praedicari
1161 4885 1364 4953 poeaitentiam
1382 4893 1407 4938 et
1423 4884 1612 4938 remissionem
1625 4893 1815 4954 peccatorum,

126 4976 265 5036 mentum,
291 4985 354 5023 cum
379 4968 414 5023 sit
435 4984 509 5038 aqua
534 4968 617 5022 verbo
634 4966 688 5023 Dei
711 4967 908 5038 comprehensa
931 4975 960 5025 11
985 4979 1024 5025 est
1044 4971 1152 5025 Christo
1171 4971 1233 5040 iprae
1251 4971 1285 5024 id
1298 4978 1464 5040 praestante
1482 4978 1507 5023 et
1521 4970 1691 5040 perficiente.
1728 4970 1814 5044 (Ergo

125 5055 314 5124 sanctificata,
342 5070 375 5109 ac
399 5054 513 5125 proinde
536 5054 619 5109 etiam
644 5054 788 5120 testificor,
813 5057 887 5127 quod
910 5075 959 5128 per
985 5057 1067 5112 etiam
1085 5056 1114 5110 in
1139 5056 1248 5110 nomine
1271 5055 1374 5111 Christi
1394 5055 1532 5128 baptizari
1554 5061 1597 5112 eat
1620 5054 1730 5112 Christo
1753 5056 1814 5128 ipso

125 5141 291 5198 affusionem
315 5139 399 5212 hujus
418 5157 506 5212 aquae
530 5140 559 5194 in
577 5141 687 5196 nomine
706 5147 895 5197 sacrosanctae
912 5145 959 5198 tri-
984 5151 1012 5199 et
1020 5147 1177 5214 praestante
1187 5149 1214 5198 et
1227 5141 1385 5214 perficiente
1395 5141 1531 5212 baptizari
1545 5147 1574 5196 et
1583 5158 1634 5213 per
1645 5141 1815 5213 baptismum
1867 5200 1873 5215 ,

125 5228 223 5284 nitatis
246 5227 350 5283 iactam
367 5227 453 5282 Pater
475 5226 591 5299 recipiat
614 5233 642 5282 te
666 5228 695 5281 in
720 5228 839 5298 gratiam
860 5235 888 5284 et
915 5247 959 5285 ac-
984 5229 1144 5285 coelestium
1161 5228 1295 5284 bonorum
1313 5228 1476 5300 participem
1494 5228 1575 5296 fieri.)
1610 5234 1634 5282 1.
1661 5230 1814 5298 Oblipatio·

125 5319 221 5385 ceptet
232 5320 260 5369 te
272 5314 300 5367 in
318 5313 421 5375 filium.
445 5314 519 5385 quod
532 5313 620 5368 Filius
639 5331 689 5368 suo
707 5314 842 5384 sanguine
859 5333 877 5371 a
894 5334 957 5389 pec·
983 5316 1189 5384 anabaptismo·
1204 5315 1241 5369 ad
1258 5332 1331 5383 eum,
1349 5315 1378 5369 in
1389 5317 1469 5386 cujus
1487 5332 1586 5371 nomen
1597 5315 1765 5386 baptizatur,
1781 5336 1814 5374 ex
1846 5315 1850 5327 ‘

125 5399 196 5455 caiis
216 5407 244 5454 te
264 5396 376 5469 abluat,
398 5408 472 5455 veste
490 5399 615 5470 justitiae
633 5399 730 5453 induat
748 5418 780 5455 ac
800 5401 829 5454 in
847 5402 958 5458 fratrem
983 5402 1068 5477 uerbo
1085 5407 1159 5456 recte
1180 5401 1394 5472 agnoscendum,
1412 5401 1597 5456 invocandum
1615 5408 1644 5456 et
1661 5403 1814 5471 colendum,

125 5493 156 5543 11
179 5485 343 5542 coheredem
361 5493 502 5558 acceptam
529 5486 604 5557 quod
623 5484 741 5556 Spiritus
760 5503 781 5540 1.
799 5491 828 5541 te
845 5505 957 5560 regere
987 5489 1035 5562 qui
1054 5505 1149 5543 sensus
1170 5487 1300 5559 phraseos
1319 5487 1459 5564 colligitur
1476 5504 1509 5542 ex
1524 5486 1829 5556 (11.1.1.11,11111’
