3984 6022
209 288 271 345 400
673 292 729 315 =··
786 312 803 361 '.
906 269 1223 330 aoeua'ruuams
1331 288 1334 295 ’
1403 292 1435 325 .=;

213 430 489 488 communicationem
502 446 558 483 non
572 429 677 483 nisiex
696 427 840 499 posteriori
860 427 1051 482 demonstrare
1078 443 1162 498 quam
1182 443 1348 498 quocunqne
1372 427 1531 483 madorem
1550 424 1629 496 prius
1649 423 1867 479 demonstratam
1886 437 1921 478 ac

207 536 367 591 possumus,
387 534 419 570 er
437 515 568 585 mysterio
585 514 692 571 scilicet
708 514 840 569 trinitatis
858 531 908 583 pcr
926 513 1049 582 Scriptu·
1078 513 1222 583 probatam
1247 513 1403 577 illustrant,
1429 518 1461 567 ut
1483 513 1513 566 in
1539 515 1700 583 προθεωρίᾳ
1727 509 1920 574 ostendimna)

212 622 272 658 ram
284 603 360 675 prius
372 601 540 669 confirmato,
558 601 675 672 proinde
690 618 743 654 non
754 600 915 669 suppeditat
930 599 1050 670 peculia·
1077 599 1173 653 Manet
1186 599 1272 670 igitur
1286 599 1397 654 tertium
1411 599 1547 654 danunt
1557 597 1773 652 fundamentum
1786 613 1824 651 ex
1835 596 1919 651 amris

213 705 271 744 rem
291 694 515 759 argumentorum
534 687 656 743 classem.
693 686 722 741 Si
743 704 775 741 ex
802 684 1051 740 communicatione
1076 685 1162 740 literis
1181 703 1233 756 pro
1250 687 1420 741 adstruendo
1438 685 1570 740 trinitatis
1581 683 1713 756 mysterio
1725 682 1858 755 petitum,
1874 681 1916 737 cui

213 793 263 848 per
282 793 311 829 se
331 782 359 828 et
374 773 405 829 in
422 790 452 828 se
472 773 648 828 considerata
667 779 860 844 argumentum
881 773 984 828 ducem
1004 787 1049 826 cu-
1077 772 1161 826 etiam
1179 772 1231 828 hoc
1246 773 1308 827 loco
1323 772 1403 829 unice
1421 772 1588 828 insistemus.

211 863 309 931 pimus,
329 877 435 931 semper
446 860 519 914 redit
532 860 695 931 quaesitum,
715 877 764 915 cur
776 876 831 915 non
852 858 979 929 pluribus
998 873 1048 911 nec
1113 863 1153 911 to.
1201 857 1322 912 Possunt
1350 875 1416 914 sero
1445 876 1496 928 pro
1534 857 1769 913 demonstratione
1810 850 1967 941 trinita-ff

210 947 388 1018 paucioribus
415 947 504 1000 modis
526 945 611 1000 Pater
638 964 667 1000 se
696 945 940 1000 communicaverit
966 961 1049 1014 quam
1076 942 1112 996 tis
1140 943 1260 1014 duplicis
1290 945 1399 1016 generis
1430 949 1594 1016 agumenta
1621 961 1656 999 ex
1682 942 1838 1013 Scripturis
1865 941 1967 996 for-rste

212 1032 328 1099 duobus,
346 1032 477 1087 videlicet
495 1049 546 1102 per
562 1033 769 1099 uenerationem
786 1031 867 1100 Filio,
885 1048 935 1101 per
956 1031 1048 1098 spiru-
1076 1030 1152 1083 mari.
1203 1030 1345 1085 Generale
1374 1049 1477 1101 unum,
1507 1031 1581 1102 quod
1612 1029 1704 1084 omnia
1733 1045 1768 1083 ac
1800 1027 1915 1100 singula,

212 1119 315 1172 tionem
328 1117 443 1188 Spiritui
457 1135 487 1186 s.,
506 1125 537 1171 ut
553 1117 606 1172 hac
623 1117 731 1171 ratione
748 1135 803 1172 non
821 1118 876 1172 sint
891 1117 1049 1187 pluresnec
1076 1133 1147 1186 quae
1183 1117 1218 1171 de
1252 1117 1305 1172 hoc
1340 1118 1470 1188 mysterio
1511 1117 1541 1172 in
1577 1115 1730 1187 Scripturis
1770 1113 1916 1177 habentur,

210 1203 354 1274 pauciores
371 1219 506 1273 personae
525 1221 609 1273 quam
629 1208 713 1272 tres),
738 1209 765 1258 2.
790 1224 809 1257 a
828 1204 935 1257 decreti
958 1202 1050 1254 diuisi
1076 1203 1241 1276 ἐπιτομικοῖς
1259 1204 1487 1274 comprehendit3
1516 1203 1655 1273 specialia
1674 1201 1831 1273 complure,
1849 1217 1916 1273 quae

210 1292 245 1343 dc
263 1290 355 1344 salute
375 1291 517 1344 lromiuum
535 1291 721 1357 revelatione,
746 1290 775 1344 in
793 1306 848 1360 quo
866 1294 974 1343 tanturn
992 1295 1047 1343 tres
1075 1305 1107 1343 ex
1133 1289 1272 1344 distinctis
1296 1289 1457 1361 Scripturas
1480 1289 1549 1345 locis
1571 1288 1643 1343 illud
1667 1288 1761 1360 ipsum
1788 1287 1915 1342 distincte

210 1393 345 1447 personae
376 1376 559 1431 inveniuntur.
596 1376 681 1430 Pater
709 1376 782 1431 enim
811 1391 862 1446 per
887 1375 990 1428 Filium
1019 1374 1048 1427 in
1074 1376 1200 1445 probant
1240 1376 1381 1430 Graeculo
1398 1384 1591 1445 argumentum
1614 1376 1653 1430 sic
1671 1374 1776 1429 habet:
1813 1374 1844 1431 Si
1862 1379 1914 1429 tres

210 1480 321 1517 samem
339 1462 453 1516 missum
471 1469 499 1518 et
518 1462 548 1516 in
564 1479 613 1517 ara
631 1468 721 1516 crucis
747 1478 797 1531 pro
819 1461 940 1530 peccatis
963 1458 1048 1515 homi-
1075 1469 1149 1531 sunt,
1169 1480 1286 1533 quorum
1305 1462 1421 1518 cuilibet
1437 1478 1538 1517 nomen
1556 1460 1684 1517 dehovah
1703 1477 1740 1516 ac
1758 1458 1827 1530 Dei,
1844 1459 1916 1515 attri-

210 1566 278 1603 num
300 1554 471 1603 mortuorum
495 1565 584 1619 genus
607 1548 759 1603 humanum
783 1547 838 1602 sibi
860 1546 1049 1602 reconciliavit
1075 1548 1152 1613 buta,
1175 1566 1259 1619 opera
1277 1556 1305 1604 et
1317 1547 1592 1620 gloriareredirina
1609 1552 1782 1617 competunt,
1803 1552 1914 1601 munus

209 1652 244 1691 ac
260 1636 404 1692 credentes
422 1635 451 1688 in
469 1635 544 1689 hunc
562 1634 665 1688 Filium
689 1651 770 1689 suum
793 1633 822 1686 in
845 1634 964 1704 gratiam
991 1633 1053 1686 vult
1074 1651 1167 1690 eorum
1186 1653 1241 1690 non
1258 1635 1295 1690 sit
1312 1635 1391 1699 alius,
1408 1652 1460 1690 nec
1477 1641 1572 1689 tamen
1588 1633 1681 1704 plures
1698 1631 1757 1698 Dii,
1775 1633 1829 1688 sed
1847 1648 1914 1686 uuus

209 1723 347 1792 recipere,
368 1720 507 1791 justitiam
533 1728 561 1775 et
583 1719 669 1774 vitam
693 1726 832 1774 aeternam
857 1718 910 1773 illis
937 1720 1049 1788 donus,
1075 1738 1156 1775 verus
1182 1722 1272 1790 Deus,
1300 1739 1471 1792 consequens
1494 1726 1548 1792 est,
1573 1737 1656 1775 unam
1680 1719 1807 1774 divinam
1828 1735 1912 1775 essm-

211 1825 295 1879 quam
312 1809 483 1862 voluntatem
502 1823 552 1874 per
560 1805 694 1875 Spiritum
712 1824 734 1862 s.
754 1805 783 1859 in
806 1805 891 1860 verim
914 1804 1049 1876 evangelii
1076 1808 1143 1862 tiam
1161 1807 1190 1862 in
1207 1808 1297 1863 tribus
1315 1807 1592 1879 deductiepersonis
1604 1806 1765 1876 subsistere,
1783 1805 1832 1861 vel
1841 1804 1913 1877 quod

210 1895 324 1950 revelat.
353 1892 428 1959 (Hoc
440 1899 634 1963 argumentum
647 1892 743 1947 itidem
757 1910 811 1946 non
828 1899 871 1947 est
888 1891 1049 1946 distinctum
1075 1895 1149 1949 idem
1173 1902 1228 1962 est,
1255 1895 1284 1949 in
1303 1895 1404 1949 divinis
1423 1912 1484 1950 esse
1502 1902 1557 1949 tres
1575 1910 1708 1965 personas
1727 1899 1757 1948 et
1774 1908 1861 1946 unam
1877 1907 1914 1946 ea·

210 1979 336 2048 abillis,
362 1997 435 2049 quae
453 1983 586 2050 petuntur
606 1995 638 2033 ex
657 1978 824 2048 Scripturis,
852 1977 919 2048 quia
942 1978 976 2032 de
996 1977 1049 2030 hac
1076 1981 1201 2035 santiam.
1237 1981 1293 2036 Sed
1310 1987 1366 2036 tres
1386 1987 1459 2045 sunt,
1481 1997 1598 2053 quorum
1617 1979 1735 2035 cuilibet
1751 1995 1856 2034 nomen
1871 1977 1914 2033 le

212 2065 309 2120 salutis
330 2071 441 2120 nostrae
467 2069 613 2138 οἰκονομίᾳ
641 2071 719 2118 entra
745 2073 773 2119 et
796 2072 905 2134 praeter
932 2064 1049 2120 verbum
1076 2065 1167 2121 hovah
1192 2085 1226 2121 ac
1247 2066 1316 2138 Dei,
1344 2068 1465 2139 itemque
1490 2066 1640 2136 attributa,
1667 2080 1753 2136 opera
1778 2070 1808 2121 et
1831 2063 1915 2136 §oria

212 2150 283 2206 nibil
301 2150 450 2222 quicquam
469 2155 595 2205 constare
612 2150 769 2206 hominibus
785 2150 885 2220 potuit,
904 2166 937 2204 ac
954 2150 979 2204 si
997 2148 1049 2204 hoc
1076 2169 1141 2208 rere
1151 2152 1245 2208 divina
1258 2159 1427 2224 competunt,
1448 2153 1580 2208 videlicet
1591 2155 1687 2220 Pater,
1702 2152 1840 2206 illiserat
1855 2150 1914 2219 spa

212 2243 410 2307 argumentum
427 2237 516 2291 solum
533 2244 697 2305 assumatur,
724 2236 896 2308 personalem
932 2235 1050 2306 Spiritus
1077 2239 1148 2291 ritus
1163 2249 1287 2305 sumtus,
1306 2257 1422 2310 quorum
1440 2256 1512 2293 unus
1530 2257 1585 2294 non
1603 2237 1738 2304 estalius,
1757 2254 1814 2292 nec
1827 2243 1915 2293 tamur

211 2341 233 2379 s.
260 2323 467 2378 subsistentiam
488 2322 534 2376 vix
558 2322 779 2392 demonstrabat
807 2328 830 2378 3.
857 2342 876 2377 a
902 2322 1050 2376 literarum
1076 2325 1170 2395 plures
1195 2334 1260 2380 sunt
1281 2325 1342 2394 Dii,
1370 2326 1419 2380 sed
1445 2343 1516 2380 unus
1542 2341 1624 2379 verus
1642 2324 1732 2380 Deus.
1767 2322 1847 2395 Ergo
1860 2337 1915 2403 ⁴rrrra

213 2427 361 2465 maurum
388 2411 416 2464 V.
442 2419 467 2463 et
492 2411 528 2463 N.
554 2412 587 2464 T.
614 2410 806 2479 testificatione
830 2415 889 2463 tum
915 2407 1051 2478 implicita
1076 2411 1171 2465 divina
1192 2411 1313 2466 meantia
1330 2410 1360 2465 in
1379 2411 1468 2467 tribus
1478 2410 1615 2465 dutinctis
1632 2409 1759 2481 personis
1783 2407 1914 2475 subsistit,

212 2503 272 2551 tum
297 2495 435 2566 explicita.
477 2495 553 2562 (Hoc
575 2496 664 2550 solum
689 2501 732 2551 est
754 2495 911 2567 proprium,
938 2498 1050 2562 clarior,
1077 2497 1121 2554 vel
1142 2498 1217 2569 quod
1235 2496 1311 2551 idem
1329 2502 1383 2566 est,
1409 2497 1438 2551 in
1457 2496 1557 2552 divinis
1577 2503 1643 2551 sunt
1660 2503 1717 2552 tres
1735 2511 1874 2566 personae
1890 2498 1915 2548 et

212 2582 353 2637 sufficiens
372 2589 400 2637 et
418 2580 519 2637 efficax
540 2589 743 2653 argumentum,
764 2588 797 2636 ut
814 2588 942 2655 constare
958 2573 1050 2651 poteiet
1076 2601 1133 2637 una
1151 2583 1278 2639 essentia
1317 2583 1432 2653 qu’oris
1447 2582 1580 2638 connexio
1593 2587 1689 2653 patet,
1715 2582 1785 2654 quia
1807 2578 1914 2655 quando

212 2685 247 2725 ex
265 2669 313 2735 iis,
339 2684 411 2738 qnae
431 2668 460 2723 in
479 2674 640 2742 σροθεωρζο
659 2667 801 2737 diximus);
821 2675 844 2722 4.
864 2668 901 2723 ab
924 2667 1052 2722 urram'mi
1077 2669 1193 2724 ecclesia
1218 2670 1300 2725 docet
1325 2686 1385 2724 esse
1409 2676 1464 2724 tres
1486 2685 1619 2740 personas
1643 2667 1727 2722 unius
1746 2673 1776 2722 et
1794 2666 1914 2738 ejusdem

213 2755 347 2809 eccluios
365 2771 499 2807 consensu
517 2754 547 2809 in
564 2753 698 2824 symbolis
715 2753 898 2809 oecumenicis
919 2760 948 2808 et
975 2760 1049 2809 rete·
1076 2756 1214 2811 essentiae
1234 2756 1359 2819 divinae,
1379 2755 1432 2810 hoc
1450 2762 1506 2823 est,
1528 2754 1640 2826 quando
1658 2753 1817 2810 trinitatem
1834 2751 1913 2808 sma-

213 2858 275 2895 rum
287 2839 397 2910 scriptis
410 2839 540 2894 corfinus
560 2838 630 2894 serie
647 2840 780 2911 exposito.
810 2839 883 2906 (Hoc
902 2857 1049 2912 argumen-
1075 2847 1163 2907 tetur,
1184 2842 1253 2897 nihil
1271 2841 1348 2897 aliud
1365 2841 1437 2908 vult,
1456 2857 1540 2912 quam
1558 2857 1620 2897 esse
1636 2847 1701 2908 tres,
1721 2856 1843 2911 quorum
1856 2837 1914 2910 qui·

211 2932 271 2982 him
290 2933 333 2982 est
348 2925 543 2982 secundarium
563 2931 591 2981 et
607 2943 663 2980 non
681 2926 735 2980 nisi
758 2927 862 2981 virtius
885 2927 960 2982 tertii
985 2945 1049 2983 con-
1075 2928 1144 2984 libet
1161 2929 1198 2984 sit
1216 2944 1297 2983 verus
1307 2928 1392 2995 Deua,
1413 2928 1452 2982 ita
1470 2934 1572 2997 umen,
1593 2931 1698 2983 utnon
1719 2926 1778 2983 sint
1796 2924 1913 2995 tresD'e',

210 3013 316 3082 cludit,
339 3013 402 3068 ideo
420 3012 493 3068 enim
513 3019 542 3068 et
558 3012 623 3069 inde
645 3012 691 3068 hic
716 3029 865 3069 consensus
885 3013 1049 3069 tundamen—
1075 3015 1125 3069 sed
1143 3032 1215 3068 unus
1237 3032 1319 3071 rarus
1337 3013 1430 3083 Deus3
1457 3013 1523 3068 item
1547 3011 1700 3084 quemlibet
1716 3012 1819 3069 horum
1834 3013 1914 3069 uren

211 3105 272 3154 tum
288 3098 354 3162 fidei
371 3104 481 3155 nostrae
500 3097 614 3168 stabilit,
634 3100 700 3171 quia
717 3117 768 3170 per
785 3100 877 3155 omnia
895 3117 960 3155 cum
977 3100 1049 3156 Scri·
1075 3119 1135 3158 esse
1152 3101 1188 3157 ab
1206 3101 1261 3156 alio
1275 3109 1350 3156 emto
1367 3100 1527 3156 chmactere
1545 3099 1725 3171 hypostatice
1745 3099 1912 3168 dutinetnnr,

210 3186 302 3259 pturis
319 3186 426 3241 scilicet
438 3185 587 3241 conformis
602 3190 665 3255 θεῖ),
684 3193 709 3242 i.
728 3206 747 3239 a
760 3187 986 3256 proprietatibus
1006 3188 1049 3240 di·
1075 3188 1150 3258 quod
1176 3187 1267 3258 ipsum
1286 3188 1310 3241 si
1329 3186 1479 3242 adversarii
1498 3185 1696 3263 Anbmmitarii
1719 3186 1912 3252 ccucoessrint,

210 3274 291 3341 cisia
312 3288 384 3343 quae
402 3289 459 3328 non
477 3279 594 3342 possunt
612 3273 648 3326 ad
665 3273 751 3327 alium
768 3290 927 3345 quenquam
945 3272 1049 3342 referri,
1074 3275 1178 3345 dogma
1203 3273 1334 3329 trinitatis
1363 3274 1399 3329 ab
1418 3271 1485 3345 ipsis
1510 3289 1671 3329 concessum
1688 3271 1752 3328 erit
1795 3272 1912 3344 Augeat

212 3378 296 3431 quarn
314 3360 352 3414 ad
368 3364 426 3415 tres
442 3359 525 3414 unius
548 3358 684 3415 essentiae
708 3359 819 3414 divinae
832 3378 972 3432 personas.
999 3360 1050 3426 (At
1075 3359 1135 3414 libr.
1155 3366 1178 3414 t.
1198 3360 1233 3415 de
1249 3359 1335 3417 trinit.
1354 3376 1377 3414 c.
1398 3367 1426 3416 4:
1445 3360 1540 3414 Licuit
1557 3359 1691 3428 loqueudi
1709 3366 1736 3413 et
1747 3358 1914 3428 diepsdaedi

134 3451 140 3458 “
212 3462 276 3501 cum
296 3446 331 3500 de
350 3445 565 3516 proprietatibus
583 3445 639 3500 illis
663 3446 855 3516 personalibus
879 3446 950 3501 nihil
974 3447 1050 3518 quic·
1075 3448 1237 3501 accustus
1257 3455 1467 3514 treepersouae
1487 3446 1589 3512 duero,
1608 3445 1751 3512 nunquia
1765 3445 1912 3513 Smptwo

213 3549 296 3604 quam
321 3533 375 3586 nisi
399 3550 433 3586 ex
457 3531 523 3585 solis
541 3530 691 3602 Scripturis
715 3532 802 3587 sacris
826 3532 908 3587 nobis
933 3539 1050 3601 constet,
1076 3535 1159 3600 dicit,
1184 3535 1238 3586 red
1259 3535 1326 3602 quia
1347 3533 1497 3602 Scriptura
1519 3550 1576 3586 uou
1592 3533 1776 3586 contradicit.
1816 3532 1851 3586 ss·
1866 3549 1912 3585 aa·

213 3619 276 3674 ideo
297 3619 334 3672 ad
349 3619 461 3674 tertiam
478 3626 704 3689 argumentorum
723 3618 840 3674 classem
864 3619 936 3674 illud
959 3619 1050 3690 ipsum
1075 3630 1129 3674 tem
1153 3623 1307 3674 diceremus
1331 3628 1387 3673 tres
1411 3622 1502 3686 Deos,
1528 3619 1736 3674 contradiceret
1754 3619 1913 3688 Scriptura,

212 3704 388 3759 referendum
407 3708 470 3775 est);
497 3710 519 3761 6.
537 3721 555 3758 a
569 3707 745 3774 paraclesis,
764 3722 836 3776 quae
852 3723 886 3761 ex
902 3707 1051 3778 negatione
1078 3707 1187 3760 dissue:
1214 3707 1293 3760 Audi
1300 3745 1307 3774 ,
1333 3706 1436 3770 Israel,
1464 3707 1606 3760 Domiaeu
1629 3707 1711 3767 Deus
1737 3712 1803 3759 tuus
1837 3706 1913 3759 Deru

214 3790 299 3862 hujus
308 3790 432 3861 mysterii
443 3796 657 3861 consequuntur,
675 3808 747 3863 quae
760 3798 825 3847 sunt
837 3794 951 3864 negatio
963 3793 1050 3864 ipsius
1077 3810 1148 3846 uaue
1169 3801 1218 3847 est.
1257 3792 1315 3847 Cur
1338 3809 1405 3860 erpo
1432 3800 1457 3846 et
1479 3800 1534 3845 tres
1561 3792 1696 3846 esemdas
1713 3809 1772 3846 aaa
1790 3792 1856 3847 lieet
1874 3791 1914 3845 di·

213 3877 285 3943 Dei,
315 3877 364 3948 qui
382 3894 413 3931 se
432 3894 465 3931 eo
486 3878 569 3932 modo
588 3877 738 3945 revelavit,
764 3878 924 3949 Scripturas
947 3897 1050 3949 sacrae,
1077 3896 1152 3948 cere,
1180 3880 1257 3948 quod
1279 3879 1411 3932 similiter
1430 3878 1582 3946 Scriptura
1601 3878 1674 3932 eicsd
1691 3895 1748 3932 ocu
1768 3878 1853 3947 dicit,
1876 3880 1914 3932 ito

215 3980 288 4036 quae
314 3963 466 4017 trinitatem
492 3962 639 4018 manifeste
666 3966 843 4034 comprobat,
873 3967 1051 4038 angelorum,
1077 3983 1126 4019 use
1154 3966 1344 4019 corurculicit.t
1374 3972 1424 4018 aut
1446 3965 1473 4018 si
1490 3972 1608 4035 propter
1626 3965 1763 4018 auduom
1780 3965 1915 4019 triam

214 4051 263 4124 qui
281 4050 495 4124 rprudymrDeo
512 4051 636 4122 quotidie
654 4052 793 4122 accinunt3
812 4059 840 4106 et
857 4053 989 4109 ccclesiae
1008 4071 1052 4108 ca·
1077 4071 1133 4106 acu
1153 4054 1284 4106 diruatur
1306 4060 1365 4106 tres
1384 4052 1533 4119 esseutiae,
1558 4052 1610 4104 aed
1626 4067 1684 4103 aaa
1708 4053 1847 4120 sermm,
1870 4069 1915 4106 aar

213 4136 333 4192 thelicae
358 4136 515 4207 primitivae
542 4144 571 4191 et
595 4139 775 4208 apostolicae,
803 4157 876 4209 quae
899 4140 1052 4195 trinitatem
1078 4156 1134 4193 uou
1159 4138 1279 4209 properet
1308 4141 1424 4193 caumas
1453 4139 1589 4192 umatum
1616 4157 1673 4193 aaa
1699 4138 1835 4193 &eumer
1863 4147 1914 4193 tres

213 4222 342 4279 confessa
360 4230 409 4287 est,
428 4228 597 4292 contemtum
615 4224 712 4280 firmae
724 4225 919 4281 consolationis
931 4227 1052 4282 ademtio
1077 4226 1248 4280 substantiae
1267 4227 1311 4279 cel
1330 4233 1384 4279 tres
1401 4241 1554 4292 perronae,
1573 4227 1625 4279 sed
1641 4243 1699 4278 ura
1716 4226 1875 4279 calametis
1892 4233 1914 4278 et

214 4316 243 4364 et
260 4309 382 4364 omnium
400 4310 579 4364 articulorum
597 4310 662 4364 fidei
681 4312 836 4380 enarratio,
862 4311 1013 4368 haereseon
1033 4332 1051 4369 a
1078 4333 1134 4367 uuo
1149 4316 1295 4381 pascua?
1322 4310 1410 4372 Quam
1429 4312 1501 4364 cuim
1518 4311 1579 4364 illie
1599 4319 1639 4365 ert
1656 4328 1803 4367 commuue
1820 4326 1913 4367 eomes

215 4395 325 4450 Christo
345 4403 374 4452 et
392 4397 523 4466 apostolis
538 4397 630 4465 tacite,
650 4398 687 4452 ab
699 4399 894 4454 ecclesiavero
906 4400 1051 4456 manifeste
1077 4401 1225 4466 creandae,
1251 4400 1293 4451 ita
1315 4405 1346 4451 ut
1367 4398 1486 4465 dapalis
1510 4398 1626 4467 quiaque
1653 4399 1771 4452 dicatur
1791 4400 1914 4464 urata,

213 4483 407 4537 damnatarum
432 4500 465 4537 er
492 4500 557 4538 orco
586 4486 743 4553 revocatio,
771 4485 932 4556 Scripturae
956 4504 1051 4542 sacrae
1078 4495 1135 4540 taur
1160 4493 1200 4539 cst
1221 4486 1281 4538 illis
1299 4500 1441 4538 commuue
1459 4484 1503 4537 ccl
1520 4483 1692 4539 mtantrbe
1711 4485 1756 4538 vel
1779 4501 1914 4555 pmossm

212 4569 334 4624 violenta
351 4569 472 4624 detorsio
490 4587 524 4625 ex
542 4571 680 4626 malitiosa
696 4572 826 4642 superbia
843 4573 983 4643 profecta,
1004 4573 1050 4628 de·
1077 4572 1248 4625 οοοοὸοὶοοο.
1292 4571 1374 4634 Quod
1397 4570 1469 4623 caim
1492 4572 1527 4623 dc
1546 4571 1678 4640 perscore
1691 4574 1854 4626 ‘secuudum
1869 4589 1914 4626 eo·

101 4711 106 4724 ,
212 4656 298 4727 nique
318 4656 427 4710 animae
445 4656 559 4711 exitium
577 4663 606 4711 et
624 4657 783 4712 internecio.
814 4658 865 4724 (At
882 4658 951 4714 haec
969 4675 1050 4730 para·
1077 4668 1173 4727 stram,
1192 4660 1243 4712 loc
1261 4660 1296 4711 de
1314 4658 1476 4712 substantiis
1493 4659 1645 4712 secusdum
1659 4656 1838 4713 Graecum
1855 4676 1914 4714 eos·

213 4743 286 4797 doxa
303 4742 395 4796 boum
414 4758 470 4796 non
487 4742 599 4813 habent,
619 4744 673 4797 nisi
690 4744 767 4814 prius
785 4762 819 4800 er
833 4745 982 4817 Scripturis
999 4745 1051 4801 hoe
1078 4747 1251 4800 suetudinem
1270 4762 1316 4812 eu,
1335 4760 1407 4812 quae
1424 4744 1555 4812 dicimus,
1574 4752 1681 4813 oportet
1700 4745 1835 4815 iuteltipi.
1870 4745 1915 4799 Sic

212 4829 376 4900 mysterium
390 4829 604 4896 demonstretur,
623 4848 689 4901 ergo
702 4839 767 4886 sunt
777 4832 869 4903 potius
881 4834 1052 4888 consectaria
1078 4825 1151 4885 euim
1178 4832 1276 4885 dicum
1303 4831 1349 4884 alli
1375 4839 1429 4884 tres
1455 4832 1626 4884 substautias
1648 4847 1735 4885 auam
1762 4833 1913 4898 mutiam,

213 4930 247 4971 ac
266 4916 419 4985 porismata
437 4933 470 4970 er
489 4915 677 4970 demonstrato
697 4917 749 4972 hoc
766 4919 897 4989 mysterio
921 4920 1051 4988 deducta,
1079 4920 1312 4990 qmmdmactum
1334 4934 1386 4970 uos
1405 4916 1524 4970 dicimus
1547 4925 1603 4970 tres
1615 4933 1758 4986 perronae
1774 4935 1861 4974 aare
1877 4934 1915 4975 et·

212 5017 296 5071 quarn
314 5001 479 5073 principalia
497 5001 606 5058 thesea
624 5007 810 5074 argumenta);
832 5012 854 5059 7.
872 5024 891 5059 a
910 5009 1052 5061 uocabulis
1078 5008 1195 5060 samium
1218 5006 1262 5058 uel
1285 5005 1478 5060 uhuorum.
1525 5005 1601 5067 stid
1622 5005 1709 5072 icitur
1733 5013 1837 5071 metat,
1861 5004 1917 5060 aiei

213 5087 357 5158 trinitatu,
377 5086 485 5153 οὐσίας,
504 5085 669 5161 danavetae,
687 5089 875 5154 incuriosam,
895 5099 959 5160 etc,
980 5110 1051 5164 quae
1077 5102 1108 5146 ut
1124 5094 1274 5159 fateamur
1300 5091 1435 5159 loqueudi
1459 5092 1622 5144 ammodum
1637 5098 1727 5159 parta
1745 5092 1816 5147 baec
1839 5108 1914 5146 uoce·

212 5173 328 5227 ecclesia
361 5174 494 5245 loquendi
524 5177 689 5232 necessitate
726 5183 822 5231 conus
850 5176 1050 5234 haereticorum
1078 5180 1157 5244 melu,
1183 5196 1245 5232 cura
1264 5195 1334 5246 opus
1357 5185 1427 5230 card
1445 5178 1547 5231 odiosa
1566 5177 1752 5244 dispositione
1770 5179 1915 5233 meream

211 5257 319 5312 fruerer
341 5263 492 5333 usurpavit.
545 5261 617 5330 (Hoc
641 5271 837 5335 argumentum
866 5266 987 5335 pertinet
1014 5268 1050 5322 ad
1078 5266 1198 5318 insidiae
1224 5265 1267 5318 ccl
1293 5280 1405 5317 errores
1431 5263 1653 5317 hamaicorum}
1679 5261 1789 5319 Postea
1808 5263 1914 5319 subdit:

213 5349 1050 5423 quartum,necp0teuaxrocabu1is‹tyataorrargumen-
1078 5352 1187 5419 Nepuri
1211 5360 1267 5404 tres
1290 5352 1437 5413 mecetius,
1464 5349 1735 5417 cointelligeretur,
1763 5352 1794 5405 irs
1810 5365 1914 5406 marm

211 5436 273 5485 tum
292 5429 410 5500 formari,
430 5435 484 5490 nial
496 5435 616 5503 resipsa
630 5437 707 5505 prius
725 5454 759 5492 er
773 5437 926 5508 Scripturis
938 5440 1049 5494 demon·
1077 5439 1249 5508 aequalitate
1262 5438 1323 5492 silla
1341 5436 1501 5505 altemanius,
1521 5435 1613 5487 umeri
1627 5443 1685 5487 tres
1698 5453 1844 5505 percursas
1861 5437 1914 5489 sire

210 5517 336 5586 merua
354 5523 379 5574 8.
398 5536 417 5573 u
433 5521 581 5577 similibus.
617 5520 674 5591 (Ea
693 5541 759 5580 vero
776 5541 833 5579 nou
849 5531 908 5581 uu
928 5526 1050 5596 probant
1062 5535 1126 5583 utres
1144 5525 1314 5579 mercaretur
1331 5525 1480 5578 comodum
1503 5521 1775 5594 Graeca-propter
1792 5540 1915 5580 morea
