3984 6022
232 276 291 333 sse
933 230 1216 335 tacueramus

103 425 184 463 Μ’·
194 425 218 463 ⁸²
230 426 274 480 est
294 423 421 480 lectionis
445 440 479 478 ac
499 420 656 492 scriptionis
682 421 762 493 quasi
782 421 874 477 anima
891 428 920 477 et
938 421 1061 496 spiritus,
1089 420 1163 493 quod
1179 436 1237 476 non
1251 416 1306 473 nisi
1323 433 1387 474 cum
1405 416 1548 477 vocalibus
1563 424 1670 487 sonent,
1689 416 1726 475 ab
1743 417 1800 475 illis
1816 417 1925 475 scilicet

101 473 184 569 diiii
229 509 300 565 illud
333 510 361 565 in
387 510 476 581 prima
501 507 651 565 bibliorum
676 507 824 580 scriptione
846 509 978 565 omissum
1001 432 1177 564 esseimotee
1201 513 1230 562 et
1247 504 1326 577 quasi
1346 504 1492 560 snimatw.
1528 502 1557 560 Si
1576 503 1686 560 vocales
1703 520 1738 561 ex
1754 504 1925 563 dictionibus

230 596 306 653 nullo
333 597 416 651 modo
445 594 592 650 verisimile
623 601 672 649 est
719 593 829 650 Puncta
859 594 966 651 vocabu
998 602 1062 650 sunt
1087 594 1236 662 tolluntur,
1271 591 1394 663 genuina
1431 606 1527 646 earum
1567 589 1736 663 significatio
1771 593 1924 663 ignoratur.

231 682 356 737 lecn'onis
390 686 419 738 et
451 680 609 752 scriptionis
645 681 725 753 quasi
760 681 853 736 anima
882 676 910 737 et
939 680 1061 753 spiritus.
1088 678 1226 752 Ignoratis
1249 693 1314 733 vero
1338 676 1490 733 dictionum
1512 677 1641 750 genuinis
1664 675 1924 751 significationibus,

228 768 303 841 Ergo
327 775 431 839 puncta
453 767 561 824 vocalia
583 768 613 823 in
635 769 724 839 prima
746 768 895 824 bibliorum
913 767 1062 838 scriptione
1087 764 1286 820 sententiarum
1321 761 1478 835 significata
1514 762 1636 835 ignorari
1668 779 1843 836 consequeus
1869 764 1925 821 'ut

229 855 330 911 omissa
350 854 435 909 fuisse
458 854 534 909 nullo
556 853 639 909 modo
662 860 704 909 est
721 853 876 910 verisimile.
911 854 1002 925 Major
1019 849 1119 959 ast-Si
1148 856 1280 907 accentus
1309 848 1460 905 distinctiri
1489 856 1693 920 removeantur,
1724 849 1926 905 sententiarum

228 939 390 997 manifestae
420 940 551 996 veritatis.
601 939 681 1006 Quod
709 939 782 995 enim
808 947 850 995 cst
878 938 1005 995 lectionis
1034 943 1063 994 et
1088 953 1185 993 sensus
1214 935 1429 991 contimduntur.
1475 934 1506 991 Si
1534 934 1659 1006 excipere
1689 935 1791 1002 velint,
1817 944 1925 1007 peneto

228 1026 384 1097 scriptionis
407 1027 487 1099 quasi
513 1027 655 1083 animast
678 1026 804 1097 spiritus,
829 1026 899 1081 illud
918 1026 1001 1082 etiam
1020 1031 1062 1080 est
1089 1041 1147 1076 esse
1173 1024 1285 1093 quidem
1310 1022 1469 1078 messoria
1498 1024 1539 1077 ad
1565 1022 1721 1091 cutmen,
1749 1038 1808 1077 aare
1833 1030 1927 1077 estu

227 1112 381 1171 wentialis
400 1112 559 1186 scripturae
576 1131 654 1185 pars,
680 1112 751 1168 illud
768 1114 792 1167 si
810 1113 839 1167 in
856 1113 946 1184 prima
962 1110 1061 1167 biblio·
1087 1109 1340 1179 ademptionem,
1364 1125 1436 1179 resp.
1460 1105 1544 1163 finem
1567 1105 1725 1179 scriptionis
1747 1122 1809 1164 asse
1829 1105 1926 1165 lectio·

227 1216 289 1255 rum
308 1200 457 1271 scriptione
474 1201 605 1255 omissum
623 1205 703 1269 esset,
721 1206 829 1271 partem
842 1200 978 1254 duntaxat
989 1197 1061 1255 Scri·
1087 1211 1150 1250 nem
1169 1200 1199 1250 et
1215 1193 1433 1249 intellectionem
1451 1191 1572 1249 nunus
1612 1191 1719 1264 Atqui
1736 1192 1926 1265 sinepunct'u

227 1291 326 1357 pturse
349 1293 378 1342 et
400 1287 512 1358 quidem
530 1286 714 1359 indigniorem
733 1293 761 1343 et
779 1285 936 1342 inierimm
953 1302 971 1339 a
991 1283 1061 1341 Scri·
1088 1281 1199 1350 scribit,
1218 1280 1292 1336 hunc
1310 1278 1395 1335 finem
1412 1278 1524 1351 assequi
1541 1278 1646 1350 nequit,
1665 1278 1720 1335 nisi
1736 1279 1821 1335 alteri
1838 1279 1927 1337 anns

228 1379 327 1443 pturae
350 1373 509 1429 auctoribus
534 1373 617 1429 videl.
639 1373 700 1429 Deo
724 1380 752 1430 et
774 1372 877 1427 sanctis
900 1371 954 1426 Dei
975 1370 1061 1425 homi·
1088 1367 1208 1421 omnium
1236 1382 1335 1421 vocum
1357 1366 1501 1437 punctatio
1524 1366 1562 1421 sit
1584 1365 1754 1437 percognita
1794 1365 1926 1432 Quinimo

227 1459 311 1515 nibus
327 1459 469 1531 prophetis
482 1459 655 1527 haberemus,
674 1459 750 1533 quod
762 1476 844 1514 nemo
856 1457 939 1513 facile
953 1456 1060 1514 dixerit.
1087 1451 1112 1506 si
1136 1451 1180 1507 vel
1199 1452 1317 1509 maxime
1341 1458 1510 1524 punctatum
1532 1452 1569 1506 sit
1588 1451 1614 1509 ei
1630 1451 1757 1525 copim,
1784 1450 1815 1507 in
1832 1450 1926 1509 mult'n

228 1546 391 1601 Assumtum
416 1546 550 1617 probetur
581 1554 602 1602 1.
628 1563 662 1601 ex
681 1545 845 1601 testimoniis
862 1543 1060 1599 Rebbinorum.
1087 1546 1181 1594 tamen
1199 1538 1313 1594 haerere
1330 1544 1359 1593 et
1377 1537 1504 1593 dubitare
1521 1544 1644 1608 cogetur,
1662 1536 1776 1608 quando
1791 1536 1853 1593 scil.
1868 1554 1925 1595 nne

228 1632 261 1687 ln
286 1632 357 1688 libro
374 1632 446 1688 Zoar
469 1632 509 1688 sic
534 1632 649 1704 legitur:
678 1633 744 1686 Non
763 1641 802 1686 eet
820 1632 889 1685 aliie
905 1631 995 1685 literis
1010 1647 1061 1698 po·
1088 1625 1240 1696 eademque
1277 1624 1361 1679 dictio
1401 1623 1524 1679 divmsas
1558 1623 1753 1695 ptmctationes
1791 1623 1924 1682 admittit.

228 1728 313 1775 testae
340 1722 382 1773 ad
401 1721 606 1788 proferendum
630 1720 660 1773 in
685 1718 758 1773 lanc
781 1718 825 1772 ael
844 1719 926 1772 illam
942 1725 1061 1787 partem,
1085 1710 1223 1766 Addimus
1244 1727 1311 1783 ergo
1330 1711 1441 1768 tertium
1460 1718 1662 1783 argumentum.

224 1815 426 1877 maronam
450 1824 510 1860 cum
531 1807 647 1876 evadis
673 1806 828 1861 eoeneum.
872 1805 972 1859 omen
989 1803 1061 1857 eum
1121 1820 1179 1871 eae.
1201 1819 1226 1871 a.
1248 1813 1292 1868 Ex
1312 1814 1501 1883 antiquitatis
1521 1822 1546 1867 n
1565 1813 1772 1869 mantuane
1783 1813 1986 1911 perumque}

229 1893 299 1948 illae
318 1901 382 1946 mne
405 1899 540 1962 tanquam
557 1910 658 1963 corpus
675 1893 735 1946 eine
751 1893 854 1946 anima.
892 1891 961 1946 &sm
978 1891 1060 1943 adee-
1086 1900 1226 1973 Quicquid
1254 1899 1425 1970 scripturam
1453 1915 1560 1954 ,aeram
1588 1899 1681 1954 reddit
1707 1899 1871 1973 ambigam
1895 1882 1986 1963 345⁸,

228 1980 309 2034 nsunt
334 1987 454 2048 puncta,
486 1995 546 2033 ecce
574 1996 675 2049 corpus
700 1978 874 2033 constituetur
898 1976 928 2030 in
951 1983 1061 2029 stacam
1085 1976 1227 2056 inm,
1246 1984 1315 2040 illud
1335 2000 1511 2057 nequaquam
1532 1985 1618 2040 „nui
1638 1984 1731 2042 debet,
1766 1986 1857 2058 Atqui
1872 1975 1986 2077 hym

228 2083 290 2122 aera.
324 2065 424 2120 Petrus
442 2063 610 2121 Cevallerius
638 2064 706 2120 citat
730 2065 834 2119 dictum
850 2063 885 2119 R.
903 2061 1062 2119 Nechoniae
1087 2071 1209 2144 pomi„
1238 2071 1300 2140 ing,
1331 2071 1406 2142 quod
1434 2075 1539 2140 puncta
1566 2070 1674 2126 vocalia
1707 2071 1921 2128 nomenante·

229 2168 264 2207 ex
286 2150 357 2207 libro
377 2149 482 2223 sepher
505 2150 635 2206 habbsir:
666 2150 780 2206 St'mt’ls'a
802 2158 985 2220 cumpuncta
1003 2149 1062 2202 lito·
1088 2175 1144 2213 non
1163 2158 1220 2213 pint
1237 2173 1351 2222 coaeva,
1374 2173 1470 2212 verum
1487 2174 1505 2211 a
1521 2155 1657 2212 Rabbinia
1675 2162 1739 2228 post
1759 2157 1868 2230 aliquot
1881 2175 1921 2214 ω-

228 2254 326 2293 nomm
345 2238 416 2306 lepis
434 2237 583 2292 Moesicae
601 2239 713 2292 animae
731 2239 815 2292 citati
832 2238 861 2291 in
880 2253 997 2306 corpore
1015 2236 1062 2289 to·
1089 2245 1215 2301 culorum
1232 2245 1366 2300 decursus
1383 2245 1493 2300 demum
1512 2243 1622 2313 addita,
1643 2241 1815 2315 scripturam
1831 2244 1922 2301 reddit

229 2324 322 2379 minis.
357 2323 440 2379 Aben
456 2325 529 2379 Eera
546 2324 627 2380 dixit:
655 2326 723 2380 Sine
738 2342 828 2394 supra
848 2332 873 2378 et
890 2323 985 2390 infra,
1011 2321 1063 2375 hoc
1089 2331 1203 2387 dubim
1228 2339 1256 2387 et
1279 2331 1421 2387 incertam,
1460 2330 1536 2403 Ergo
1559 2329 1721 2401 hypodran
1738 2331 1789 2386 ill.
1807 2347 1863 2387 non
1879 2334 1922 2387 ot

230 2416 274 2469 est
298 2409 359 2465 sine
377 2410 538 2466 accentibus
562 2417 590 2465 et
615 2411 727 2482 punctis
745 2410 887 2466 vocalibus
906 2427 960 2462 non
975 2415 1064 2477 potest
1089 2417 1247 2472 menende,
1298 2416 1390 2486 Major
1412 2433 1465 2471 eun
1484 2416 1548 2471 luce
1564 2415 1662 2471 radiat,
1696 2414 1726 2471 Si
1753 2417 1829 2472 enim
1851 2415 1921 2474 seri·

228 2497 353 2566 intelliqi
383 2497 542 2567 Scriptura.
585 2495 648 2551 Hoc
675 2496 709 2552 R.
738 2497 821 2552 Aben
842 2495 932 2551 Ezrae
958 2493 1063 2548 dictum
1088 2512 1172 2575 ptum
1188 2519 1239 2559 noe
1256 2502 1341 2558 debet
1359 2507 1477 2573 σοφίσαι
1495 2503 1536 2554 ad
1552 2502 1668 2555 salutm
1682 2501 1791 2558 amn
1809 2507 1872 2568 ³2¹·
1885 2508 1921 2560 m

229 2583 333 2656 allegat
355 2582 494 2638 Lutbsrus
519 2583 549 2638 in
575 2599 599 2637 c.
626 2591 667 2639 «Π.
695 2581 795 2638 Genea.
821 2587 850 2638 et
874 2580 968 2637 addit:
997 2579 1063 2634 Sine
1089 2590 1186 2660 utique
1202 2595 1311 2660 oportet
1330 2605 1391 2644 enm
1408 2605 1468 2645 eene
1485 2594 1603 2651 certam,
1623 2587 1799 2659 perspicuam
1818 2597 1848 2645 et
1862 2605 1921 2661 per

228 2669 313 2725 istra
373 2668 450 2724 Elias
487 2669 586 2724 levita
625 2669 655 2723 in
694 2669 743 2724 lib·
780 2667 957 2723 canticorum
993 2664 1063 2720 can-
1088 2676 1199 2746 iectam,
1217 2692 1286 2746 quas
1304 2675 1429 2746 ejusdem
1441 2675 1520 2729 dotes
1537 2681 1635 2730 contra
1645 2673 1921 2733 Pontificiossummo

226 2752 276 2811 tte.
295 2759 326 2811 3:
349 2755 559 2824 Comparantur
576 2755 674 2809 literae
691 2755 861 2824 corporibus.
892 2756 954 2807 Ista
971 2754 1063 2807 decem
1089 2762 1181 2817 studio
1209 2761 1390 2818 defendimus,
1431 2761 1595 2815 Aeeumtnm
1615 2761 1749 2832 probetur
1768 2767 1791 2818 1.
1809 2779 1844 2818 ex
1860 2778 1922 2818 con·

229 2839 357 2912 (vocalia)
386 2849 449 2897 eunt
476 2843 515 2895 eir
543 2843 626 2912 quad
652 2843 771 2896 animat·
826 2841 1061 2905 Quemadmdum
1089 2848 1255 2904 sideratione
1279 2848 1391 2903 illarum
1411 2863 1524 2911 vocum,
1552 2864 1624 2918 quac
1645 2847 1724 2902 varia
1747 2856 1854 2920 puncta
1875 2847 1921 2903 ad·

228 2926 317 2999 inetur
335 2943 436 2997 corpus
457 2928 516 2981 eine
535 2928 632 2981 anima
652 2935 691 2982 eet
710 2930 834 2982 cadauer
855 2935 930 2980 motu
948 2926 1061 2980 destitit·
1088 2935 1202 2990 mittunt
1225 2942 1254 2990 et
1275 2952 1325 3006 pro
1349 2934 1509 2990 diversitate
1528 2938 1693 3004 punctorum
1716 2934 1804 2990 etiam
1820 2933 1920 3008 signifi-

227 3020 299 3082 hm,
324 3014 367 3068 ric
392 3013 536 3085 scriptura
552 3014 697 3068 Hebraico
718 3014 779 3068 eine
792 3014 906 3083 pandis
920 3013 1062 3067 eoeatibm
1088 3020 1225 3074 ostionem
1259 3026 1376 3076 mutant
1429 3018 1476 3075 Sic
1507 3018 1606 3071 nillil
1640 3019 1664 3073 si
1695 3025 1847 3091 punctetur
1872 3020 1921 3076 boc

228 3108 269 3157 sn
293 3108 418 3154 emanue
441 3109 467 3155 et
492 3103 533 3154 ad
554 3101 702 3155 motionem
722 3102 779 3154 noe
801 3101 944 3155 lectionem
957 3118 1062 3169 parum
1088 3105 1170 3162 modo
1206 3106 1304 3167 :inrue
1343 3103 1482 3176 significat
1511 3106 1640 3176 fratres,
1676 3104 1719 3159 sin
1754 3107 1811 3163 alia
1840 3106 1919 3163 modo

228 3194 306 3257 apta.
341 3186 421 3242 Idem
446 3187 475 3241 in
505 3186 622 3259 praefat.
658 3186 737 3243 Cant
768 3187 851 3257 dicit,
881 3187 979 3241 literae
1005 3204 1062 3241 essa
1088 3183 1186 3259 nint<
1216 3191 1355 3247 animalia
1379 3191 1465 3244 naria
1489 3189 1610 3246 denotet
1642 3194 1703 3242 '1³7
1728 3192 1920 3266 sipmctaur

228 3274 349 3344 trahea,
375 3275 486 3328 accola
509 3292 574 3330 uero
601 3275 708 3337 clavos,
739 3275 788 3344 qui
815 3275 922 3328 scalam
945 3276 1061 3344 qradifi·
1089 3266 1151 3346 ffssl
1172 3285 1215 3335 eet
1238 3279 1366 3348 laquea-53
1394 3276 1418 3330 si
1441 3276 1504 3349 5223
1527 3275 1668 3348 significat
1690 3278 1796 3332 memes
1819 3285 1875 3342 este
1897 3275 1919 3331 si

229 3370 300 3416 eant.
336 3367 360 3416 2.
382 3377 416 3416 ex
439 3359 602 3416 testimoniis
619 3360 837 3416 Christianorum
856 3360 994 3417 Hebraico
1013 3361 1061 3417 do·
1088 3365 1152 3437 5:31]
1174 3361 1315 3435 significat
1339 3364 1426 3432 dicit,
1451 3362 1473 3416 si
1493 3363 1558 3435 'tw
1582 3361 1721 3434 significat
1744 3362 1874 3433 verbm
1896 3360 1918 3416 si

229 3454 344 3503 ctorum.
377 3446 519 3503 Johsnnce
530 3446 643 3503 Isaacm
661 3464 808 3504 conversus
819 3447 1062 3516 Judaeuescribit,
1088 3454 1145 3525 Ἓξ]
1167 3447 1307 3520 significat
1322 3458 1442 3519 pestem3
1465 3449 1490 3503 si
1509 3437 1572 3523 ³3⁴³
1597 3451 1706 3503 ductum
1731 3447 1873 3520 significat
1893 3454 1920 3502 et

232 3551 301 3601 eum,
319 3535 368 3603 qui
382 3535 442 3587 eine
455 3535 568 3604 punctis
585 3542 611 3587 et
627 3537 783 3598 accentibus
795 3534 971 3605 stuparum
987 3535 1062 3604 lenit,
1087 3535 1260 3606 metalepsim
1292 3535 1363 3588 ovile
1394 3535 1452 3588 eive
1482 3535 1601 3588 caulam.
1650 3533 1756 3604 Ecquis
1781 3551 1848 3591 voro
1873 3550 1920 3590 nus

228 3620 347 3675 similem
377 3637 435 3674 esee
463 3619 570 3673 homini
599 3621 736 3689 equitanti
765 3638 862 3690 equum
890 3619 1062 3690 &latinator
1088 3630 1176 3680 certos
1211 3621 1320 3688 reddet,
1357 3637 1430 3692 quae
1464 3625 1634 3691 punctatum
1664 3628 1693 3676 et
1723 3627 1920 3693 consequenter

229 3709 365 3778 effrenem
408 3705 553 3761 Fabricius
579 3705 608 3759 in
634 3705 728 3776 partit.
754 3706 884 3762 Hebraic.
913 3724 937 3762 c.
968 3714 996 3761 2:
1029 3705 1064 3761 st
1088 3727 1159 3782 qnae
1190 3708 1267 3765 vocis
1301 3706 1466 3779 significatio
1496 3707 1533 3761 sit
1565 3706 1754 3779 acceptanda,
1788 3706 1814 3763 si
1850 3709 1918 3780 ejus·

230 3793 356 3861 officium
378 3793 525 3861 eipnandi,
551 3809 598 3846 eeu
617 3793 694 3861 quod
710 3793 786 3846 idem
812 3801 864 3861 eat,
890 3793 1063 3846 cmuanondi
1088 3795 1162 3850 modi
1179 3812 1232 3850 vox
1249 3794 1419 3850 diversorum
1437 3800 1603 3865 punctorum
1621 3809 1708 3864 capax
1727 3792 1758 3848 in
1774 3792 1919 3866 scripturis

229 3897 284 3933 non
307 3879 400 3947 patuit
425 3879 521 3933 notari
544 3879 604 3932 eine
631 3896 813 3933 comanorum
840 3879 944 3947 siquis,
976 3879 1061 3932 mutto
1086 3881 1235 3938 occurrat?
1262 3887 1287 3937 2.
1305 3897 1340 3936 cx
1356 3879 1516 3936 inductione
1532 3878 1662 3945 locorum,
1679 3879 1710 3934 in
1726 3878 1919 3951 quibuaffl

228 3966 320 4019 minue
336 3982 467 4019 sonorum
484 3965 656 4019 naturalium
674 3966 805 4019 dumata
822 3982 879 4019 sese
894 3966 986 4034 potuit
1002 3966 1062 4019 eina
1087 3969 1206 4039 interpp.
1225 3966 1262 4022 ob
1280 3973 1447 4038 punctorum
1465 3964 1619 4021 absentiam
1638 3965 1674 4021 ab
1692 3964 1836 4022 Hebraica
1851 3965 1918 4023 reri·

227 4052 367 4107 vocalium
403 4051 484 4104 notia.
535 4048 779 4106 itit(tenebrardus
815 4050 892 4107 initio
927 4051 1060 4124 Isagoges
1087 4060 1145 4110 tate
1167 4051 1345 4108 deflexerunt
1387 4051 1488 4107 Genea.
1517 4058 1562 4117 ts,
1585 4068 1611 4104 v.
1633 4058 1670 4107 ll.
1688 4041 1773 4125 hqtt
1794 4040 1919 4122 afflat

228 4154 296 4194 suae
315 4139 353 4193 ad
370 4137 489 4209 legenda
505 4137 611 4208 scripta
629 4137 819 4193 Rabbinorum
837 4136 949 4205 asserit,
968 4137 1060 4193 lectio
1087 4142 1215 4209 adipata
1233 4156 1297 4207 eae,
1316 4137 1424 4194 scilicet
1440 4154 1513 4192 aves.
1533 4136 1618 4191 LXX
1635 4137 1825 4206 reddidmunt,
1843 4158 1919 4196 συνε-

227 4243 292 4282 nem
308 4225 368 4280 sine
384 4223 494 4295 punctis
512 4240 572 4279 esse
588 4241 723 4287 mancam,
743 4224 972 4282 imminutam.itit
996 4224 1060 4281 Jola
1087 4227 1206 4284 κάθισεν
1234 4223 1341 4293 αὐτοῖς,
1375 4225 1504 4297 legerunt
1531 4224 1688 4281 substitutis
1715 4225 1778 4281 aliis
1804 4227 1919 4298 punctis,

227 4311 375 4367 Baltbasar
386 4310 549 4366 Baumbach
566 4311 596 4366 in
613 4317 691 4366 tract
710 4309 744 4365 de
761 4310 919 4383 linguarum
937 4312 1060 4368 oriental.
1087 4315 1170 4387 ertit
1192 4300 1279 4387 :tigit
1305 4310 1405 4369 Genes.
1427 4319 1474 4380 tl,
1501 4329 1528 4368 v.
1558 4318 1600 4369 ³1:
1647 4314 1684 4367 Et
1710 4313 1868 4371 emmena
1892 4332 1919 4371 es

126 4406 155 4451 m
168 4406 216 4453 w.
227 4397 312 4469 antiq.
336 4397 498 4454 necessitate
516 4405 544 4452 et
561 4397 693 4453 utilitate:
721 4398 789 4452 Sine
806 4399 949 4452 vocatibus
966 4416 1059 4453 coneo·
1086 4400 1182 4455 Ierael
1199 4407 1380 4468 auperoaput
1400 4398 1516 4471 Pil-litu
1531 4397 1606 4467 ἰωῆς
1628 4397 1712 4452 LXX
1730 4399 1917 4470 reddiderunt,

227 4493 325 4539 mester
340 4485 472 4553 proferri
493 4501 550 4538 non
566 4493 683 4554 pareunt
702 4492 728 4538 et
745 4486 835 4539 omnia
853 4485 965 4553 linqua,
989 4504 1060 4554 quae
1087 4485 1294 4556 προσεκύνησεν
1316 4487 1362 4540 tm
1385 4483 1416 4540 τὸ
1440 4483 1527 4560 ἄκρον
1549 4486 1595 4552 τῆς
1618 4485 1736 4557 ῥάβδου,
1759 4502 1817 4557 quo
1840 4487 1918 4543 modo

226 4571 287 4624 illia
305 4572 436 4624 destituta
454 4579 505 4638 eet,
524 4588 638 4636 manca,
657 4570 822 4641 imperfecta
840 4579 866 4624 et
882 4572 981 4626 mutila
1002 4573 1060 4642 effi·
1086 4572 1170 4627 etiam
1189 4570 1291 4626 citatur
1302 4570 1388 4627 Hebr.
1410 4577 1449 4638 ll,
1470 4587 1496 4624 r.
1515 4575 1557 4638 213
1576 4569 1703 4640 legerunt
1720 4587 1790 4642 ergo
1807 4574 1917 4647 i'tiylffl

226 4658 307 4714 citur.
344 4663 369 4712 3.
388 4673 422 4711 ex
439 4655 549 4710 nomine
568 4663 740 4727 punctorum.
777 4657 886 4712 Puncta
905 4658 964 4714 eive
980 4676 1060 4714 roca·
1087 4657 1188 4726 baculi,
1204 4664 1232 4712 et
1249 4658 1285 4713 dc
1302 4675 1352 4714 suo
1370 4657 1539 4713 addiderunt
1556 4653 1650 4723 αὐτοῦ,
1667 4663 1700 4711 nt
1715 4657 1752 4712 ad
1767 4657 1918 4732 Josepbun

226 4741 267 4798 les
294 4741 429 4798 Hebraeis
457 4740 586 4796 dicuntur
611 4733 717 4816 mirail]
749 4743 896 4811 motiones,
921 4743 988 4815 quia
1009 4745 1059 4799 sci·
1085 4743 1228 4799 referatur.
1252 4750 1274 4798 1.
1293 4742 1362 4814 Reg.
1385 4750 1423 4812 lt),
1441 4761 1466 4798 r.
1486 4749 1525 4798 19·
1543 4727 1610 4814 '²5³2
1626 4732 1712 4817 ddi]
1731 4751 1757 4798 et
1775 4755 1861 4815 anper
1876 4763 1918 4800 ro·

225 4827 292 4884 licet
326 4845 376 4898 per
413 4827 664 4898 pronuntiationem
694 4835 806 4884 movent
835 4829 937 4885 literas.
984 4829 1059 4901 Ergo
1086 4833 1202 4885 tandum
1228 4830 1301 4884 sotio
1329 4848 1348 4883 a
1369 4837 1455 4900 parte
1479 4829 1633 4898 posteriori
1639 4847 1648 4898 ς
1676 4828 1760 4884 Lxx
1779 4836 1919 4888 verterunt

225 4914 334 4971 animae
357 4914 445 4969 instar
467 4913 681 4970 consonantibus
698 4931 808 4969 sensum
826 4921 976 4971 etinctum
994 4933 1059 4971 con·
1085 4919 1201 4988 μόσχων
1229 4917 1394 4982 adalanum,
1427 4915 1555 4989 legerunt
1586 4931 1653 4986 ergo
1677 4914 1838 4973 substitutis
1858 4916 1919 4975 elis

180 5022 186 5031 ·
225 5001 326 5056 ierunt.
351 5009 376 5058 t.
393 5017 427 5056 er
442 5000 553 5072 reipsa.
589 4999 685 5056 Omnis
704 5000 792 5056 oratio
811 5000 896 5056 animi
913 5019 996 5058 sensa
1014 5020 1058 5059 ex·
1085 5003 1195 5075 punctis
1213 4988 1278 5078 ’23³3-
1306 5001 1380 5058 Psal
1394 5007 1441 5069 88,
1466 5020 1492 5056 v.
1516 5008 1544 5058 11
1575 5002 1603 5055 ei
1621 5003 1737 5079 ΞἮΙΠ
1756 5005 1864 5059 mortui
1877 5021 1919 5060 ra·

225 5088 362 5157 primane,
407 5087 488 5158 eique
531 5087 748 5158 correspondens
792 5086 905 5158 scriptio
950 5095 1059 5144 constat
1084 5098 1213 5158 curqunt3
1231 5089 1314 5144 LXX
1332 5088 1525 5157 reddiderunt,
1554 5086 1591 5141 sir
1609 5092 1699 5163 turpat
1719 5089 1919 5161 ἀναστήσουσα,

225 5171 405 5243 dictionibus,
439 5174 572 5230 dictiones
600 5173 730 5245 syllabis,
760 5173 885 5244 syllabae
914 5176 1000 5231 literis
1030 5184 1059 5232 et
1084 5175 1212 5247 legerunt
1231 5179 1319 5250 imp}
1332 5161 1458 5252 :ttqq'm
1480 5175 1556 5233 Psal.
1571 5180 1649 5241 tta.
1668 5181 1691 5230 6.
1706 5176 1917 5252 'imum

224 5258 376 5316 vocalibus.
432 5258 548 5331 Absque
576 5261 666 5315 vocali
703 5260 781 5315 nulls
810 5267 901 5331 potest
931 5268 1058 5317 constare
1084 5261 1166 5317 LXX
1184 5259 1240 5316 ind
1258 5261 1420 5336 πράγματος
1436 5261 1565 5333 legerunt
1582 5263 1679 5334 tm.
1697 5260 1772 5316 Psal
1790 5267 1850 5335 tto,
1865 5270 1921 5323 mi

224 5342 345 5416 syllaba,
373 5362 439 5419 ergo
464 5363 517 5402 nec
541 5346 638 5414 dictio,
668 5357 720 5403 nec
747 5347 850 5418 orati03
877 5348 952 5403 unde
973 5347 1057 5403 etiam
1084 5337 1160 5425 illita
1183 5342 1258 5423 *lm
1286 5348 1412 5402 tamtaos'
1438 5365 1499 5402 cum
1523 5348 1652 5418 Meeecl3
1681 5345 1765 5403 LXX
1788 5346 1921 5407 remim»

223 5430 333 5486 vocales
348 5431 400 5487 boc
418 5450 517 5488 nomen
537 5431 650 5489 sortitae
667 5440 744 5503 sunt,
763 5434 838 5505 quod
857 5450 907 5503 per
925 5449 955 5489 se
971 5433 1057 5489 edant
1082 5441 1147 5489 runt
1164 5433 1180 5504 ἡ
1200 5439 1332 5506 nepotata
1348 5455 1405 5501 μου
1424 5432 1581 5508 sparnum,
1601 5432 1729 5505 legerunt
1742 5422 1821 5510 wi
1834 5438 1923 5513 Q

222 5534 319 5577 rouen
347 5518 406 5574 sive
433 5534 545 5589 sonum;
574 5527 756 5577 consonantes
786 5520 852 5575 inde
881 5519 922 5574 sic
952 5520 1056 5591 dictae,
1081 5520 1147 5576 Ena
1182 5527 1215 5587 t,
1241 5537 1269 5576 v.
1290 5527 1319 5575 t'l
1337 5511 1460 5596 &Q
1484 5521 1602 5585 urens,
1630 5518 1715 5575 LXX
1734 5518 1925 5587 redimar
