3984 6022
200 276 261 335 512
879 267 1001 326 LOCUS
1020 268 1199 336 QUARTUS

200 424 272 480 iuter
294 423 392 493 Λόγον
417 431 444 477 et
468 439 579 478 carnem
600 431 641 478 est
658 425 723 479 uuio
743 424 895 496 personalis
916 430 944 479 et
961 422 1045 522 imi
1096 430 1153 481 1411.
1189 424 1288 479 Thesis
1315 432 1343 480 5:
1367 425 1448 478 Finis
1472 425 1679 479 incarnationis
1696 426 1845 495 prosimus
1867 430 1938 480 etih

199 511 339 582 parabilis,
357 517 384 563 et
405 526 476 580 quae
493 510 549 564 alia
568 509 740 566 differentiae
758 512 851 582 capita
869 513 950 584 lon'ge
970 511 1030 581 plu·
1058 511 1234 563 immediatus
1260 520 1300 564 est
1324 511 1441 564 bassani
1462 512 1571 578 poneris
1594 513 1747 579 radiatim
1774 491 1938 576 summmff

199 597 269 650 rima
289 596 333 650 hic
356 596 445 650 notari
464 604 595 665 possunt,
618 597 666 651 sed
687 598 857 668 comparatio
874 596 1031 651 vestimenti
1043 616 1045 623 ⁴
1058 604 1084 648 et
1103 598 1240 650 mediatur
1260 599 1371 665 ploriae
1388 599 1501 650 divinae
1521 600 1722 665 manifestatio.
1750 599 1797 653 De
1811 599 1892 669 priori

122 726 126 730 .
199 683 359 738 adhibetur:
393 690 414 737 1.
440 683 476 735 ad
500 683 741 738 demonstrandam
761 685 911 753 propriam
931 680 1111 753 Abyao'fine
1143 682 1293 753 loquuntur
1323 681 1392 737 haee
1423 682 1582 753 Scripturas
1608 684 1701 738 dota:
1739 682 1842 740 Genea.
1869 693 1890 747 3,

193 769 436 836 personalitatem.
471 768 710 833 Quemadmodum
736 770 816 823 homo
841 777 883 825 est
908 769 1032 840 perfecta
1056 784 1080 819 v.
1101 772 1143 821 lb:
1164 768 1262 821 Semen
1282 769 1408 821 mulieris
1427 777 1546 823 conteret
1565 779 1649 840 caput
1667 771 1891 839 eorpwahe,

198 861 225 908 et
253 854 362 926 integra
387 870 519 924 persona,
550 848 699 927 antequam
723 863 828 911 vestem
855 856 963 922 induat,
990 855 1030 908 sic
1058 852 1144 906 Filius
1159 852 1213 908 Dei
1231 872 1264 908 ex
1281 861 1368 909 metre
1384 855 1489 921 virgine
1505 862 1634 911 nascetur
1653 873 1737 911 verus
1754 857 1845 925 homo,
1863 865 1890 911 ut

197 939 211 992 ὁ
234 940 330 1010 Λόγος
348 940 402 994 suit
420 940 530 1011 integra
549 948 577 996 et
595 942 720 1012 perfecta
736 959 862 1012 persons,
883 948 1031 1012 antequam
1057 944 1223 1009 potestatem
1245 956 1278 994 ae
1307 957 1423 1011 regnum
1450 941 1553 998 diaboli
1572 942 1716 998 destruere
1734 960 1768 997 ao
1787 943 1890 1014 lapsum

197 1043 308 1081 carnem
325 1034 489 1090 assumeret;
509 1035 531 1082 2.
551 1029 588 1082 ad
605 1029 703 1099 Λόγου
723 1029 974 1082 immutabilitatem
986 1026 1031 1081 de·
1058 1041 1146 1095 genus
1164 1025 1313 1080 humanum
1331 1026 1465 1082 redimere
1484 1028 1578 1097 possit.
1612 1026 1713 1082 Matth.
1733 1035 1781 1092 20,
1804 1048 1829 1082 v.
1849 1037 1890 1085 ts:

198 1113 412 1167 monstrandam.
439 1113 678 1178 Quemadmodum
696 1122 785 1169 vestes
806 1113 914 1184 corpori
934 1118 1032 1184 aptan-
1058 1112 1151 1164 Filius
1174 1113 1293 1165 bominis
1317 1131 1372 1166 non
1394 1115 1480 1181 venit,
1510 1123 1538 1166 ut
1558 1123 1705 1183 pateretur
1732 1117 1789 1168 sibi
1816 1119 1890 1170 mini·

197 1205 255 1263 tur,
282 1217 336 1253 non
365 1206 475 1263 conus,
502 1217 535 1254 οο
560 1207 649 1256 vestes
672 1206 815 1255 mutantur
840 1200 900 1270 ipso
917 1215 1032 1269 corpore
1057 1199 1160 1265 strari,
1191 1200 1242 1251 sed
1271 1207 1301 1252 ut
1324 1201 1383 1269 ipse
1410 1201 1581 1253 ministraret
1607 1210 1634 1254 et
1659 1203 1744 1254 daret
1770 1205 1890 1257 animan

198 1290 376 1355 permanente
394 1285 572 1354 immutabili;
590 1287 630 1340 sic
649 1287 745 1358 Λόγος
762 1287 891 1340 assumsit
911 1302 1030 1351 carnem,
1057 1302 1136 1337 suam
1162 1283 1262 1359 λύτρον
1288 1284 1348 1340 ἀντὶ
1374 1288 1492 1341 πολλῶν.
1529 1285 1596 1341 Luc.
1619 1292 1664 1351 19,
1688 1306 1714 1341 r.
1739 1294 1783 1343 to:
1818 1291 1891 1343 Venit

198 1389 252 1426 non
278 1389 342 1427 caro
368 1372 483 1441 Λόγους
508 1389 573 1428 caro
599 1381 722 1437 assumta
739 1373 793 1427 fuit
810 1374 839 1428 in
860 1390 889 1427 se
907 1371 1031 1443 patibilis
1051 1370 1132 1438 filius
1158 1371 1278 1426 bominis
1306 1389 1440 1442 quaerere
1463 1374 1540 1442 arrad
1557 1374 1692 1440 perierat.
1737 1381 1759 1430 1.
1778 1375 1889 1444 Timr,

198 1474 231 1513 ac
258 1459 381 1512 mortalis
409 1460 497 1530 Λόγῳ
524 1461 690 1516 immutabili
717 1466 909 1531 permanente,
946 1464 970 1517 3.
994 1458 1030 1512 ad
1058 1475 1082 1508 v.
1105 1464 1135 1511 5:
1171 1458 1246 1510 Unus
1269 1459 1407 1512 mediator
1433 1459 1492 1512 Dei
1515 1459 1715 1523 othoninum,
1743 1463 1792 1530 qui
1814 1463 1890 1514 dedit

198 1544 297 1615 Λόγου
323 1547 542 1601 invisibilitatem
558 1547 690 1601 invisibili
709 1564 792 1601 earne
811 1546 1029 1618 significandam.
1057 1559 1086 1595 se
1103 1543 1194 1611 ipmm
1209 1545 1331 1613 pretium
1348 1547 1528 1599 redemtionis
1539 1565 1596 1615 pro
1615 1548 1750 1600 omnibus.
1768 1547 1854 1602 Hebr.
1868 1554 1889 1612 t,

199 1633 436 1698 Quemadmodum
466 1649 566 1704 corpus
593 1633 716 1689 vestibus
743 1639 850 1687 tectum
875 1631 1031 1685 immediate
1057 1647 1083 1684 v.
1111 1636 1153 1684 ll:
1190 1630 1328 1693 Quoniam
1350 1633 1437 1701 pueri
1460 1633 1732 1686 communicaverunt
1760 1637 1840 1687 carni
1867 1644 1890 1688 et

198 1736 254 1774 non
277 1720 459 1789 conspicitur,
482 1719 531 1773 sed
554 1719 674 1774 mediate
690 1734 740 1790 per
758 1726 860 1785 vestem
879 1720 919 1773 sic
938 1718 1031 1772 invisi-
1058 1717 1202 1784 sanpuini,
1230 1717 1272 1770 sio
1289 1720 1350 1786 ipse
1368 1719 1497 1772 similiter
1517 1720 1704 1789 participavit
1728 1722 1840 1790 iisdem,
1863 1731 1889 1774 ut

198 1805 261 1860 hilis
287 1805 417 1859 divinitas
440 1811 468 1860 et
491 1808 621 1877 majestas
647 1807 696 1858 τοῦ
714 1807 813 1876 Λόγου
837 1805 891 1860 snb
909 1810 1033 1859 assumta
1054 1820 1108 1872 per
1124 1812 1239 1856 mortem
1257 1807 1408 1858 destrueret
1425 1823 1500 1873 eum,
1521 1806 1572 1874 qui
1588 1807 1707 1859 babebat
1729 1810 1828 1860 mortis
1845 1810 1888 1860 in-

198 1908 280 1947 came
298 1899 432 1962 tanquam
452 1897 613 1962 tegumento
630 1892 751 1963 quodam
769 1899 844 1947 tecta
860 1892 956 1960 latuit,
982 1891 1032 1947 sed
1053 1891 1177 1959 perium,
1200 1892 1225 1944 li.
1252 1909 1273 1944 e.
1301 1893 1453 1946 diabolum.
1491 1899 1512 1947 1.
1535 1893 1597 1947 Joh.
1622 1898 1651 1960 3,
1672 1910 1699 1946 r.
1730 1900 1760 1949 8:
1785 1896 1821 1949 In
1837 1880 1889 1948 'boc

198 1977 429 2049 quemadmodum
455 1993 487 2031 ex
505 1977 628 2032 vestibus
648 1979 814 2050 quaudoque
831 1979 913 2033 homo
932 1994 1031 2048 cogno·
1058 1979 1194 2046 apparuit
1215 1978 1309 2032 Filius
1332 1981 1403 2047 Dei,
1430 1989 1460 2032 nt
1482 1982 1635 2033 destrueret
1660 1998 1751 2048 opera
1776 1982 1888 2036 diaboli.

198 2064 297 2129 scitur,
321 2064 368 2121 sia.
378 2063 512 2119 invisibili
530 2064 579 2118 illa
596 2071 697 2120 natura
714 2052 837 2119 assumta
856 2072 884 2119 et
900 2082 951 2135 per
970 2081 1029 2118 car·
1057 2063 1200 2119 Pertinent
1231 2071 1323 2120 autem
1355 2068 1392 2120 ad
1418 2067 1527 2138 generis
1555 2067 1667 2120 humani
1694 2066 1888 2121 redemtionms

93 2156 98 2168 '
187 2168 260 2214 >nem
278 2150 354 2204 illam
375 2150 451 2205 Deus
470 2151 615 2206 invisibilis
635 2152 715 2207 nobis
733 2152 787 2208 fuit
804 2150 1030 2205 visibilisiaetus.
1058 2168 1113 2205 non
1134 2157 1242 2205 tantum
1259 2152 1331 2206 bosra
1344 2154 1501 2221 γνόοολόοο,
1519 2153 1594 2223 quod
1614 2151 1744 2207 Christus
1760 2171 1811 2208 nos
1829 2154 1888 2208 libe-

198 2235 311 2291 Rectim
339 2254 405 2308 ergo
427 2237 611 2292 Bellarminue
628 2238 701 2293 hanc
720 2236 926 2292 similitudinem
943 2237 1031 2308 appli·
1056 2237 1159 2291 raverit
1182 2255 1200 2291 a
1220 2244 1350 2307 peccato,
1375 2238 1412 2292 ab
1431 2238 1473 2292 ira
1488 2239 1556 2306 Dei,
1583 2256 1601 2292 a
1615 2243 1704 2292 morte
1725 2246 1754 2295 et
1771 2240 1887 2308 inferum

197 2329 244 2377 cat
267 2330 295 2378 et
319 2323 439 2394 explicat
459 2325 583 2394 ejusdem
602 2324 664 2379 libr.
686 2342 708 2380 ο.
731 2332 761 2381 l:
790 2325 959 2378 Humanitas
977 2323 1029 2388 (in-
1057 2323 1106 2377 sed
1124 2323 1208 2377 etiam
1226 2325 1298 2377 bona
1312 2326 1450 2392 positiva,
1476 2326 1550 2396 quod
1569 2324 1717 2380 adduxerit
1734 2324 1817 2379 nobis
1834 2344 1887 2396 per·

197 2411 270 2482 quit)
287 2419 403 2465 uocatur
420 2412 609 2465 indumentum
633 2412 728 2479 Verbi,
751 2429 806 2464 non
824 2411 892 2478 quia
914 2410 1031 2463 Verbum
1056 2391 1159 2464 sectam
1173 2408 1325 2479 justitiam,
1347 2409 1400 2464 Dei
1420 2411 1550 2481 gratiam,
1571 2412 1752 2466 donationem
1770 2411 1885 2482 Spiritus

196 2515 253 2549 non
280 2498 317 2551 sit
340 2514 402 2551 uere
428 2505 453 2551 et
472 2498 694 2560 substantialiter
716 2498 811 2566 bomo,
840 2497 892 2549 secl
911 2503 1031 2564 propter
1058 2514 1079 2550 s.
1105 2501 1133 2550 et
1149 2496 1233 2549 vitam
1252 2504 1400 2550 aeternam.
1437 2495 1557 2551 Pulchre
1574 2498 1768 2552 Damasceuns
1791 2499 1851 2553 libr.
1868 2505 1887 2552 3.

196 2584 423 2648 similitudinem,
444 2600 515 2653 quae
533 2593 573 2638 ast
591 2585 663 2637 inter
679 2591 765 2637 uestes
783 2591 809 2636 et
826 2583 1030 2637 humanitatem.
1056 2600 1079 2637 c.
1100 2590 1122 2638 1.
1142 2582 1313 2636 nativitatem
1332 2582 1434 2637 Christi
1452 2600 1485 2638 ex
1503 2583 1608 2654 virgine
1626 2583 1695 2637 dicit
1713 2602 1776 2639 esse
1789 2585 1887 2639 factam

197 2671 273 2723 Nam
297 2679 327 2722 ut
347 2687 403 2738 per
426 2679 513 2724 aemes
536 2671 660 2724 homines
678 2677 891 2738 capnoscuntur,
916 2670 956 2722 sio
978 2686 1031 2738 per
1056 2669 1092 2721 δι’
1118 2665 1201 2740 ἡμᾶς,
1225 2667 1291 2720 aub'
1320 2667 1391 2741 ἡμᾶς
1414 2673 1459 2721 καὶ
1484 2667 1554 2742 ὑπὲρ
1574 2669 1658 2743 ἡμᾶς·
1682 2671 1722 2722 δι’
1743 2671 1831 2740 ἡμᾶς,
1855 2672 1888 2723 ὅτι

198 2755 398 2809 humanitatem
419 2757 497 2808 Deus
515 2757 626 2824 spuitur
644 2764 691 2824 est,
711 2758 951 2825 quemadmodum,
970 2773 1031 2808 oum
1056 2753 1100 2808 ant
1120 2757 1168 2821 τὴν
1189 2751 1324 2828 ἡμετέραν
1343 2762 1494 2829 σωτηρίαν,
1522 2756 1589 2809 καθ’
1611 2754 1696 2828 ἡμᾶς,
1716 2757 1759 2809 ὅτι
1779 2764 1890 2829 γέγονεν

198 2850 284 2895 vestes
301 2841 459 2911 induimus,
479 2849 614 2911 aptantur
633 2851 719 2896 vestes
738 2845 779 2895 ad
795 2844 916 2911 fipuram
935 2859 1031 2910 corpo-
1056 2840 1205 2913 ἅνθρωπος
1233 2840 1261 2893 ia
1291 2841 1420 2911 γυναικὸς
1449 2844 1496 2894 καλ
1521 2842 1615 2914 χρόνῳ
1643 2842 1794 2910 κινήσεως,
1827 2844 1888 2912 ὑπὲρ

198 2928 240 2980 ris
257 2936 283 2981 et
297 2928 421 2998 proinde
438 2936 524 2982 uestes
541 2936 691 2998 mutantur,
708 2946 762 2982 non
775 2929 872 2991 liomo,·
888 2930 929 2981 sic
941 2930 1031 2996 etiam,
1058 2928 1134 3000 ἡμᾶς,
1153 2927 1195 2980 ὅτι
1213 2927 1263 2980 οὐκ
1279 2928 1308 2981 ἐκ
1326 2933 1439 3001 σπορᾶς,
1458 2927 1529 2982 ἀλλὰ
1541 2931 1570 2991 ἐξ
1582 2929 1663 2997 ἁγίου
1676 2929 1839 3003 πνεύματος
1850 2937 1888 2983 aul

198 3033 260 3068 oum
281 3016 398 3069 Verbum
416 3015 606 3076 rarefactum
625 3023 672 3084 est,
692 3016 850 3070 hamanitas
867 3024 974 3069 mutata
992 3022 1031 3068 est
1056 3018 1103 3081 τῆς
1127 3015 1207 3085 ἁγίας
1230 3020 1373 3087 παρθένου
1398 3015 1467 3086 ὑπὲρ
1493 3015 1583 3088 νόμον
1607 3015 1748 3083 κινήσεως.
1788 3017 1889 3088 Depo

201 3102 290 3156 Verbo
310 3102 480 3156 immutabili
491 3111 680 3172 permanente.
1057 3101 1163 3156 steriori
1193 3100 1249 3156 fine
1280 3107 1416 3156 testantur
1442 3102 1534 3173 angeli
1561 3100 1670 3157 Christo
1702 3104 1733 3157 in
1760 3105 1889 3159 mundum

658 3227 660 3234 .
1057 3192 1122 3241 nuto
1147 3194 1277 3242 canentes
1301 3187 1369 3241 Luc.
1392 3193 1422 3251 2,
1446 3204 1472 3240 r.
1494 3193 1538 3242 lt:
1567 3188 1669 3242 Gloria
1694 3190 1727 3242 in
1749 3189 1889 3244 amarint

71 3261 184 3337 'nrm
235 3278 290 3329 139.
324 3274 375 3339 Qu.
397 3281 437 3329 10.
458 3273 535 3335 Quid
551 3275 727 3327 metuendum
744 3275 779 3326 de
799 3274 915 3342 reliquis
932 3274 1031 3327 simili·
1058 3275 1130 3329 Deo.
1178 3273 1320 3337 Quomodo
1352 3279 1443 3328 autem
1463 3273 1553 3344 gloria
1573 3272 1625 3328 Dei
1644 3274 1673 3327 in
1695 3292 1785 3346 opere
1810 3270 1892 3331 incar-⁴

197 3360 347 3428 tudinibus,
367 3377 438 3429 quas
455 3360 500 3428 pii
516 3367 620 3412 οολονοο
638 3361 679 3412 aci
694 3359 745 3412 boe
762 3361 921 3428 mummium
939 3360 1031 3428 appli·
1057 3358 1175 3412 nationis
1202 3354 1354 3430 patifacta‚
1384 3359 1553 3413 suavissimis
1582 3359 1672 3414 verbis
1704 3361 1889 3417 demonstrant

150 3443 153 3447 ’
197 3449 281 3502 canti
310 3445 445 3516 Triplices
469 3445 641 3515 potissimum
665 3444 801 3515 ejusmodi
820 3444 921 3501 dantur
937 3446 1030 3499 simili·
1057 3445 1095 3513 pii
1107 3453 1214 3500 veteres
1228 3444 1379 3517 Gregorius
1392 3446 1536 3516 Nyssenus
1555 3453 1622 3500 orat.
1639 3447 1675 3500 de
1697 3449 1788 3505 nativ.
1810 3469 1837 3520 p.
1852 3457 1886 3505 tt.

195 3534 320 3588 tudiues:
349 3537 372 3586 l.
397 3550 415 3585 a
439 3548 556 3601 corpore
577 3533 716 3601 animato,
741 3536 766 3586 2.
785 3551 803 3584 a
819 3534 906 3600 serra
933 3534 1031 3601 ipnito,
1058 3537 1136 3585 etex
1154 3547 1186 3586 eo
1205 3532 1394 3589 Damascenus
1417 3533 1479 3586 libr.
1506 3539 1529 3589 3.
1556 3550 1579 3590 e.
1607 3540 1635 3588 l:
1672 3536 1888 3589 Demonstrnmr

145 3625 153 3642 '
196 3622 223 3671 3,
240 3637 258 3671 a
280 3619 339 3671 luce
353 3619 532 3687 primopenia
553 3626 579 3670 et
597 3635 713 3687 corpore
732 3618 832 3686 solari,
851 3635 966 3689 quarum
987 3636 1030 3673 ex·
1056 3616 1168 3687 (inquit)
1192 3619 1221 3671 in
1248 3620 1299 3671 hoo
1322 3636 1405 3687 opere
1430 3618 1514 3671 simul
1538 3628 1563 3672 st
1581 3621 1690 3673 bonitas
1710 3630 1737 3674 et
1753 3623 1888 3692 sapientis

196 3704 358 3775 plicationes
385 3711 414 3759 et
439 3703 637 3774 applicationes
664 3703 750 3758 tradit
773 3703 827 3759 Dn.
854 3704 1030 3759 Chemuicius
1058 3711 1084 3756 et
1103 3705 1218 3772 justitia
1241 3712 1266 3758 et
1284 3706 1410 3774 poteratis
1436 3706 1500 3757 Dei.
1538 3707 1657 3759 Bonitas
1675 3709 1808 3775 quidem,
1832 3727 1889 3780 quo

198 3791 226 3843 in
252 3805 335 3844 aureo
358 3790 428 3846 libro
455 3791 490 3844 de
516 3790 625 3845 duabus
651 3791 757 3845 naturis
783 3791 812 3845 in
836 3790 1030 3848 curiones.
1056 3791 1134 3842 uiam
1158 3809 1213 3843 non
1241 3793 1367 3861 desperit
1391 3793 1509 3861 proprii
1531 3793 1682 3861 plasmatis
1708 3796 1889 3866 facturusque

198 3876 243 3930 De
268 3875 395 3931 omnibus
419 3892 485 3930 vero
510 3876 735 3931 similitudinibus
760 3878 788 3930 in
812 3894 913 3949 genere
935 3884 1030 3933 notan-
1054 3878 1192 3946 propriae
1215 3879 1416 3946 infirmitatem,
1442 3880 1493 3930 sed
1514 3878 1663 3931 miseratus
1680 3881 1778 3948 ipsam
1796 3885 1888 3936 caden-

199 3965 265 4017 dum
291 3962 360 4017 illud
385 3962 489 4018 tustini
514 3963 544 4016 in
567 3963 626 4016 iat.
649 3968 720 4016 nior.
749 3982 775 4034 p.
804 3970 867 4019 300:
894 3963 1031 4038 ἁρμόδιον
1056 3971 1118 4031 tem,
1138 3965 1165 4017 ei
1180 3983 1292 4016 inanum
1305 3966 1442 4032 porrexit.
1470 3964 1596 4027 taretin,
1617 3965 1686 4033 quia
1699 3967 1813 4022 bomine
1824 3970 1888 4021 aicta

101 4104 104 4113 ,
197 4049 226 4104 ri
251 4049 430 4123 παράδειγμα
454 4048 500 4117 (ab
524 4049 625 4103 unione
643 4049 751 4105 enimse
768 4067 832 4104 cum
853 4068 966 4120 corpore
984 4051 1029 4106 de·
1055 4067 1111 4102 non
1131 4050 1191 4103 alio
1210 4068 1294 4119 quam
1314 4051 1421 4104 bomine
1435 4052 1510 4117 fecit
1526 4051 1601 4104 vinci
1619 4059 1788 4118 tyrannum,
1811 4070 1888 4123 nsque

196 4137 327 4204 sumtum)
347 4140 371 4190 si
389 4140 435 4188 καλ
451 4137 491 4209 μὴ
512 4136 579 4188 κατὰ
600 4135 705 4204 πάντα,
724 4138 792 4190 κατὰ
812 4142 836 4190 rl
856 4140 935 4207 γοῦν,
955 4139 1029 4192 unde
1055 4137 1187 4189 uiolentia
1207 4155 1225 4189 a
1244 4145 1331 4190 morta
1349 4137 1470 4207 diripuit
1488 4138 1638 4203 leominem,
1655 4142 1710 4192 sed
1728 4159 1813 4208 quem
1830 4142 1888 4194 oiim

175 4218 250 4278 ¹nou
271 4223 359 4277 solum
379 4222 596 4291 similitudinem,
614 4223 663 4278 sed
682 4223 766 4278 etiam
778 4224 1028 4280 dissimilitudinem
1052 4239 1105 4291 per
1127 4232 1272 4292 peccatum
1298 4223 1327 4276 in
1351 4225 1508 4277 seruitutem
1530 4225 1677 4292 redoperat
1703 4245 1797 4291 mors,
1826 4230 1888 4282 bum

195 4311 223 4364 in
246 4310 299 4365 hoe
323 4310 449 4381 exemplo
472 4311 647 4366 demonstrat.
683 4311 895 4367 similitudinem
916 4329 949 4366 sc
973 4313 1028 4367 dis·
1055 4310 1141 4363 bonus
1169 4319 1195 4363 et
1217 4312 1315 4378 justus
1343 4329 1442 4363 rursus
1469 4313 1557 4380 effecit
1583 4315 1716 4365 uictorem
1747 4322 1775 4367 et
1806 4315 1888 4368 rimie

195 4395 403 4452 similitudinem
434 4397 543 4451 unionis
570 4398 641 4452 iuter
666 4397 787 4451 animam
814 4403 842 4451 et
867 4414 966 4468 corpus
995 4415 1028 4452 ac
1055 4398 1145 4450 simili
1162 4398 1322 4465 reparavit,
1341 4399 1418 4465 quod
1435 4415 1505 4467 opus
1524 4406 1591 4453 erat.
1630 4398 1801 4469 Sapientia,
1828 4402 1888 4471 qaia

196 4480 386 4553 hypostaticae
415 4484 488 4538 illius
515 4483 624 4537 unionis
649 4483 722 4539 inter
743 4483 864 4537 divinam
889 4491 917 4538 et
933 4485 1027 4539 hume·
1055 4485 1098 4536 rei
1115 4484 1268 4536 admodum
1287 4485 1389 4537 dubiae
1407 4502 1442 4537 ao
1460 4485 1592 4553 difficilis
1610 4484 1716 4538 invenit
1727 4487 1888 4541 solatiorum

194 4585 259 4623 nam
285 4560 412 4624 natura'm
439 4569 559 4639 explicat
580 4568 698 4623 Aslaeus
727 4569 833 4625 dissert.
864 4570 983 4643 theolog.
1004 4578 1028 4626 3.
1055 4588 1139 4638 airam
1157 4571 1400 4640 ‘decentissimam
1425 4571 1520 4623 Filius
1542 4571 1602 4623 Dei
1620 4574 1787 4642 persentias,
1818 4577 1888 4628 Deua

195 4652 222 4727 ξ.
243 4661 283 4711 22.
320 4656 407 4725 (Beza
426 4674 452 4726 p.
476 4662 497 4710 1.
516 4671 590 4724 resp.
611 4655 646 4708 ad
665 4654 733 4710 coll.
753 4656 937 4725 p.128.duas
952 4658 1028 4711 unio·
1056 4657 1186 4709 essmtens
1202 4658 1346 4724 perfectus
1365 4657 1445 4709 bomo
1461 4659 1510 4725 jit,
1536 4666 1562 4710 et
1585 4659 1636 4709 boc
1655 4657 1794 4726 impletur
1817 4678 1889 4731 opus,

194 4741 238 4795 nis
257 4741 451 4812 hypostaticae
476 4740 619 4795 constituit
642 4741 767 4811 species,
803 4759 886 4796 unam
912 4743 941 4796 in
961 4760 1028 4813 quo·
1055 4745 1131 4812 qaod
1158 4745 1278 4796 omnium
1303 4760 1436 4795 navarram
1462 4745 1580 4797 manime
1605 4761 1706 4797 novum
1735 4756 1793 4812 est,
1819 4747 1890 4818 quood

194 4827 235 4880 vis
260 4827 383 4896 homine,
407 4826 522 4881 alteram
540 4827 569 4880 iu
592 4825 701 4882 Christo
725 4827 786 4882 Deo
807 4836 834 4883 et
852 4829 974 4896 homine,
994 4847 1028 4883 ac
1054 4831 1144 4883 solum
1167 4846 1265 4881 nortiam
1288 4829 1338 4881 sub
1361 4830 1433 4897 sale,
1455 4846 1511 4898 per
1535 4831 1611 4898 quod
1628 4830 1742 4899 infinita
1762 4836 1825 4887 Dei
1842 4852 1889 4902 ap·

192 4914 304 4984 utrique
340 4929 422 4967 unam
452 4906 631 4968 'communem
667 4915 796 4984 proponit
834 4915 1027 4970 definitionem.
1050 4915 1151 4985 pnmsit
1170 4916 1275 4980 uirtus;
1293 4916 1364 4984 quid
1381 4916 1455 4969 enim
1475 4917 1568 4983 majus
1586 4933 1670 4985 auam
1690 4919 1789 4974 Deum
1809 4919 1889 4974 homi·

193 4999 380 5071 Hypostatiea
405 4999 471 5054 unio
498 5005 540 5053 est
565 5000 740 5069 conjunctio,
770 5018 820 5071 per
847 5018 930 5072 quam
957 5002 1029 5057 duae
1055 5021 1115 5079 nom
1129 5003 1219 5071 fleri?

193 5093 310 5141 naturae
335 5086 483 5142 distinctae
507 5086 536 5139 in
561 5102 621 5141 sese
644 5103 701 5140 una
724 5103 786 5141 oum
804 5087 1028 5158 proprietatibus,
1093 5095 1148 5145 111.
1184 5089 1348 5142 Antithesis.
1382 5088 1464 5142 Circa
1487 5088 1568 5143 finem
1592 5088 1931 5148 incarnationisaber·111

194 5172 295 5242 quibus
313 5190 330 5227 a
347 5173 463 5228 caeteris
487 5174 593 5227 naturis
611 5174 818 5242 discernuntur,
837 5183 1028 5244 permanentes
1055 5182 1129 5231 rant:
1159 5181 1180 5228 l.
1201 5172 1381 5243 Plotiniani,
1407 5175 1559 5248 διαρρήδην
1581 5181 1687 5246 negant
1710 5177 1816 5234 Filium
1840 5178 1889 5234 Dei
1900 5159 1938 5253 ἒξ

194 5257 230 5311 ad
254 5258 335 5312 unius
355 5259 511 5330 cujuspiam
536 5267 600 5314 actu
619 5259 793 5315 subsistentis
811 5277 945 5332 personae
965 5276 1027 5316 con·
1055 5281 1086 5318 eo
1110 5263 1163 5316 fine
1186 5261 1325 5315 hominem
1351 5261 1470 5329 fectum,
1501 5267 1533 5316 ut
1556 5279 1607 5332 pro
1631 5265 1757 5331 peccatis
1780 5265 1888 5321 humani

193 5344 363 5399 stitutionem
380 5353 555 5401 concurrunt.
589 5345 675 5418 Atqui
693 5348 759 5403 uuio
773 5347 949 5419 hypostatica
962 5349 1027 5402 dua·
1054 5347 1163 5419 generis
1190 5347 1406 5402 satisfactionem
1425 5356 1579 5418 praestaret
1598 5365 1707 5420 uosque
1725 5351 1888 5418 redimeret;

193 5447 255 5484 rum
268 5427 427 5488 naturarum
441 5433 470 5489 in
484 5433 593 5488 Christo
606 5433 700 5489 differt
717 5435 753 5490 ab
771 5436 873 5490 unione
889 5434 1028 5489 essentiali
1056 5440 1081 5488 2.
1102 5435 1255 5503 Pontificii,
1280 5434 1346 5487 dum
1375 5441 1395 5490 1.
1420 5434 1690 5506 negant¹Christnm
1708 5453 1772 5493 esse
1788 5438 1888 5492 medis-

193 5516 303 5574 auimae
322 5523 350 5573 et
367 5520 489 5589 corporis
506 5520 535 5573 in
554 5519 685 5590 homine.)
1055 5527 1141 5604 torem
1170 5518 1321 5576 secundum
1353 5527 1497 5592 utrumque
1522 5528 1664 5589 naturam,
1696 5538 1755 5593 qua
1785 5525 1888 5580 ratium
