3984 6022
557 140 612 183 α’
666 125 735 192 ,5

460 216 468 229 ’
559 263 612 318 nn
629 222 878 342 ssncnssnro
893 261 1115 318 namneus
1133 249 1335 321 ursmaro.
1731 271 1792 335 sur

97 417 231 488 praediti
248 435 310 470 eum
336 418 450 488 aliquid
464 418 534 486 fieri
558 419 653 471 uolunt
674 419 755 472 uerbo
781 417 877 487 alique
902 416 936 468 id
963 417 1051 470 Pater
1069 417 1099 468 in
1115 433 1158 470 me
1177 433 1291 470 manens
1310 417 1360 470 ille
1373 418 1453 482 facit
1470 435 1573 488 opera,·
1598 418 1710 490 quando
1728 435 1794 492 ergo

101 506 266 567 declarare,
285 513 437 573 propterea
455 507 535 559 Deus
553 512 686 574 tanquam
711 505 825 574 loqrmns
848 505 934 556 intro-
961 501 1085 557 Christus
1109 510 1191 558 vento
1215 509 1243 559 et
1266 504 1335 558 mari
1359 503 1491 576 imperat,
1517 505 1611 560 dicens
1634 507 1794 576 obmutesce,

101 591 224 658 matur,
242 607 304 642 cum
322 590 503 660 aliquiduult
516 592 592 662 fieri,
614 591 665 644 boe
684 598 731 658 eet,
749 591 887 658 scrutere,
905 589 934 643 in
960 605 1014 642 non
1033 588 1113 644 abest
1130 589 1166 644 ab
1184 606 1217 643 eo
1235 588 1334 658 Pater,
1362 591 1410 646 sed
1428 591 1463 644 'in
1486 591 1547 663 ipso
1575 598 1603 645 et
1625 610 1675 662 per
1702 592 1793 664 ipsum

101 675 208 730 defens.
232 675 370 732 animadv.
397 694 424 747 p.
453 682 509 732 tor.
557 677 615 734 Nos
642 676 712 731 haec
740 692 795 730 non
824 676 934 730 omnino
959 674 1225 731 taliadicendosive
1239 677 1436 748 praecipiendo
1449 677 1542 748 efficit,
1562 679 1793 750 quemadmodum

99 760 305 833 improbamus,
332 761 382 815 sed
401 761 576 817 concedimus
596 760 712 818 verbum
730 762 800 815 dicit
824 762 861 816 ad
880 759 935 814 Dei
959 759 988 814 in
1006 761 1096 831 prima
1113 762 1252 817 creatione
1271 762 1300 816 in
1317 763 1388 820 Filio
1408 770 1435 820 et
1452 781 1502 836 per
1519 763 1621 819 Filium
1641 770 1736 820 ventos
1766 773 1794 822 et

95 848 209 919 jussum
227 847 324 903 referri
339 864 428 918 posse,
447 850 520 916 (cum
542 855 563 903 1.
581 848 693 918 Moyses
710 847 756 902 hic
773 846 932 902 historicum
960 861 1035 901 mare
1053 848 1164 903 creavit.
1200 847 1269 905 eun
1290 865 1375 920 opera
1392 849 1460 905 DEI
1478 851 1515 905 ad
1534 857 1618 918 extra,
1637 855 1669 904 nt
1685 857 1793 916 vocant,

99 942 219 1006 agatae
239 950 283 988 res
307 940 399 1005 gestas
425 934 626 1005 simplicissime
652 933 803 1003 describam
830 940 853 990 2.
880 949 933 987 nec
959 933 1014 987 sint
1033 934 1159 988 omnibus
1179 933 1268 989 tribus
1286 936 1411 1006 personis
1430 936 1601 1010 communia,
1627 936 1689 991 ideo
1708 935 1793 992 Pater

98 1026 210 1076 mutum
228 1021 258 1074 in
274 1037 373 1088 quaere
389 1019 491 1075 referat
506 1020 598 1075 Deum
616 1020 726 1088 dixisse,
743 1020 792 1074 sed
807 1019 889 1076 etiam
903 1020 932 1072 in
958 1035 1013 1080 non
1032 1019 1183 1091 alloquitur
1208 1029 1348 1078 creaturas
1373 1023 1438 1093 δίχα
1464 1025 1512 1077 roi
1529 1022 1628 1094 Λόγου
1656 1039 1707 1078 nec
1733 1023 1793 1094 agit

98 1108 192 1177 specis
209 1106 302 1173 addat,
320 1122 456 1178 quaenam
469 1105 546 1161 Deus
563 1104 649 1162 verba
665 1107 825 1177 prolocutus
841 1103 933 1172 fuerit,
958 1105 1107 1176 quicquam
1123 1106 1152 1160 in
1169 1108 1302 1163 creaturis
1321 1109 1379 1163 sine
1397 1125 1446 1176 eo,
1470 1124 1502 1163 aa
1520 1108 1581 1164 vice
1599 1124 1680 1164 versa
1696 1107 1806 1179 Ao'yoc'

98 1203 131 1248 nt
142 1195 199 1262 flat
218 1194 280 1260 lun,
299 1193 355 1262 fiat
370 1194 576 1259 firmamentum
602 1198 668 1257 etc.;
694 1198 718 1248 ³.
746 1209 810 1247 cum
835 1192 932 1246 eadem
957 1208 1013 1245 non
1029 1190 1179 1263 alloquitur
1191 1201 1330 1249 creaturas
1342 1193 1559 1249 sinePatrenec
1572 1193 1791 1266 sgitqnicquam

98 1281 137 1335 sit
153 1279 224 1334 ratio
245 1282 293 1334 roi
309 1280 402 1332 dicere
414 1279 443 1332 in
456 1278 549 1349 primis
562 1279 669 1348 diebus,
687 1294 758 1351 quae
776 1279 806 1332 in
826 1277 932 1346 ultimo,
957 1275 987 1331 in
1003 1278 1135 1332 creaturis
1154 1279 1213 1335 sine
1231 1297 1271 1336 eo.
1298 1281 1463 1336 invertimus
1481 1281 1566 1353 igitur
1582 1286 1791 1353 argumentante

97 1367 159 1422 sive
185 1370 279 1429 sexto,
310 1364 359 1419 ubi
389 1364 466 1419 Deus
492 1365 592 1419 iterum
625 1365 720 1420 dicens
748 1363 932 1420 introducitur
958 1362 1012 1428 Qui
1030 1379 1093 1418 curn
1111 1365 1225 1437 imperio
1243 1373 1272 1422 et
1291 1367 1385 1422 divina
1402 1385 1514 1439 prorsus
1533 1368 1697 1424 auctoritate
1714 1385 1790 1424 erea-

97 1470 126 1506 v.
154 1456 201 1508 26:
225 1452 368 1517 faciamus
397 1452 531 1505 bominem
557 1453 598 1504 od
622 1452 772 1520 imapiuem
797 1458 931 1515 nostram,
957 1449 1027 1504 turis
1045 1457 1136 1522 potest
1152 1453 1319 1524 praecipere,
1337 1453 1360 1507 is
1378 1454 1489 1509 easdem
1508 1453 1544 1509 ab
1556 1453 1636 1509 initio
1657 1455 1789 1510 condidit.

97 1538 129 1592 id
147 1537 222 1610 quod
241 1537 276 1592 de
293 1536 346 1592 Dei
365 1537 478 1593 consilio
497 1544 525 1592 et
541 1536 625 1592 verbo
644 1541 809 1611 προφορικῷ
832 1534 931 1591 intelli·
957 1535 1045 1591 Filius
1064 1536 1117 1592 hoc
1135 1544 1234 1608 potest.
1268 1539 1352 1611 Ergo.
1388 1543 1414 1595 3.
1434 1543 1500 1595 Non
1512 1549 1604 1609 potest
1615 1542 1692 1610 fieri,
1712 1549 1742 1595 ut
1760 1543 1790 1595 in
1869 1551 1874 1568 '

97 1625 223 1698 gendum
236 1640 295 1679 esse
309 1630 432 1693 constat,
452 1631 474 1679 4.
495 1624 614 1695 denique
630 1641 693 1679 cum
713 1623 856 1695 Scriptura
872 1637 931 1676 ver·
957 1624 1047 1677 oerbis
1075 1624 1150 1678 illie:
1176 1626 1259 1679 Dinis
1277 1628 1372 1695 Deae,
1391 1629 1447 1696 fiat
1470 1627 1514 1681 uel
1537 1628 1573 1680 sit
1595 1632 1657 1692 trra,
1678 1628 1789 1681 sermea

97 1712 168 1767 bam
185 1708 296 1766 dicendi
316 1709 377 1764 aliis
396 1710 425 1763 in
450 1710 518 1765 locis
545 1709 584 1764 sic
609 1710 735 1781 explicet,
770 1709 871 1766 Psalm.
890 1711 931 1775 33,
958 1711 1030 1763 dicit
1047 1712 1198 1765 subsistens
1221 1712 1341 1783 aliquod
1355 1731 1409 1783 per
1426 1730 1456 1768 se
1472 1715 1597 1783 uerbum,
1620 1730 1705 1783 euque
1727 1714 1789 1784 spec
1878 1776 1881 1797 Ι

97 1818 127 1854 v.
148 1804 178 1854 9:
206 1798 267 1868 ipse
285 1798 357 1851 dimit
379 1805 404 1851 et
427 1799 503 1864 fuit,
516 1798 589 1867 ipse
606 1783 757 1867 'praecepit
782 1806 808 1851 et
831 1795 932 1863 stem.)
959 1797 1022 1850 Deo
1041 1797 1076 1850 ab
1096 1805 1208 1852 aeteram
1226 1807 1251 1852 et
1270 1800 1428 1853 necessario
1446 1818 1565 1854 manans
1583 1801 1722 1869 declaret,
1738 1817 1792 1870 per

99 1885 203 1943 Confer
221 1889 245 1940 2.
264 1883 325 1939 Cor.
344 1890 376 1952 4,
397 1901 422 1938 v.
441 1889 466 1953 6,
484 1884 580 1939 eodem
599 1890 692 1939 temen
714 1883 824 1939 dicendi
847 1880 932 1936 verbo
958 1885 1036 1952 quod
1052 1884 1159 1937 scilicet
1175 1884 1223 1937 lesa
1240 1893 1337 1938 aream
1353 1886 1449 1950 luerit
1481 1888 1594 1940 Nomai
1610 1887 1644 1940 id
1662 1887 1791 1941 declara·

48 1984 86 2028 ⁹1.
99 1972 183 2028 simul
193 1970 354 2042 exprimitur
366 1971 481 2025 verbum
500 1970 685 2025 buocrmrrdr
703 1977 731 2027 et
742 1966 932 2033 substantiale,
958 1977 1009 2037 ret,
1029 1969 1090 2022 sine
1110 1970 1194 2023 dubio
1212 1971 1322 2024 cubum
1341 1972 1418 2025 istud
1433 1970 1477 2026 uel
1493 1973 1584 2042 ipsum
1604 1973 1696 2027 dicere
1714 1981 1790 2044 esset,

98 2060 155 2116 Dei
177 2058 287 2114 scilicet
306 2057 403 2111 Filius.
447 2056 569 2113 Probare
592 2057 678 2129 igitur
700 2073 756 2111 non
777 2067 931 2126 possumus,
957 2056 1002 2109 uel
1017 2056 1050 2109 id
1069 2057 1145 2125 quod
1165 2056 1278 2111 dicitur.
1314 2058 1354 2111 Id
1370 2060 1448 2127 quod
1465 2059 1583 2129 dmitur,
1605 2059 1683 2114 nullo
1704 2068 1790 2130 pasto

98 2146 175 2219 qaod
185 2145 263 2201 Toss.
276 2145 370 2199 innot.
384 2160 470 2216 marg.
481 2143 559 2199 addit
578 2143 750 2207 disereti.
764 2133 933 2195 nibilaliud
958 2150 1133 2212 serapoeum,
1156 2144 1214 2196 ami
1233 2143 1350 2197 uelimus
1368 2152 1511 2199 amenum
1529 2147 1589 2201 Dei
1601 2147 1714 2201 ombum
1732 2164 1791 2202 esse

99 2249 168 2297 esse,
186 2249 268 2302 quarn
287 2232 430 2300 efficacem
448 2231 509 2283 Dei
522 2229 691 2283 saluritatem
709 2237 735 2283 et
758 2229 931 2291 mandatum,
957 2245 1037 2282 soom
1055 2229 1132 2298 illae,
1143 2231 1200 2297 fiat
1222 2231 1277 2300 lus,
1294 2232 1567 2302 fiatfirmomentum,
1588 2233 1679 2304 ipsum
1699 2234 1792 2289 dicere

98 2320 155 2374 imo
174 2335 238 2373 vero
256 2334 312 2372 uns
329 2334 393 2371 cum
412 2315 497 2370 verbo
515 2315 639 2371 mandati
657 2315 805 2370 denotatur
816 2313 931 2369 verbum
956 2315 1086 2369 mmiliter
1106 2332 1164 2370 esse
1179 2317 1281 2386 nequit,
1301 2317 1413 2386 alioqui
1428 2319 1540 2372 uerbum
1554 2320 1636 2374 DEI
1649 2328 1792 2375 amenum

97 2403 290 2473 substantiale,
305 2403 336 2457 id
355 2403 429 2473 quod
445 2407 564 2457 constat:
587 2408 608 2457 1.
627 2419 659 2455 eu
677 2402 832 2469 iqfallibili
845 2401 931 2465 imer-
957 2404 1041 2455 modo
1061 2410 1145 2470 esset,
1162 2405 1246 2457 modo
1264 2421 1319 2457 non
1336 2413 1419 2469 esset,
1442 2423 1496 2475 quo
1517 2406 1591 2459 nibil
1605 2414 1697 2476 potest
1715 2396 1811 2461 enom*

92 2492 255 2564 pretatione
276 2488 396 2545 Johann.
422 2505 445 2542 c.
476 2494 507 2556 1,
532 2487 568 2541 v.'
582 2493 609 2543 l:
645 2489 680 2542 In
700 2488 846 2558 principie
871 2495 932 2541 erat
958 2489 1045 2557 pilari
1062 2489 1227 2559 eberardum,
1243 2498 1320 2559 patet
1337 2491 1410 2545 enim
1428 2508 1460 2545 ea
1476 2492 1540 2562 apsa
1560 2494 1670 2561 Moysis
1689 2511 1791 2547 narra·

103 2578 233 2646 Verbum,
251 2584 276 2629 et
298 2576 413 2629 Verburu
432 2581 493 2627 erat
510 2575 589 2643 apud
606 2576 712 2643 Deum,
730 2583 756 2628 st
774 2577 853 2629 Deus
871 2582 931 2627 erat
957 2576 1039 2643 tione,
1060 2577 1154 2629 Deum
1171 2594 1226 2630 non
1246 2593 1353 2646 semper
1372 2578 1490 2645 deiecisse,
1507 2581 1560 2632 sed
1576 2586 1602 2632 st
1621 2580 1713 2634 dicere
1729 2596 1791 2656 ¹coe·

104 2665 236 2730 Verbum,
255 2662 305 2715 boe
325 2668 386 2714 erat
403 2661 433 2713 in
446 2660 592 2729 principio
611 2663 692 2729 apud
708 2661 817 2726 Deum,
837 2661 931 2714 omnia
955 2661 1074 2731 piasset
1098 2662 1191 2716 dicere
1215 2663 1343 2728 demisse,
1366 2680 1393 2733 p.
1416 2669 1473 2720 107.
1507 2664 1591 2736 Resp.
1618 2670 1660 2720 est
1685 2664 1791 2721 insuffi-

92 2769 151 2822 psr
169 2751 259 2819 ipsum
275 2749 356 2812 fosta
373 2755 444 2815 eunt,
460 2764 494 2802 ex
514 2763 569 2817 quo
588 2747 648 2802 loco
667 2746 707 2802 sic
725 2747 929 2802 concludimus:
957 2748 1033 2802 ciens
1053 2747 1230 2804 enumeratio.
1268 2746 1411 2803 Omittitur
1428 2749 1501 2805 enim
1521 2750 1682 2821 principalis
1706 2751 1792 2822 signi·

96 2837 174 2892 Illud
190 2835 319 2902 uerbum,
343 2851 393 2905 per
410 2833 485 2905 qnod
506 2835 599 2890 omnia
616 2833 786 2904 factasunt,
811 2835 840 2888 in
857 2834 930 2906 prin·
956 2834 1058 2898 ficato,
1076 2850 1133 2905 qua
1151 2833 1266 2888 verbum
1283 2833 1418 2905 accipitur
1435 2853 1486 2907 pro
1505 2833 1592 2908 Λόγῳ
1610 2836 1792 2908 inaurarmqi,

96 2922 171 2994 cipio
192 2927 252 2976 erat
271 2918 339 2995 πρὸς
358 2920 407 2973 τὸν
428 2918 503 2975 θεὸν.
539 2920 625 2991 Atqui
648 2919 700 2975 hoc
720 2926 762 2975 est
789 2921 930 2991 proprium
957 2919 1005 2992 qui
1023 2927 1083 2975 erat
1100 2921 1127 2974 in
1144 2919 1192 2974 illo
1209 2919 1320 2976 dicendi
1348 2926 1376 2975 et
1399 2922 1589 2992 praecipiendi
1614 2923 1699 2979 verbo
1724 2942 1791 2997 upo-

96 3024 232 3082 personae
251 3006 436 3062 subsistentis.
463 3006 537 3078 Ergo
558 3005 681 3063 Verbum
699 3007 777 3070 illud,
795 3008 930 3078 perquod
958 3008 1067 3078 qoprrqi
1088 3013 1171 3078 atque
1191 3012 1312 3064 externo.
1347 3007 1382 3062 In
1407 3007 1788 3081 creaturisintelligentibus

83 3096 191 3175 ,omnis
208 3094 367 3162 factasunt,
385 3100 427 3148 cst
438 3110 555 3164 persona
566 3110 616 3164 per
626 3111 656 3148 se
668 3091 837 3163 subsistens3
858 3097 883 3149 2.
899 3111 931 3146 eu
956 3093 1071 3148 verbum
1090 3098 1232 3147 externum
1251 3111 1308 3148 non
1325 3099 1367 3147 est
1385 3092 1491 3165 absque
1507 3094 1621 3158 interno,
1640 3093 1789 3165 inlperinm

98 3181 261 3240 Salomoms
278 3180 486 3248 teeufiootione,
500 3179 561 3251 ,qui
583 3180 735 3250 sapientiae
754 3179 808 3235 Dei
833 3180 930 3235 eadem
956 3177 1139 3249 praerequirit
1156 3178 1242 3246 λόγον
1261 3178 1321 3241 ἔξω,
1340 3179 1454 3234 verbum
1467 3179 1642 3253 npoqopmo'r
1657 3197 1789 3254 praesup-

62 3330 65 3340 ,
96 3268 205 3336 uiuat,
223 3283 296 3338 quae
313 3267 423 3339 Moyses
433 3265 487 3321 Dei
506 3264 599 3334 verbo,
617 3265 747 3320 Proverb.
763 3271 786 3321 8.
804 3284 830 3320 v.
844 3271 885 3321 22.
903 3273 931 3322 et
956 3265 1035 3336 ponit
1053 3263 1169 3319 verbum
1190 3265 1360 3333 ἐνδιάθετον,
1384 3265 1480 3336 ecquis
1494 3265 1585 3345 ³igitur
1605 3267 1723 3322 creatori
1746 3285 1788 3323 ea

95 3372 184 3426 seqq,
202 3353 241 3408 de'
254 3370 309 3425 quo
321 3357 484 3424 argumento
496 3352 619 3406 dicemus
630 3351 713 3422 paulo
729 3352 928 3423 postuberius3
955 3352 1125 3424 pientissimo
1146 3349 1260 3406 verbum
1280 3359 1423 3407 externum
1442 3357 1470 3405 et
1488 3351 1664 3424 προφορικόν
1683 3353 1789 3425 absque

95 3445 126 3499 3.
144 3457 178 3496 en
194 3440 239 3493 rei
255 3439 344 3510 ipsius
362 3439 598 3501 consideratione,
624 3437 690 3509 quia
708 3437 737 3492 in
756 3437 805 3492 illo
823 3439 928 3509 praeci·
955 3439 1063 3493 interno
1081 3445 1109 3491 et
1125 3442 1238 3492 aeterno
1255 3436 1379 3492 tribuet?
1397 3438 1530 3504 Quamvis
1548 3455 1615 3511 ergo
1626 3438 1655 3493 in
1666 3445 1789 3510 tempore

95 3528 193 3601 piendi
216 3533 245 3582 st
266 3526 415 3582 mandandi
440 3525 524 3581 verbo
547 3531 607 3580 erat
632 3525 719 3578 virtus
746 3525 873 3580 altissimi
902 3533 930 3582 et
954 3523 1032 3578 Deus
1057 3523 1169 3592 dixerit,
1184 3524 1241 3590 fiat
1258 3523 1318 3586 luc,
1345 3529 1373 3577 et
1396 3523 1513 3578 dicendo
1531 3524 1625 3579 omnia
1646 3526 1788 3596 creaverit,

95 3613 224 3672 Verbum
242 3613 336 3669 Patris
354 3612 568 3684 hypostaticam,
586 3629 649 3666 cum
661 3610 744 3666 Pater
760 3630 815 3667 non
834 3629 928 3684 opere·
954 3615 1048 3665 tamen
1064 3609 1100 3664 ab
1118 3615 1232 3665 aeterno
1249 3609 1363 3666 verbum
1382 3609 1518 3664 internum
1537 3617 1565 3665 et
1581 3609 1787 3681 hypostaticam
1858 3653 1867 3676 ,

94 3710 142 3759 tur
159 3700 266 3773 absque
284 3698 357 3754 Filio
374 3699 495 3755 lohann.
516 3705 540 3762 5,
559 3714 585 3751 v.
607 3704 651 3768 ¹⁷3
669 3704 692 3755 4.
713 3716 745 3752 ea
764 3700 834 3753 Nou.
855 3701 927 3758 Tem.
948 3697 1099 3762 essentne¹
1109 3696 1215 3753 unitate
1233 3696 1288 3752 sibi
1313 3698 1493 3769 conjunctum
1517 3697 1633 3768 habuit,
1661 3699 1736 3770 quod
1758 3699 1788 3754 in

95 3789 296 3859 applicarimus,
319 3802 404 3858 quam
420 3786 475 3841 late
492 3785 643 3856 expositam
664 3784 790 3841 dedimus
810 3786 839 3840 in
864 3787 928 3842 srti·
955 3791 1068 3841 externo
1096 3783 1207 3840 dicendi
1232 3783 1317 3840 verbo
1343 3783 1372 3838 in
1397 3789 1519 3854 tempore
1545 3784 1652 3855 prolato
1679 3784 1787 3854 inerat;

95 3876 160 3932 culo
179 3874 214 3929 de
232 3873 294 3928 Deo
313 3873 397 3927 Patre
417 3877 445 3926 et
461 3870 533 3925 Filio
552 3869 579 3946 ξ.
598 3876 639 3927 82.
658 3875 686 3926 et
703 3871 732 3925 in
756 3872 873 3927 articulo
893 3873 928 3928 de
955 3877 977 3927 4.
997 3890 1052 3926 non
1079 3872 1212 3941 mfficit,
1226 3871 1376 3924 redimite
1399 3871 1502 3932 facim
1525 3879 1574 3924 aut
1596 3872 1680 3926 mam
1699 3872 1788 3942 pisane

94 3960 235 4019 creatione
245 3956 274 4034 ξ
291 3965 335 4028 ¹⁰3
355 3963 380 4012 b.
402 3975 434 4011 es
452 3956 626 4012 Chaldaicos
635 3958 848 4027 paraphraeeos
866 3978 928 4013 con-
950 3960 1101 4029 probasse,
1140 3959 1199 4011 Dei
1227 3973 1285 4010 esse
1311 3957 1426 4009 Verbum
1461 3957 1605 4026 quoddam
1638 3965 1788 4024 artemam,
1800 3974 1840 4015 111.
1853 3970 1899 4014 sat.

93 4048 238 4114 semelem,
261 4045 291 4100 in
309 4061 343 4100 ea
362 4043 436 4100 enim
456 4043 664 4098 usitatissimum
684 4049 734 4114 est,
753 4043 856 4098 Filium
874 4044 929 4100 Dei
955 4046 1072 4115 eampse
1084 4044 1230 4114 Spiritum,
1247 4044 1305 4096 nisi
1314 4043 1398 4096 amul
1413 4045 1554 4114 probetur,
1578 4044 1693 4099 Verbum
1711 4046 1789 4099 istud

94 4132 261 4207 promissum
286 4131 419 4201 Messinm
443 4128 576 4202 appellari
598 4132 727 4184 Memrab
744 4131 929 4201 appellatione
954 4132 1088 4200 istumque
1095 4130 1232 4200 Spiritum
1245 4146 1444 4199 sssepersonae
1457 4146 1491 4183 ac
1503 4131 1655 4184 Dominum
1665 4139 1790 4185 nostum

96 4239 132 4276 ex
151 4218 235 4275 verbo
253 4219 321 4269 ab&
340 4217 467 4273 deducta.
954 4219 1052 4272 Jeeum
1074 4217 1213 4271 Christum
1231 4232 1289 4269 esee
1308 4215 1383 4268 illud
1405 4217 1530 4271 Verbum.
1565 4216 1649 4286 Resp.
1671 4216 1701 4270 id
1723 4233 1788 4271 vero
1868 4250 1885 4293 ,-

135 4311 192 4363 123.
226 4303 304 4360 Haec
329 4302 422 4359 omnia
451 4304 475 4359 si
506 4303 593 4375 probs
621 4304 816 4375 observentur,
847 4305 930 4361 facile
954 4302 1106 4359 clarissime
1130 4303 1212 4358 docet
1234 4300 1352 4357 dohann.
1376 4318 1400 4358 c.
1424 4307 1465 4366 1.,
1473 4307 1506 4356 at
1528 4318 1579 4356 suo
1601 4302 1661 4358 loco
1679 4302 1788 4373 plenius
1828 4340 1833 4347 -
1864 4300 1895 4329 '⁸'

93 4390 258 4463 responderi
279 4395 371 4462 potest
397 4389 434 4444 ad
461 4407 511 4457 aa,
537 4407 609 4462 quae
634 4390 749 4447 Socinus
772 4392 801 4447 in
825 4391 928 4448 defens.
954 4389 1117 4457 ostenditur,
1137 4389 1172 4445 de
1191 4387 1336 4458 Spiritus.
1355 4386 1457 4444 ibidem
1475 4407 1501 4445 v.
1519 4392 1543 4453 2.
1562 4386 1675 4444 dicitur:
1696 4388 1788 4458 Spiri·
1826 4465 1829 4468 .
1892 4461 1897 4466 ⁸

93 4478 235 4535 animadv.
254 4496 280 4547 p.
297 4483 354 4533 106.
374 4483 402 4531 et
418 4493 495 4547 seqq.
510 4482 607 4531 contra
623 4477 695 4533 hanc
706 4484 828 4534 nostram
846 4479 929 4535 inter-
955 4485 998 4531 tus
1014 4476 1135 4530 Domini
1159 4475 1306 4528 incubabat
1331 4475 1421 4544 aqum.
1455 4473 1606 4546 cajetanus
1629 4474 1732 4545 accipit
1753 4477 1788 4529 de

92 4563 277 4639 pretationem
294 4563 382 4619 affert.
418 4563 511 4618 Primo
535 4563 638 4634 excipit
660 4565 807 4619 Vatoblurn
828 4569 859 4618 rb
886 4567 928 4618 ‹ti-
955 4563 1015 4617 Dei
1032 4562 1133 4630 ampelo
1149 4568 1271 4614 ineunte
1288 4577 1317 4615 se
1334 4577 1418 4631 super
1441 4577 1547 4630 aquae,
1574 4560 1626 4613 boc
1651 4568 1707 4630 est,
1733 4568 1787 4615 tor-

93 4669 156 4707 sere
174 4667 381 4721 seponerepro
393 4651 508 4719 jubere,
522 4651 703 4720 praecipere,
725 4652 810 4715 selle,
833 4655 926 4706 decer·
954 4658 1052 4720 pisente
1074 4649 1198 4719 primum
1223 4649 1339 4712 mobile,
1370 4649 1450 4718 cujus
1475 4656 1551 4702 motu
1579 4665 1671 4717 aquae
1695 4655 1721 4702 et
1746 4648 1788 4701 in·

92 4755 160 4793 nere
185 4744 237 4794 etc.
271 4736 413 4791 Potuisset
430 4733 533 4791 addere
551 4734 677 4790 blasium
695 4742 724 4790 et
740 4737 854 4808 Beaam,
880 4738 927 4810 qui
946 4736 1063 4804 seriora
1082 4735 1296 4805 uimflearentur.
1331 4732 1454 4790 Rabbini
1473 4736 1509 4789 de
1524 4741 1613 4788 sento.
1640 4732 1787 4789 Goslaviru

93 4825 122 4880 in
142 4828 266 4879 annotat
286 4821 344 4876 suis
362 4821 458 4876 eodem
478 4821 559 4876 modo
582 4828 729 4892 exponunt.
766 4823 839 4889 Quid
862 4841 927 4880 sero
952 4822 1049 4877 itidem
1069 4823 1199 4876 desento
1218 4819 1356 4892 intelligit.
1391 4819 1491 4876 Franc.
1509 4818 1647 4876 Vallesius
1673 4822 1708 4873 de
1724 4819 1788 4888 iqne

92 4915 205 4966 nostrae
228 4908 380 4965 sententiae
398 4907 468 4962 illud
493 4908 686 4978 praejudicat?
721 4911 747 4962 2.
770 4910 854 4963 Istud
870 4911 930 4964 Dei
953 4908 1115 4964 elementari
1132 4907 1161 4962 in
1179 4923 1257 4962 sacra
1274 4906 1414 4978 Philosop.
1432 4923 1459 4978 p.
1478 4912 1519 4964 28.
1544 4905 1667 4975 (Luther.
1685 4911 1750 4961 tom.
1763 4913 1787 4963 4.

85 4999 200 5068 jussum
218 4995 310 5050 simila
327 5002 368 5050 est
390 4994 449 5058 ilii,
477 5013 530 5062 quo
550 4993 679 5048 Obrutus
701 5013 768 5049 usus
792 5004 844 5065 est,
867 5014 928 5050 cum
953 4996 982 5051 in
1000 4995 1101 5052 (irenes.
1118 5013 1146 5066 p.
1158 5000 1181 5050 4.
1202 4996 1238 5047 cle
1255 5001 1332 5047 uento
1350 4994 1472 5064 exponit,
1490 4993 1540 5050 sed
1557 5001 1654 5065 postea
1671 4993 1789 5048 mutavit

91 5083 179 5138 uentu
211 5091 238 5136 et
269 5081 345 5136 mari
378 5080 540 5150 imperavit,
582 5082 693 5134 dicens:
753 5082 928 5136 Obmutescat
953 5083 1137 5148 sententiam.)
1172 5080 1333 5137 Photiniani
1359 5086 1391 5135 ut
1416 5087 1445 5135 et
1468 5079 1599 5135 Calvinus
1627 5082 1662 5134 de
1687 5080 1789 5136 vinus
1878 5068 1896 5122 -’

92 5169 192 5226 Matth.
211 5173 236 5236 8,
254 5186 279 5223 v.
299 5172 340 5223 26.
376 5167 460 5223 Marc.
479 5173 510 5235 4,
527 5184 553 5219 v.
572 5171 612 5222 39.
648 5166 716 5221 Luc.
735 5173 759 5235 8,
775 5185 801 5222 v.
822 5173 862 5224 24.
880 5169 930 5222 ubi
954 5170 1015 5223 Dei
1030 5169 1199 5240 intelligunt,
1226 5167 1313 5222 nostri
1335 5167 1371 5222 de
1389 5166 1502 5236 »Spiritu
1516 5184 1550 5231 s..
1571 5165 1654 5220 tertia
1677 5165 1788 5221 danus

92 5257 166 5310 nibil
190 5272 289 5310 reuera
307 5262 360 5322 est,
385 5255 462 5324 quod
473 5254 559 5323 jussa
577 5253 717 5322 intellipat
739 5271 826 5324 eaque
842 5256 928 5310 ermei-
953 5272 1080 5328 persona.
1210 5299 1218 5313 ,

87 5343 154 5412 piat
172 5349 197 5396 et
216 5349 374 5412 eaeqrsatur,
390 5343 442 5396 sed
454 5358 510 5410 per
517 5341 755 5411 prosopopoeiam
773 5342 867 5396 omnia
885 5343 927 5395 di·
992 5348 1047 5398 124.
1082 5340 1163 5396 Hanc
1181 5345 1348 5410 postremam
1365 5337 1562 5410 expositionem
1581 5336 1787 5395 confirmamus:

90 5436 192 5482 cuntur
217 5436 243 5481 et
264 5437 441 5497 praesentem
465 5430 674 5496 formatumque
699 5429 867 5482 sobrietatem
894 5429 928 5481 ob
955 5434 979 5483 1.
997 5445 1029 5482 es
1048 5427 1247 5499 appellatione.
1264 5423 1375 5480 Dicitur
1394 5425 1518 5496 Spiritus
1528 5424 1643 5480 Elobim
1655 5426 1746 5482 Patris
1759 5430 1789 5483 el

90 5514 188 5572 ocrsloe
202 5523 318 5587 ponunt.
355 5514 438 5585 Resp.
457 5513 582 5571 Christus
601 5513 671 5570 dicit
688 5513 751 5571 Jols.
775 5521 816 5580 14,
833 5533 859 5570 v.
880 5515 1029 5586 1οι111111,
1047 5515 1113 5588 qnia
1129 5530 1147 5569 a
1165 5513 1248 5568 Patre
1266 5486 1386 5570 nubilio
1402 5512 1540 5585 procedit,
1559 5529 1615 5586 quo
1632 5512 1788 5572 minuantur
