3984 6022
191 270 249 331 128
461 318 466 324 .
896 260 1020 320 Locus
1039 257 1183 323 PRIMUS

188 416 377 472 concionibus.
402 416 476 488 Aug.
496 416 515 473 L
534 420 576 472 21).
597 417 632 472 de
651 417 703 471 civ.
721 416 777 472 Dei
797 433 821 473 o.
844 422 885 472 17.
919 418 956 470 In
975 417 1027 471 hoe
1052 416 1153 488 abiona
1177 417 1337 486 mian,
1364 416 1464 486 aliquae
1483 415 1603 471 Patrem
1627 423 1653 469 at
1669 414 1792 483 Fuluia,
1817 423 1843 469 et
1862 417 1889 469 si

188 504 300 574 peden
319 503 403 571 libro,
421 504 502 573 arjos
520 520 619 557 nomen
639 511 679 557 est
696 504 895 574 Apocalypsis,
914 505 1026 557 obscure
1048 519 1103 571 per
1137 504 1232 556 omnia
1260 504 1408 556 character
1442 503 1585 570 atriaepae
1613 508 1737 568 notam,
1768 517 1887 570 morsus

188 591 276 644 nnita
301 590 447 652 dimota,
475 597 506 642 at
532 597 646 643 meatem
673 590 789 658 hpenleh
815 598 972 656 emerant,
1001 597 1027 644 et
1053 606 1124 640 rmus
1142 596 1168 641 et
1186 588 1261 640 idem
1279 586 1419 655 evangelii
1434 595 1460 641 st
1478 587 1711 656 petrasroias
1728 587 1887 656 reperim.

187 692 280 744 panea
298 675 329 728 in
349 691 382 728 eo
400 683 478 743 nott,
504 691 537 728 ea
556 693 673 745 pamm
691 676 922 744 manifestatione
942 676 1025 729 inda·
1053 673 1244 742 Apoealypsis
1268 690 1333 726 erro
1357 673 1393 726 ah
1414 674 1540 742 atrispsse
1564 680 1605 727 est
1627 673 1751 726 omnirrm
1778 670 1889 725 aliea&-

187 769 287 830 pentar
308 769 401 816 retae
424 779 485 814 cam
503 760 612 831 labae,
637 762 757 816 manime
782 763 849 832 qaia
866 762 908 815 sie
927 763 1025 816 eadem
1051 758 1123 810 eima
1140 766 1165 811 et
1181 760 1222 811 acl
1235 759 1288 811 illa
1298 775 1390 827 prope
1403 775 1438 812 ne
1451 758 1532 812 cerlo
1546 758 1666 828 atara
1684 766 1716 811 at
1728 758 1771 811 sie
1785 757 1887 824 dicare,

187 847 282 900 mahir
298 848 392 901 modr‘s
410 847 524 916 repetit,
551 855 582 900 at
609 848 671 902 alia
696 857 779 917 atque
795 848 857 901 alia
876 849 969 902 dicere
986 848 1025 900 vi-
1052 845 1160 897 accedit
1172 845 1396 913 aeonjanpitar,
1408 842 1608 913 hermucham
1620 842 1890 914 aiiqrsamcanssllis

188 935 302 1000 deatar,
323 951 383 986 earn
401 934 487 987 altha·
503 940 585 1003 atpse
603 934 688 987 aliter
704 935 772 988 haec
790 934 856 1003 epea
874 934 966 987 dicere
983 934 1024 986 in·
1052 947 1220 984 commanem
1237 931 1325 985 laea.
1356 929 1436 986 Haeo
1452 929 1604 1001 Dionysius
1617 928 1701 999 apud.
1714 927 1818 984 Euseb.
1832 926 1890 983 dl.

186 1021 345 1087 caelipetar.
381 1017 509 1089 Denique
529 1021 704 1087 infortuna,
726 1036 808 1090 quam
828 1019 856 1073 in
876 1019 1024 1074 canonicae
1052 1016 1156 1071 Eodem
1165 1013 1890 1088 modoconeluditllrasmus(quemsolumBellar.hie

188 1104 360 1159 auctoritatis
382 1104 584 1160 existimatione
602 1111 751 1176 utrumque
768 1106 900 1176 scriptum
920 1110 963 1160 est
979 1120 1024 1159 ex·
1051 1102 1213 1175 perstringit
1224 1119 1371 1174 suppresso
1384 1102 1513 1174 Dionysii
1524 1101 1707 1159 Alexandrini
1720 1101 1842 1167 nomine)
1856 1100 1891 1154 Ut

187 1197 305 1260 partum.
340 1189 426 1245 Liber
444 1189 572 1245 Danielis
590 1191 791 1261 pertraditum
809 1208 841 1245 ex
860 1189 1024 1261 captivitate
1051 1204 1085 1241 ne
1099 1204 1314 1257 commemorem,
1334 1190 1438 1258 inquit,
1453 1189 1547 1243 ’11111111
1562 1204 1731 1258 norparnrn
1743 1188 1891 1241 diesem

187 1275 325 1345 Babylon.
349 1291 404 1329 uon
422 1275 482 1330 sine
497 1274 681 1330 haesitatione
699 1276 728 1330 iu
745 1292 879 1331 canonem
896 1282 1024 1347 receptus
1052 1282 1103 1326 tem
1126 1274 1163 1326 ah
1187 1291 1233 1339 eo,
1251 1274 1311 1343 ¹qai
1328 1282 1368 1327 est
1386 1275 1416 1327 in
1434 1275 1577 1343 wanpelio
1597 1281 1626 1328 et
1640 1273 1770 1344 epistola
1804 1270 1889 1344 Καρ.

187 1366 242 1424 est,
266 1368 299 1416 ut
321 1360 476 1414 monuimus
501 1361 627 1431 superine
653 1357 673 1434 ξ
703 1367 759 1417 155.
783 1362 900 1416 andem
923 1367 1024 1416 samm
1055 1367 1075 1414 1.
1093 1359 1247 1413 Diversitas
1268 1375 1359 1414 rerum
1378 1367 1407 1414 st
1424 1359 1580 1433 argamsrui
1604 1360 1687 1416 etiam
1716 1358 1775 1414 stili
1799 1358 1889 1414 diver·

188 1453 302 1517 experta
321 1452 363 1502 est
380 1446 585 1517 Apocalypsis,
602 1452 634 1500 at
653 1464 686 1502 ex
705 1451 788 1503 autea
808 1447 888 1501 dictis
907 1452 1023 1501 constat.
1050 1446 1160 1500 sitatem
1176 1445 1257 1515 parit.
1292 1445 1326 1499 In
1347 1446 1492 1517 evangelio
1517 1445 1683 1502 describiutr
1699 1444 1836 1514 'birbaum
1860 1444 1890 1498 in

189 1532 259 1589 cum
288 1549 354 1604 ergo
372 1533 444 1587 inter
463 1532 588 1586 Danielis
606 1533 780 1603 prophetiam
799 1537 827 1587 et
844 1533 958 1604 Apocal.
976 1531 1022 1587 lo·
1050 1531 1174 1601 epistolis
1187 1531 1335 1585 tradamm
1346 1532 1485 1603 dogmata,
1498 1538 1647 1603 praecepta
1662 1537 1691 1586 et
1705 1534 1889 1601 separans.

186 1618 285 1673 hannis
302 1625 382 1673 tauta
400 1619 437 1673 sit
452 1617 658 1686 convenientia,
687 1619 749 1673 ideo
773 1618 873 1672 mirum
896 1635 952 1672 aon
974 1625 1023 1681 est,
1051 1615 1084 1670 ln
1108 1616 1160 1671 hoc
1183 1616 1255 1671 libro
1279 1616 1437 1671 continetur
1459 1616 1604 1688 prophetia
1626 1617 1662 1672 de
1685 1616 1788 1671 futuris
1804 1616 1889 1673 rebus

186 1703 342 1759 iohannem
368 1704 494 1773 exemplo
511 1703 637 1758 Danielis
655 1721 755 1759 nomen
779 1696 860 1758 suum
882 1705 963 1759 toties
982 1704 1022 1757 ia-
1049 1719 1099 1771 per
1116 1701 1221 1774 figuras
1238 1709 1266 1756 et
1285 1703 1430 1774 imagines,
1447 1704 1523 1759 unde
1539 1700 1708 1759 adhibeatur
1718 1703 1888 1775 subnaym

186 1789 297 1845 calcare
316 1789 444 1857 voluisse,
463 1789 519 1843 imo
537 1794 565 1844 et
585 1789 729 1857 debuisse,
754 1790 828 1860 quod
847 1805 1022 1860 nequaquam
1050 1786 1153 1856 boiica,
1177 1803 1250 1858 quae
1277 1787 1425 1858 mysticum
1447 1787 1551 1843 habeut
1571 1803 1680 1843 smum
1706 1788 1888 1844 reconditum.

187 1875 363 1946 arrogantiae
383 1874 433 1929 ssd
450 1874 644 1928 consuetudini
661 1873 838 1945 propheticae
855 1880 885 1928 ct
905 1874 958 1944 ipsi
977 1891 1022 1928 ne
1050 1873 1089 1926 At
1114 1873 1178 1927 talis
1200 1872 1344 1927 character
1367 1873 1396 1927 in
1422 1872 1553 1928 hanna
1578 1881 1607 1928 et
1632 1873 1793 1946 dogmatico
1817 1873 1888 1930 libro

187 1962 310 2016 cessitati
327 1961 512 2015 tribuendum.
546 1966 570 2016 4.
590 1960 793 2016 Dissimilitudo
810 1962 922 2015 omnino
940 1977 1022 2032 quae
1049 1974 1105 2012 nou
1124 1958 1222 2013 fuisset
1241 1959 1413 2014 conveniens.
1450 1959 1508 2015 Nec
1528 1975 1578 2013 nos
1596 1958 1649 2029 ipsi
1667 1958 1696 2012 in
1718 1958 1830 2028 scriptis
1844 1973 1888 2012 aa·

187 2045 252 2100 dam
277 2053 319 2101 est
342 2046 414 2100 inter
438 2045 580 2101 historiam
606 2047 796 2118 sumgelicam
813 2052 841 2102 et
857 2048 930 2101 inter
949 2046 1022 2100 hune
1049 2043 1234 2100 curatioribus
1252 2050 1280 2099 at
1299 2043 1327 2097 in
1345 2043 1470 2114 epistolis
1494 2045 1592 2100 mem
1610 2044 1674 2099 stilo
1695 2044 1808 2099 numm
1844 2043 1886 2097 Ae

185 2131 288 2186 librum
311 2130 513 2203 propheticum.
553 2133 663 2189 Veritas
687 2139 715 2189 et
741 2133 878 2188 certitudo
903 2149 1021 2203 evange·
1049 2129 1116 2202 quid
1134 2130 1169 2185 de
1187 2135 1297 2200 patrum
1312 2128 1422 2202 seriptis
1440 2130 1572 2199 dicemus,
1592 2145 1664 2201 quae
1680 2130 1710 2183 in
1728 2128 1887 2202 exegeticis,

185 2217 258 2271 lieae
276 2216 406 2273 historiae
424 2234 480 2272 uon
495 2226 556 2273 erat
574 2219 656 2274 toties
683 2219 864 2286 inculcanda,
889 2235 952 2272 eum
978 2235 1022 2272 res
1050 2214 1215 2286 dogmaticis
1241 2222 1270 2270 et
1292 2215 1437 2286 polemicis
1459 2215 1608 2286 plurimum
1632 2216 1705 2270 inter
1728 2230 1760 2269 sa
1786 2214 1886 2271 disere

187 2303 216 2356 iu
239 2303 326 2357 oculis
349 2304 470 2358 omnium
493 2309 589 2375 gestae
611 2304 729 2371 fuerint,
759 2304 842 2375 hujus
869 2321 935 2359 vero
958 2304 1022 2360 libri
1050 2306 1125 2370 pant
1161 2307 1185 2356 2.
1205 2300 1348 2356 lohannes
1368 2292 1460 2371 potids
1477 2317 1510 2356 ea
1526 2301 1621 2370 verba,
1638 2316 1710 2372 quae
1731 2300 1762 2354 in
1782 2300 1887 2357 tisim

185 2388 334 2443 auctoritas
360 2389 471 2446 omnino
495 2396 557 2444 erat
582 2389 730 2462 diligenter
757 2390 919 2458 asserenda,
947 2390 1022 2444 unde
1049 2386 1171 2455 audivit,
1195 2386 1358 2457 consignare
1381 2386 1484 2455 voluit,
1509 2402 1592 2457 quam
1613 2402 1664 2440 suo
1687 2385 1823 2440 semonia
1840 2401 1885 2458 ge·

185 2491 284 2529 noman
296 2492 377 2529 suum
389 2475 560 2544 βεβαιώσεως
572 2491 657 2530 causa
668 2476 749 2530 toties
762 2475 873 2545 adJ'eeit.
898 2477 1021 2531 51110-
1049 2487 1114 2525 nere
1137 2471 1310 2543 prophetiam
1337 2477 1491 2529 contexere.
1538 2478 1563 2527 3.
1587 2470 1669 2525 Adde
1695 2471 1771 2542 quod
1792 2471 1886 2542 aliqua

186 2561 247 2629 logi
263 2575 363 2614 nomen
380 2560 443 2614 ideo
460 2560 582 2615 iohanni
599 2560 654 2614 fuit
670 2561 849 2630 attubutum,
872 2560 938 2632 quia
955 2578 1022 2631 prae
1049 2557 1106 2611 stili
1135 2565 1163 2612 et
1191 2557 1324 2643 phraseos
1356 2557 1550 2612 convenientia
1577 2556 1818 2628 deprehendatur,
1854 2564 1884 2611 ut

188 2645 288 2700 eeteffl
299 2644 477 2715 evangelistis
489 2651 519 2699 et
531 2646 662 2715 apostolis
674 2646 815 2701 Deitatcm
828 2644 930 2701 Christi
948 2663 1021 2701 asse·
1049 2642 1205 2698 monuimus
1224 2643 1358 2714 superius.

187 2731 252 2787 ruit.
274 2728 390 2798 Dionys.
402 2729 430 2782 in
449 2729 528 2800 epist
541 2730 578 2785 ad
589 2730 746 2786 iohannem
759 2730 1021 2787 iuPatmoexuian·
1084 2733 1143 2784 tae.
1168 2734 1192 2784 t.
1215 2727 1258 2782 Ex
1281 2728 1393 2783 demeto
1419 2726 1629 2783 tesdficstiouis.
1671 2729 1732 2781 Nee
1756 2729 1886 2795 misit,

184 2822 242 2870 tem
268 2813 386 2884 scripta,
413 2815 585 2885 Epiphanius
604 2815 708 2872 haeres
727 2823 766 2872 51.
803 2815 974 2873 Athanasius
993 2817 1022 2871 in
1049 2830 1099 2866 nec
1116 2816 1238 2883 cogitat,
1256 2831 1290 2867 ne
1308 2813 1430 2883 epitola
1448 2814 1562 2882 padam
1579 2814 1616 2866 de
1633 2813 1686 2865 hac
1703 2813 1887 2884 Apocalypsi,

186 2900 319 2972 Synopsi,
347 2897 445 2971 cyrill.
464 2900 614 2956 Alexandr.
636 2902 685 2958 lib.
706 2909 729 2959 3.
752 2904 788 2959 ds
809 2901 907 2959 'lhiuit
926 2903 1021 2974 Cyrill.
1048 2908 1078 2952 nt
1092 2900 1203 2953 interim
1221 2901 1256 2952 de
1275 2899 1419 2967 euangelia
1438 2906 1554 2966 mecam,
1573 2915 1623 2952 aec
1640 2899 1765 2952 Mean
1776 2901 1886 2968 Apoea-

184 2985 391 3056 Hierosolymit
410 2991 464 3042 cat.
486 2992 524 3042 12.
550 2986 762 3058 Chrysostomus
780 2989 811 3043 in
827 2989 874 3044 Ps.
887 2995 927 3046 31.
964 2988 1022 3042 Au·
1048 2985 1137 3055 lypsis
1157 2988 1193 3039 de
1218 2986 1353 3054 epistola,
1377 3003 1439 3038 eane
1456 2985 1567 3038 Paulae
1592 2984 1705 3053 aliqrad
1725 2987 1762 3039 de
1783 2984 1886 3038 remk-

184 3072 312 3144 gustinus
332 3077 412 3126 tract.
433 3077 474 3128 36.
492 3073 521 3126 in
538 3071 601 3128 lob.
616 3073 737 3129 Johmni
756 3075 881 3146 apostolo
899 3075 1023 3143 theologi
1048 3072 1168 3125 tionihas
1185 3073 1244 3124 suis
1259 3072 1396 3139 sipnijieet
1417 3072 1447 3123 in
1465 3071 1591 3139 epistolis
1608 3071 1681 3138 aaa,
1709 3088 1781 3140 qaas
1798 3079 1885 3124 mea

183 3173 336 3229 cognomen
353 3155 495 3226 tribuuut;
515 3175 567 3213 nec
586 3158 658 3214 alius
677 3177 710 3217 ex
725 3159 890 3232 antiquitate
905 3160 1021 3231 produci
1049 3177 1104 3211 non
1130 3160 1171 3210 sie
1195 3158 1353 3226 inscripsit,
1383 3165 1413 3208 nt
1443 3175 1491 3208 era
1519 3155 1702 3225 apocalypsen
1724 3157 1885 3226 appellarit

183 3249 274 3314 potest
287 3243 429 3299 lohannes
445 3250 558 3315 praeter
579 3244 654 3299 huuc
679 3246 849 3316 apostolum,
875 3246 923 3317 qui
945 3244 1021 3300 theo·
1048 3241 1201 3313 Dionysius
1218 3243 1294 3313 apud
1307 3241 1459 3296 Eusebium
1479 3242 1506 3296 d.
1523 3241 1540 3295 l
1558 3241 1644 3312 Resp.
1672 3247 1696 3296 1.
1714 3257 1769 3296 nae
1782 3242 1886 3297 Paulas

183 3328 241 3400 logi
261 3344 415 3401 cognomen
431 3330 516 3385 suerit
533 3331 653 3386 sortitus.
691 3338 714 3386 6.
733 3333 873 3401 exemplar
893 3331 1022 3403 Complu·
1048 3330 1077 3383 in
1098 3328 1155 3382 suis
1174 3328 1298 3399 epistolis
1320 3327 1488 3398 reliquarum
1511 3325 1649 3394 meminit,
1674 3326 1771 3397 eequis
1795 3333 1886 3382 umas

184 3419 271 3482 tense,
290 3415 365 3486 quod
386 3415 577 3487 antiquissimo
595 3417 747 3488 archetypo
765 3418 932 3488 respondere
946 3417 1022 3488 judi·
1049 3414 1165 3479 dixerit,
1189 3430 1237 3468 aas
1255 3431 1311 3468 non
1329 3430 1389 3469 esse
1409 3412 1531 3467 aPaulo
1553 3411 1690 3483 scriptas?
1726 3419 1751 3468 2.
1767 3413 1886 3479 Quidam

186 3504 278 3568 catur,
307 3516 437 3570 expresse
464 3501 563 3557 babet:
587 3503 780 3573 Apoealypsis
797 3522 819 3557 s.
844 3504 970 3573 apostoli
999 3511 1024 3557 et
1049 3518 1083 3556 ox
1100 3491 1257 3571 Epiphanio
1275 3498 1380 3554 haeres.
1400 3497 1581 3555 51.Eusebio
1599 3499 1647 3554 lib.
1671 3503 1696 3553 ³.
1718 3497 1784 3556 hist
1803 3515 1828 3554 o.
1846 3505 1885 3556 et.

185 3584 370 3652 wareqehhtae
387 3586 530 3640 Johannie
547 3587 674 3655 theolopi.
1050 3586 1203 3641 Athanasio
1221 3586 1249 3639 in
1269 3585 1398 3656 Synopsi.
1434 3584 1513 3638 Beda
1538 3584 1567 3638 in
1583 3583 1631 3639 lib.
1655 3583 1693 3638 de
1717 3600 1766 3638 sex
1791 3583 1886 3640 mundi

84 3686 112 3724 11.
126 3683 173 3726 ter.
221 3674 279 3725 295.
300 3674 324 3725 2.
342 3668 385 3723 Ex
402 3670 460 3725 stili
485 3670 653 3726 diremitate.
684 3672 719 3725 ss·
737 3689 834 3726 sennes
853 3672 936 3742 lajas
954 3675 1026 3728 libri
1049 3670 1187 3727 aetsfibus
1216 3670 1367 3741 colligunt,
1398 3668 1590 3739 Apocalypsin
1620 3674 1685 3723 ante
1712 3667 1886 3741 mugilum

186 3762 212 3806 et
231 3755 315 3807 verba
337 3761 559 3825 strtwtmrnqae
585 3757 726 3824 naneae
746 3765 774 3810 et
799 3759 934 3827 epistola
960 3776 1022 3813 coa-
1049 3757 1136 3812 fuisse
1155 3756 1295 3826 scriptam,
1315 3772 1370 3826 quo
1383 3771 1466 3809 seusu
1479 3754 1623 3824 accipiant
1638 3753 1726 3809 rerba
1736 3755 1827 3825 Apoc.
1848 3760 1886 3810 tt.

185 3840 304 3905 Man,
326 3840 405 3893 haud
421 3840 557 3894 immerito
576 3841 652 3895 alias
671 3845 708 3895 ah
724 3844 895 3912 eeanpeihta
913 3845 1022 3914 coiiipi·
1050 3860 1075 3898 v.
1096 3850 1141 3898 11:
1169 3843 1284 3911 Oportet
1306 3849 1331 3894 te
1348 3842 1448 3893 haam
1461 3841 1634 3909 prophetare
1649 3840 1782 3908 peatihrss,
1796 3858 1886 3911 popo·

186 3933 238 3978 tar.
275 3926 388 3980 Etenim
405 3928 578 3981 concordant
597 3929 670 3982 inter
685 3945 715 3982 ae
733 3930 905 3998 mespelium
923 3938 949 3984 et
965 3932 1022 4000 epi·
1051 3930 1099 3996 lis,
1130 3929 1234 3996 linpais
1263 3935 1289 3981 et
1314 3928 1424 3995 regidos
1449 3926 1553 3980 multia
1596 3925 1685 3996 Atqui
1714 3926 1743 3980 iu
1772 3925 1886 3982 historia

185 4011 269 4066 stola
307 4011 422 4066 Similia
439 4019 503 4065 sant
525 4013 664 4082 atriaque
684 4014 811 4069 norea
830 4015 1022 4086 anerpeiiarn,
1050 4014 1210 4086 evangelica
1233 4031 1289 4068 non
1315 4014 1408 4083 potuit
1434 4014 1576 4068 commode
1602 4012 1771 4068 mendacem
1785 4013 1886 4069 ¹faeere

184 4098 215 4151 in
231 4096 500 4167 principias'npait,
519 4099 873 4170 perverterentur.
894 4107 918 4158 1.
951 4102 1023 4172 Epi·
1049 4099 1266 4171 Apocalypseos.
1302 4106 1326 4153 3.
1345 4099 1375 4155 Si
1393 4104 1541 4171 propterea
1557 4097 1748 4169 Apocalypsis
1765 4114 1823 4154 uon
1846 4105 1887 4155 etl

183 4184 271 4252 swla,
297 4183 375 4252 quod
391 4189 467 4251 erat,
485 4183 588 4252 inqua,
608 4186 644 4237 ah
661 4186 751 4240 initio.
791 4193 811 4242 1.
829 4185 893 4247 ioh.
914 4194 937 4255 l,
952 4206 978 4242 v.
997 4194 1021 4245 1.
1049 4184 1194 4255 lobannis,
1210 4185 1277 4257 quia
1295 4185 1357 4254 ejus
1372 4201 1424 4240 nec
1441 4185 1471 4238 in
1490 4184 1635 4255 evangelio
1652 4199 1706 4238 nec
1722 4184 1752 4238 in
1770 4184 1886 4255 epistola

184 4267 383 4336 Eranpsiinm:
413 4269 453 4321 El
481 4269 599 4322 Verbera
618 4288 687 4323 earo
705 4273 820 4338 saetam
844 4281 884 4326 at
902 4281 928 4327 et
944 4274 1022 4327 hahi-
1048 4271 1080 4327 fit
1097 4269 1214 4335 mentio,
1230 4286 1402 4342 consequens
1419 4268 1516 4339 fuerit,
1541 4270 1622 4340 epist.
1638 4270 1757 4347 primam
1774 4269 1884 4326 catholi-

184 4356 253 4407 tacit
271 4354 301 4407 in
319 4353 399 4407 nohis
416 4361 442 4406 et
459 4353 581 4407 vidimus
597 4355 720 4422 pieriam
737 4357 806 4426 ejas,
825 4358 948 4425 pieriam
960 4368 1021 4412 taa-
1049 4376 1111 4414 cam
1133 4357 1229 4412 itidem
1253 4374 1308 4411 non
1336 4373 1396 4412 essa
1419 4356 1568 4425 lobannis,
1597 4372 1659 4409 cum
1686 4356 1717 4409 in
1743 4355 1885 4428 swain

183 4456 268 4508 psam
291 4439 429 4507 arripaniti
450 4456 470 4492 a
494 4441 589 4494 Patre.
613 4441 677 4495 Jah.
705 4447 729 4508 1,
759 4459 783 4495 e.
812 4447 852 4497 11.
889 4445 1023 4514 Epistola
1048 4460 1104 4498 non
1131 4443 1181 4498 fiat
1208 4442 1332 4514 ejusdem
1361 4442 1471 4496 mentio.
1520 4441 1560 4495 At
1586 4441 1621 4495 de
1650 4441 1816 4497 eumenes
1841 4440 1884 4496 sel

183 4526 280 4579 naen
298 4525 381 4577 hahet
394 4541 550 4595 parumper
567 4526 723 4581 immutata.
761 4528 843 4590 aaa
856 4529 1021 4598 mairiam,
1050 4524 1162 4584 auctori
1185 4528 1291 4599 primae
1316 4527 1391 4581 iilius
1409 4527 1543 4598 epistolas
1559 4542 1702 4597 nunquam
1722 4526 1779 4580 tait
1795 4527 1825 4582 iu
1842 4542 1884 4583 st·

182 4610 630 4680 superadnumeretur
650 4612 769 4681 mehir,
787 4616 865 4683 qnod
877 4617 1021 4684 penpeai-
1048 4614 1133 4670 clesia
1155 4613 1322 4669 dubitatum.
1369 4620 1392 4668 1.
1419 4612 1525 4667 Paulus
1552 4611 1683 4680 epistolas
1707 4627 1773 4666 ease
1798 4611 1885 4667 uoluit

183 4712 244 4748 msa
262 4702 288 4748 et
305 4711 405 4747 manas
422 4703 787 4763 noeaoecontrrctarerant
805 4701 842 4753 ele
855 4701 1022 4755 samnitas
1047 4699 1190 4771 appellare
1218 4699 1417 4771 apocalypsen,
1453 4699 1519 4769 quia
1555 4713 1611 4751 uno
1648 4696 1788 4752 duntaxat
1825 4697 1884 4753 loco

149 4831 151 4835 2
185 4788 212 4834 et
235 4781 295 4833 nita
317 4779 501 4846 nans'scstata
524 4790 565 4834 eet
580 4786 605 4836 1.
624 4783 691 4837 Joh.
711 4790 735 4850 1,
765 4802 790 4839 r.
813 4791 836 4842 1.
862 4794 888 4839 et
904 4788 931 4838 2.
969 4786 1024 4848 ilai
1048 4801 1133 4840 uuam
1166 4785 1348 4854 ἀποκάλυψιν
1378 4783 1517 4852 describit,
1551 4783 1601 4837 sed
1632 4781 1678 4836 hie
1707 4781 1781 4838 liber
1811 4789 1883 4838 tow

184 4874 286 4920 “iim
312 4866 393 4934 itliis
428 4865 547 4920 immiti
573 4867 704 4937 arisque
734 4873 898 4938 tranans
926 4872 1021 4940 eitam,
1048 4870 1134 4926 imme
1151 4872 1336 4941 descriptione
1348 4869 1556 4937 insaniissent
1568 4874 1722 4938 occupatus
1742 4875 1794 4938 est,
1811 4868 1884 4924 unde

176 4952 345 5021 frequenter
362 4952 462 5018 lucan,
487 4952 708 5007 delmationem
728 4972 748 5007 a
766 4949 898 5026 tenedus,
915 4958 1021 5011 crein-
1048 4973 1065 5010 a
1081 4957 1181 5027 potiori
1198 4957 1296 5012 merito
1315 4955 1429 5010 sortitus
1447 4955 1502 5010 fuit
1520 4953 1736 5024 inscriptionem.

182 5037 255 5090 sisae
270 5037 429 5105 recitatoris,
446 5037 583 5107 pratiam,
602 5040 752 5107 gaudiam,
771 5042 885 5096 earnem
904 5060 939 5097 aa
956 5061 1021 5098 ean·
1083 5048 1141 5098 297.
1168 5049 1192 5098 1.
1218 5042 1262 5096 Ex
1285 5042 1420 5114 qualitate
1446 5041 1585 5112 phraseos.
1630 5040 1733 5093 Adhuc
1759 5056 1794 5094 ea
1819 5041 1884 5110 ipsa

183 5123 294 5192 phineae
313 5123 440 5192 Domini,
456 5124 608 5194 jade'cians,
624 5134 806 5195 peccatoram
823 5128 1021 5197 remissiorem,
1044 5127 1148 5196 phrasi
1163 5129 1353 5196 conjecturari
1370 5136 1469 5197 potest,
1488 5126 1614 5196 quaerre
1631 5125 1774 5193 craspelii
1789 5134 1815 5181 et
1826 5126 1884 5196 epi·

184 5207 359 5262 watonem
378 5209 439 5262 Dei
459 5225 529 5277 erpa
550 5228 613 5278 nos,
633 5221 815 5283 praeceptam
837 5231 888 5268 nos
905 5216 1021 5269 isannem
1047 5213 1151 5280 stolae,
1182 5214 1285 5267 deinde
1315 5223 1341 5267 et
1370 5212 1581 5282 Apoealypseor
1609 5211 1694 5280 hujus
1724 5211 1884 5265 amtor.

184 5294 332 5362 &ligendi
351 5296 492 5349 amada
512 5312 571 5349 erse
590 5306 688 5351 asnaa
704 5308 867 5371 praerepta,
883 5302 1020 5369 redarpn-
1046 5299 1123 5352 lllas
1140 5317 1258 5369 eampse
1275 5317 1331 5354 non
1348 5302 1432 5353 modo
1452 5301 1603 5368 inoffensae
1620 5299 1774 5351 mamm
1792 5295 1884 5352 Grae
1896 5301 1937 5343 at

184 5379 285 5433 amem
302 5381 415 5451 madi,
440 5381 553 5436 diaboii
569 5390 596 5436 et
612 5384 778 5451 antichristi,
801 5387 1019 5456 promissionem
1046 5403 1109 5439 cam
1127 5385 1284 5455 aheim,
1301 5388 1352 5439 ssd
1367 5393 1394 5440 et
1410 5385 1602 5438 dhsrtsssimis
1622 5384 1792 5438 dictionibus
1796 5423 1806 5450 ,
1827 5384 1884 5453 ryt-

186 5464 310 5534 Spiritns
335 5468 440 5535 emoti,
469 5467 649 5537 adoptionem
677 5472 750 5540 Dei,
772 5473 863 5538 fidere
892 5490 913 5526 a
940 5473 1020 5526 nohr's
1045 5471 1171 5540 lephna
1188 5481 1213 5527 et
1228 5472 1375 5527 sensam
1392 5471 1573 5540 expositionis
1597 5471 1721 5540 scriptae
1744 5479 1825 5540 aaa,
1850 5488 1886 5525 ae
