3984 6022
233 281 293 347 m
361 263 364 267 ’
937 264 1061 331 LOCUS
1077 268 1222 337 emtis

232 437 393 498 occumunt,
411 430 475 489 Job.
491 435 540 496 ³8,
558 447 583 483 v.
603 437 626 484 5.
645 428 720 484 Esai
738 435 784 494 44,
802 446 828 482 v.
849 433 889 484 13.
906 428 1010 484 Jerenr.
1026 432 1068 494 31,
1094 426 1194 489 stolus,
1216 442 1250 481 ac
1269 425 1298 480 in
1314 424 1425 495 scriptis
1442 441 1537 481 eorum
1554 424 1767 496 comprehensa,
1787 425 1837 498 qui
1848 425 1930 500 juxta

232 523 317 573 139.
342 517 383 571 Er
401 515 529 570 hocloco
548 515 648 585 psalmi
665 515 775 569 videtur
792 513 948 568 deeumtum
962 513 1067 567 dictum
1094 510 1166 565 hanc
1183 528 1308 565 normam
1325 512 1471 575 incedunt,
1490 512 1539 582 qui
1557 511 1586 566 in
1604 510 1660 567 ilde
1676 517 1705 567 et
1723 512 1783 567 vita
1800 512 1873 569 banc
1888 531 1930 571 re·

232 602 425 673 propheticum
448 601 488 655 illi
511 601 715 671 quodammodo
739 599 904 671 parallelum
931 599 1005 654 Esai.
1026 604 1067 667 28,
1094 598 1362 668 gulemsequuntur,
1381 615 1466 668 siper
1483 598 1549 652 illos
1561 606 1710 666 estpoeet
1724 599 1928 665 οπὺοποονὼὶο,

233 705 259 744 v.
285 695 328 743 to:
356 689 540 756 Praeceptum
559 689 600 740 od
614 695 795 757 praeceptum
814 670 868 759 7125
891 688 926 752 tp,
950 669 1005 758 ΠΣ),
1027 688 1065 753 tp,
1093 682 1123 737 id
1150 687 1205 753 est,
1231 684 1272 737 illi
1297 683 1401 738 habent
1425 684 1516 738 Deum
1542 683 1706 754 propitium,
1733 685 1929 743 consenum

232 774 310 829 unca
336 791 421 843 uesper
442 774 559 836 lincam,
588 774 632 826 uel
656 773 732 826 laissa
746 780 812 842 post
830 773 952 837 lineum
976 789 1001 827 v.
1023 776 1067 826 13:
1093 769 1272 839 tranquillam
1290 777 1319 824 et
1334 786 1382 825 cor
1399 785 1541 838 securum,
1566 776 1595 824 et
1612 776 1677 825 sunt
1690 772 1789 825 Ierotl
1808 773 1881 842 Dei,
1901 771 1929 827 id

232 861 287 912 crit
306 859 346 913 eis
362 860 475 913 vebum
493 859 613 913 Domini
625 867 806 928 praeceptum
825 860 867 912 od
880 865 1067 927 pracceptum,
1094 863 1144 921 est,
1163 856 1320 925 spirituales
1340 855 1492 920 israelitae,
1509 856 1630 926 populus
1641 856 1705 925 Dei,
1723 875 1790 914 vera
1807 857 1929 928 ecclesia,

234 946 311 999 tinea
336 949 377 1000 od
400 948 504 1001 lineum
530 955 579 999 etc.
619 945 739 1011 Quidam
763 945 832 999 illud
859 943 1069 999 accommodant
1094 949 1147 997 etc.
1182 941 1254 996 Phil
1273 947 1303 1009 3,
1329 961 1354 998 v.
1376 948 1421 998 16:
1452 944 1636 998 Veruntamen
1653 946 1695 997 ad
1710 946 1790 1013 quod
1803 947 1929 1015 perosae

235 1032 287 1088 hoc
328 1033 425 1088 modo:
466 1033 634 1088 architectus
668 1033 771 1088 lineam
805 1031 943 1099 extendit,
980 1030 1067 1085 donec
1094 1047 1169 1094 mus,
1197 1037 1227 1082 ut
1251 1030 1280 1083 io
1304 1031 1400 1083 codem
1428 1031 1527 1097 reputo
1548 1047 1765 1099 permaneamus
1792 1034 1832 1102 τῷ
1858 1031 1929 1102 utre*

231 1117 320 1173 faciat
343 1120 468 1175 ordinem
492 1137 592 1188 unum,
621 1127 719 1190 postea
742 1136 802 1174 eam
821 1117 954 1173 transfert
974 1124 1003 1171 et
1023 1133 1067 1171 or·
1094 1122 1213 1184 στοιχεῖν
1239 1115 1352 1184 κανόνι,
1377 1124 1407 1170 ut
1425 1116 1500 1169 idem
1519 1117 1676 1186 sapiamus.
1705 1134 1733 1172 r.
1753 1123 1799 1173 l'l:
1829 1119 1928 1175 (loimi—

232 1205 324 1261 teudit
342 1206 474 1276 desuper,
494 1213 526 1262 ut
544 1205 629 1260 faciat
647 1205 769 1260 ordinem
785 1205 877 1273 alium,
897 1212 925 1259 et
942 1203 983 1257 ita
1000 1220 1066 1273 pau·
1094 1209 1199 1256 tutores
1220 1202 1275 1255 mei
1297 1210 1382 1257 estote
1406 1210 1432 1256 et
1454 1204 1596 1257 ommate
1622 1221 1683 1271 eos,
1709 1205 1761 1273 qui
1776 1205 1819 1259 e‘ta
1836 1207 1928 1260 arrha

231 1289 309 1344 latim
329 1293 434 1362 pergit,
458 1292 545 1347 donec
563 1291 690 1346 absolvat
714 1291 862 1360 parietem3
889 1290 930 1345 sic
952 1289 1068 1344 docendi
1094 1289 1169 1352 leot,
1197 1290 1268 1343 sicut
1292 1289 1398 1343 Mosen
1418 1291 1558 1358 smmum,
1577 1288 1855 1362 circonscriptus,
1883 1292 1929 1348 ubi

233 1382 298 1430 sunt
306 1394 455 1447 puerorum
468 1378 563 1446 instar,
582 1378 630 1448 qui
641 1377 775 1447 paulatim
791 1394 887 1446 parum
901 1376 1066 1447 percipiunt
1093 1373 1235 1444 apostolus
1258 1374 1356 1430 itidem
1379 1375 1415 1430 de
1432 1375 1571 1444 doctrina,
1597 1392 1682 1447 quam
1697 1376 1927 1448 Philippensibus

232 1461 316 1518 Aban
334 1463 407 1517 Erre
426 1462 511 1520 refert
531 1466 568 1515 ut
591 1462 626 1517 ad
641 1471 797 1531 praecepta
815 1469 843 1515 et
861 1468 893 1530 tp
908 1462 944 1516 ad
964 1463 1065 1515 doctri·
1093 1460 1257 1527 tradiderat,
1286 1459 1420 1531 loquitur,
1452 1469 1480 1516 st
1503 1463 1586 1532 juxta
1609 1479 1671 1518 eam
1700 1462 1777 1518 velut
1804 1462 1874 1521 fidei
1902 1472 1929 1521 et

220 1568 297 1602 acm
329 1550 473 1619 scriptam,
509 1567 571 1604 cum
601 1548 680 1619 pueri
709 1547 821 1602 ducunt
846 1548 939 1619 legero
964 1549 1065 1604 lineam
1092 1547 1165 1603 vitae
1190 1546 1315 1618 regulam
1338 1547 1431 1601 omnia
1454 1548 1482 1601 in
1506 1548 1624 1604 ecelesia
1647 1549 1845 1605 constituenda
1870 1568 1928 1607 esse

231 1651 315 1689 unam
350 1641 414 1706 post
449 1636 578 1703 alteram,
621 1652 656 1689 nc
691 1634 868 1690 multitudine
904 1634 1064 1690 obruantur.
1092 1632 1234 1703 praecipit
1280 1632 1400 1697 Quidam
1425 1632 1510 1688 etiarn
1534 1632 1589 1688 huc
1611 1633 1737 1690 referunt
1762 1640 1787 1692 2.
1805 1635 1925 1693 Corinth

231 1720 352 1786 Quidam
370 1720 411 1775 sic
430 1720 597 1792 intelligunt,
616 1720 735 1791 stupidis
752 1721 807 1776 illis
826 1728 854 1775 et
873 1721 962 1777 caede
981 1721 1064 1777 homi·
1095 1725 1139 1787 10,
1165 1737 1192 1774 v.
1221 1724 1261 1775 13.
1290 1726 1328 1773 15.
1352 1725 1381 1773 et
1408 1724 1447 1774 tt.
1481 1719 1532 1774 sed
1558 1719 1597 1774 ibi
1624 1721 1765 1791 apostolus
1789 1739 1848 1778 non
1873 1732 1927 1779 tata

231 1806 313 1862 nibus
330 1815 479 1878 praecepta
497 1814 525 1862 et
542 1807 653 1878 regulas
672 1807 741 1875 deri,
760 1807 809 1861 sed
828 1825 873 1861 eos
891 1815 984 1862 tamen
997 1808 1065 1861 nihil
1093 1808 1128 1860 dc
1153 1823 1257 1860 cunone
1282 1807 1441 1874 doctrinae,
1468 1822 1552 1876 quam
1576 1806 1612 1863 de
1635 1801 1769 1864 measure
1791 1811 1927 1865 com

231 1893 401 1964 intelligere,
421 1894 587 1965 superinde
605 1911 679 1963 esse,
701 1911 732 1947 1ο
751 1894 774 1947 si
793 1894 854 1965 quis
873 1895 1019 1965 peregrina
1038 1901 1065 1947 et
1091 1892 1222 1963 loquitur.

230 1979 327 2034 blaesa
361 1980 457 2051 lingua
492 1981 547 2034 illis
578 1982 715 2053 loquatur.
764 1982 805 2035 Er
842 1989 900 2037 toto
936 1989 1065 2036 contextu

229 2071 353 2135 apparet,
369 2082 521 2121 sermonem
539 2084 599 2122 esse
619 2070 653 2122 de
672 2067 895 2136 contemtoribus,
914 2068 992 2122 verbi
1001 2085 1064 2122 con·
1127 2069 1186 2120 439.
1217 2063 1259 2117 Ex
1289 2062 1365 2120 hisce
1392 2063 1525 2132 Desidia,
1554 2063 1655 2121 Esaiae
1682 2071 1712 2121 et
1736 2065 1820 2123 Pauli
1847 2067 1926 2125 dietis

231 2152 323 2207 cioncs
335 2152 511 2222 propheticas
529 2153 716 2223 irridentibus,
733 2159 886 2228 μιμητικῶς
904 2153 989 2224 igitur
1006 2155 1064 2208 imi·
1091 2156 1215 2220 apparet,
1234 2152 1347 2206 canonis
1365 2151 1580 2222 appellationem
1597 2170 1653 2207 non
1670 2151 1794 2210 humano
1807 2154 1927 2224 arbitrio,

230 2243 305 2291 tatur
330 2238 467 2309 propbeta
488 2238 551 2299 illas
568 2239 798 2295 subsannationes
827 2241 988 2311 impiorum,
1018 2242 1064 2311 qui
1092 2238 1140 2291 sed
1163 2236 1200 2290 ab
1223 2236 1284 2306 ipso
1307 2237 1368 2292 Deo
1393 2236 1551 2308 Scripturas
1574 2238 1737 2294 attributam
1761 2247 1791 2297 et
1814 2242 1927 2312 proinde

230 2339 314 2394 saepe
332 2324 445 2380 iteratas
462 2325 660 2396 prophetarum
678 2325 952 2381 commonefactiones
970 2325 1064 2382 irride·
1092 2323 1127 2377 ab
1155 2322 1215 2392 ipso
1238 2322 1299 2377 Deo
1322 2323 1493 2393 Scriptorum
1518 2331 1651 2396 tanquam
1674 2325 1787 2381 unicam
1808 2326 1875 2384 fidet
1898 2334 1926 2385 et

230 2408 313 2479 bant,
339 2410 478 2479 dicentes,
505 2411 566 2466 illos
589 2410 658 2466 nihil
683 2429 797 2483 crepare
819 2419 930 2482 praeter
947 2415 1064 2466 monda—
1091 2409 1165 2463 vitae
1188 2409 1314 2478 regulam
1339 2409 1418 2464 nobis
1443 2426 1503 2464 esee
1519 2411 1688 2481 propositam
1705 2419 1734 2468 et
1751 2413 1924 2469 seminuda·

230 2503 301 2566 tom,
325 2500 501 2566 mandatum,
528 2496 624 2553 eodem
645 2514 727 2552 sensu
747 2499 881 2569 repetitur
897 2515 950 2553 vox
967 2498 1064 2554 lineos.
1091 2502 1154 2549 tarn.
1195 2495 1259 2549 Huc
1277 2495 1417 2565 pertinent
1432 2496 1526 2551 omnia
1542 2497 1591 2551 illa
1608 2497 1683 2553 dicta
1700 2497 1876 2571 Scripturas,
1897 2498 1925 2553 in

231 2582 299 2637 Cum
325 2583 399 2637 enirn
424 2583 576 2653 prophetae
599 2584 637 2637 ad
663 2583 778 2639 verbum
803 2585 879 2638 velut
903 2586 1064 2639 adlimam
1091 2582 1192 2652 quibus
1219 2579 1335 2635 verbum
1352 2581 1406 2637 Dei
1432 2581 1533 2637 dicitur
1558 2572 1620 2657 tlt}
1640 2591 1744 2637 recusos
1767 2593 1793 2639 et
1814 2587 1924 2641 verdun

231 2677 256 2722 st
273 2671 400 2736 reculam
418 2669 510 2723 omnia
528 2669 710 2724 exanimando
726 2687 786 2725 esse
803 2669 939 2739 dicerent,
958 2688 990 2725 1ο
1007 2672 1063 2725 cul·
1090 2667 1281 2735 rectitudinis,
1310 2667 1373 2723 ideo
1396 2668 1470 2722 enim
1494 2674 1537 2723 est
1563 2675 1591 2725 et
1615 2669 1718 2724 dicitur
1739 2677 1849 2727 rectum
1872 2690 1924 2729 nou

230 2759 275 2807 tus
297 2761 376 2808 extra
397 2762 425 2810 et
442 2763 553 2824 praeter
570 2755 684 2810 verbum
703 2757 874 2828 excogitatos
894 2758 1064 2822 damnarent,
1091 2755 1193 2820 solum,
1214 2753 1280 2824 quia
1296 2754 1326 2808 in
1342 2772 1372 2810 se
1389 2762 1432 2810 est
1451 2763 1570 2826 rectam,
1597 2755 1759 2826 infallibile,
1783 2757 1924 2815 immotum

229 2839 391 2894 ridebantur
413 2839 466 2895 hoc
489 2840 600 2896 nomine
624 2858 642 2896 a
663 2827 759 2909 0³25„
777 2842 813 2898 ab
835 2842 926 2913 impiis
944 2849 1063 2898 contem·
1091 2856 1125 2894 ac
1148 2839 1270 2908 firmum,
1297 2841 1348 2895 sed
1372 2841 1457 2896 stiam
1478 2841 1545 2913 quia
1563 2847 1605 2897 est
1621 2859 1718 2898 norma
1736 2845 1827 2900 omnis
1846 2845 1924 2903 recti·

229 2925 336 2980 toribus
358 2932 386 2980 et
404 2926 666 2996 subsannatoribus,
692 2929 739 2999 qui
759 2928 909 2997 docebant,
929 2946 976 2985 eos
995 2929 1064 2985 nihil
1090 2927 1194 2981 tudinis
1219 2925 1248 2980 in
1275 2926 1397 2983 ecclesia.
1437 2926 1484 2981 Pe.
1505 2934 1550 2998 19,
1576 2935 1650 2985 191
1680 2930 1843 3002 Ρνοοοῳω
1865 2932 1924 2986 Dc

229 3009 260 3064 iu
277 3011 398 3067 medium
413 3011 521 3079 affare,
540 3030 624 3084 quam
643 3030 722 3068 susm
739 3014 815 3069 illam
833 3031 957 3081 normam
973 3032 1006 3070 sc
1023 3033 1064 3071 re·
1090 3013 1161 3066 mint
1177 3002 1289 3088 utut]
1310 3022 1400 3081 recta,
1418 3014 1604 3084 laetificantia
1621 3033 1679 3069 cor.
1697 3016 1774 3072 Psal
1791 3022 1835 3087 tt,
1853 3034 1878 3071 r.
1896 3023 1924 3073 t:

229 3098 332 3168 guum.
376 3100 495 3164 Quando
522 3100 607 3172 igitur
632 3100 747 3156 verbum
770 3102 825 3157 Dei
851 3103 984 3174 scriptum
1007 3103 1064 3158 sive
1091 3086 1187 3162 1115111
1210 3089 1284 3173 ὕὶᾯζ
1304 3100 1385 3169 virsa
1405 3101 1589 3170 rectitudinis,
1607 3110 1746 3172 sccprnsm
1764 3111 1870 3158 mm
1887 3111 1924 3157 cst

230 3183 373 3255 Scriptura
389 3203 439 3257 per
454 3188 643 3258 metaphoram
661 3205 695 3244 er
714 3189 895 3263 rrmrrpsive
910 3190 1063 3260 ponderum
1090 3194 1228 3256 ceptrum
1257 3187 1339 3255 repsi
1369 3187 1418 3242 tui.
1459 3186 1565 3242 Euclea.
1591 3194 1637 3257 12,
1662 3194 1754 3245 1121
1783 3189 1924 3253 Quaesivit

229 3270 353 3341 officinm
378 3278 406 3326 et
429 3289 463 3326 ex
487 3274 673 3330 architectura
695 3275 857 3330 translatam
874 3292 892 3330 a
907 3276 1018 3331 Davide
1037 3283 1065 3332 et
1091 3272 1226 3326 Kobtlstb
1243 3271 1364 3324 invenire
1377 3272 1462 3325 verba
1474 3277 1544 3346 Villi
1562 3274 1722 3359 volumnae,
1738 3274 1863 3345 placito,
1880 3277 1924 3331 dt·

229 3356 314 3413 Esaia
337 3364 452 3414 vocetur
477 3363 512 3428 112
538 3361 652 3428 rapula,
677 3380 781 3430 canon,
807 3363 927 3416 omuess's
959 3372 1008 3419 ete,
1032 3381 1064 3418 eo
1090 3357 1233 3412 lectahils'c
1251 3365 1276 3410 et
1294 3356 1471 3426 Scrspturum
1485 3367 1591 3413 rectum
1609 3361 1672 3434 ἿΨ
1693 3362 1780 3435 atne,
1800 3362 1924 3432 Scripta-

229 3443 291 3515 ipso
306 3445 428 3501 omnium
445 3445 474 3499 in
492 3446 610 3502 ecelesia
630 3447 790 3518 dogmatum
808 3465 906 3505 norma
923 3455 950 3505 et
967 3450 1065 3522 τομὴ
1090 3460 1153 3495 rom
1173 3443 1362 3507 rectitudinis,
1389 3449 1421 3497 ut
1444 3444 1749 3502 vermescentes
1767 3447 1924 3503 Montanus

229 3532 414 3586 constituitur.
1090 3529 1164 3594 Quid
1189 3545 1292 3601 quaeso
1316 3529 1392 3584 aliud
1414 3536 1456 3585 est
1472 3530 1617 3602 Scriptura
1637 3550 1718 3588 sacra
1736 3550 1821 3605 quarn
1838 3552 1925 3591 sermo

264 3623 323 3674 438.
352 3618 485 3689 Vestigiis
510 3618 628 3674 Davidis
655 3627 683 3675 et
709 3621 809 3676 Esaiae
833 3622 936 3676 insistit
959 3622 1064 3678 Paulus
1091 3615 1145 3670 Dei
1167 3621 1195 3670 et
1218 3615 1319 3670 Christi
1342 3633 1392 3686 per
1415 3617 1579 3687 propbetas,
1607 3620 1794 3691 evangelistes
1812 3629 1842 3677 et
1858 3638 1923 3693 apo

230 3706 258 3756 in
282 3703 316 3758 N.
334 3703 367 3758 Τ.
392 3702 504 3775 quando
528 3710 686 3760 accuratam
709 3723 787 3759 suam
806 3708 840 3762 de
857 3708 1065 3776 justificationis
1091 3703 1176 3756 stolon
1194 3702 1279 3757 literis
1297 3703 1489 3774 contignatus,
1508 3705 1574 3776 quia
1591 3705 1705 3775 spiritua
1725 3706 1829 3762 Christi
1851 3708 1925 3763 loen·

229 3789 347 3843 articulo
367 3789 588 3846 dimetationem
605 3790 729 3862 adeoque
752 3796 839 3846 totam
865 3793 1009 3863 epistolam
1028 3795 1065 3849 ad
1091 3795 1136 3842 1111
1158 3795 1201 3843 eet
1224 3805 1273 3859 par
1296 3788 1445 3858 propbetas
1473 3796 1494 3845 1.
1511 3789 1586 3844 Patr.
1607 3797 1635 3860 t,
1656 3808 1682 3846 r.
1704 3798 1743 3849 11.
1762 3793 1925 3864 Apostolia

230 3873 347 3930 Galatas
367 3875 421 3930 hoc
438 3875 524 3932 veluti
541 3875 753 3949 epiphonemate
770 3884 798 3932 st
816 3877 907 3948 sigillo
924 3880 1065 3935 concludit
1092 3874 1200 3929 Christo
1222 3883 1389 3945 acceperunt
1412 3876 1545 3947 Spiritum
1568 3884 1707 3942 sanctum,
1737 3880 1819 3950 111111
1841 3879 1923 3950 impl·

128 3971 157 4010 11.
170 3968 255 4017 11111.
272 3968 300 4029 6,
316 3980 341 4016 v.
363 3969 406 4019 tt:
438 3963 598 4033 Quicunque
616 3965 653 4031 τῷ
670 3961 765 4018 κανόνι
785 3963 871 4033 τούτῳ
890 3963 1063 4035 scorpionum
1091 3967 1153 4015 ratu
1176 3969 1205 4015 et
1229 3961 1349 4032 impulsu
1372 3963 1526 4017 docuerunt
1543 3971 1571 4018 et
1589 3964 1767 4035 scripserunt
1803 3966 1924 4032 Quodsi

229 4049 303 4102 hunc
319 4051 446 4116 reputem
463 4051 550 4103 eoeuts'
561 4051 691 4118 sucum,
708 4068 769 4119 pcc
786 4052 954 4122 assperillos
972 4053 1064 4106 11111-
1091 4063 1158 4118 ergo
1187 4065 1276 4103 sermo
1305 4048 1406 4103 Christi
1437 4057 1480 4105 est
1508 4058 1649 4122 sceptrum
1677 4061 1800 4123 rectum,
1838 4071 1923 4110 sermo

228 4137 388 4190 οοοίοονάὶα
405 4144 432 4190 et
448 4153 532 4207 sscper
549 4137 645 4190 Israel
663 4138 734 4201 Dei,
752 4137 802 4191 ubi
821 4139 996 4195 manifestum
1014 4144 1064 4209 est,
1090 4142 1195 4202 rectus,
1222 4135 1302 4207 virga
1329 4137 1518 4201 rectitudinis,
1549 4139 1646 4211 utique
1672 4140 1757 4195 111111
1783 4141 1924 4212 Scriptus

229 4220 305 4293 loqui
323 4223 480 4293 apostolum
499 4222 533 4278 de
550 4221 675 4277 doctrina
692 4241 743 4277 sue
761 4224 788 4278 in
806 4224 933 4296 hacipea
947 4227 1065 4297 epistola
1091 4239 1171 4277 sacra
1196 4221 1249 4276 erit
1277 4227 1355 4277 recta
1380 4229 1409 4278 et
1436 4224 1524 4278 omnis
1551 4226 1723 4281 rectitudinis
1751 4225 1782 4281 in
1809 4226 1922 4284 oecluis

229 4308 266 4361 ad
287 4307 403 4363 Galatas
427 4308 531 4378 scripta
554 4309 701 4378 perspicue
723 4310 870 4380 proposita
911 4313 975 4367 dem
999 4330 1064 4369 vero
1089 4325 1187 4363 norma
1212 4324 1245 4362 ac
1270 4308 1367 4380 regula
1391 4311 1429 4379 τῷ
1456 4309 1534 4365 εὐθεῖ
1557 4312 1597 4367 111
1614 4312 1717 4367 Philon.
1739 4320 1762 4369 1.
1788 4313 1824 4369 de
1843 4313 1921 4370 anim

230 4410 302 4464 quae
319 4401 360 4449 est
381 4401 482 4449 natura
500 4396 585 4465 partis
605 4396 633 4448 in
650 4394 838 4467 homogeneis,
865 4399 961 4455 eadem
980 4400 1063 4454 etism
1090 4394 1398 4452 1111111111ιόκώ
1419 4396 1921 4475 ιόκιὶμπυλονγινᾶσκομεν,κριτὴς

229 4485 272 4535 est
297 4486 398 4534 natura
423 4479 518 4536 totius.
563 4480 593 4536 Si
620 4482 771 4551 appellatio
797 4487 909 4539 canonis
937 4486 1064 4540 convenit
1089 4482 1142 4553 γὰρ
1167 4481 1278 4556 ἆμᾳοῖν
1302 4481 1316 4535 ὁ
1341 4482 1440 4538 κανών.
1479 4483 1557 4540 Idem
1578 4486 1623 4541 lib.
1643 4493 1666 4541 3.
1684 4486 1775 4542 Ethic.
1795 4505 1820 4543 c
1837 4494 1862 4545 ι
1879 4502 1920 4542 cs·

227 4564 292 4621 huic
312 4567 445 4637 epistolae
461 4567 611 4637 Paulinae,
635 4569 732 4640 utique
751 4569 832 4624 etiam
851 4571 963 4642 reliquis
982 4571 1015 4627 V.
1037 4580 1064 4626 et
1089 4569 1169 4623 nonis
1193 4570 1379 4640 appellatione
1404 4570 1492 4626 utitur
1515 4588 1566 4642 pro
1589 4571 1692 4643 regulis
1711 4580 1740 4628 et
1755 4573 1922 4645 praecapb'st

227 4651 262 4709 N.
288 4652 320 4707 T.
348 4653 425 4709 libris
452 4654 605 4710 conveniet.
649 4654 687 4709 Et
716 4656 782 4727 quia
808 4659 950 4727 apostolus
977 4658 1063 4712 utitur
1089 4656 1136 4711 lib.
1155 4663 1178 4711 2.
1204 4674 1226 4710 a
1250 4663 1273 4710 3.
1293 4661 1445 4720 revertisse
1466 4658 1520 4728 ipsi
1542 4664 1584 4713 est
1606 4661 1648 4712 ud
1664 4661 1793 4728 reputem
1811 4660 1919 4731 aliquid

226 4738 312 4795 verbo
339 4746 473 4810 στοιχεῖν,
502 4740 611 4794 videtur
638 4758 688 4796 nos
713 4743 750 4796 ad
774 4744 857 4797 aliam
885 4744 1063 4816 metaphorae
1090 4760 1260 4812 componere.
1295 4744 1414 4809 Quando
1438 4743 1524 4816 igitur
1547 4745 1660 4800 canonis
1682 4745 1837 4817 appellatio
1855 4744 1922 4803 Stri-
1942 4764 1959 4789 r

226 4822 311 4896 hujus
326 4825 460 4881 rationem
478 4826 629 4897 deducore3
655 4829 887 4899 quemadmodum
904 4832 977 4884 enim
989 4831 1062 4887 acies
1089 4836 1188 4899 pturae
1210 4830 1355 4895 tribuitur,
1382 4831 1479 4902 regula
1505 4831 1657 4901 spiritualis
1674 4831 1796 4888 aedificii
1814 4851 1849 4902 eo
1864 4834 1922 4906 ipso

226 4919 378 4966 carnorum
402 4918 479 4966 certo
495 4911 592 4968 ordine
608 4896 752 4968 instruitur
769 4933 950 4986 progressura
967 4923 1063 4971 contra
1089 4916 1271 4971 constituitur.
1301 4914 1387 4986 Apud
1402 4916 1564 4972 Pontificius
1581 4918 1763 4974 creberrimus
1782 4926 1826 4976 est
1841 4920 1922 4992 hsjns

226 4994 340 5052 hostiles
368 4999 553 5067 incursiones,
589 5000 630 5054 its
654 5002 766 5071 quando
794 5003 912 5057 ecclesia
939 5003 1062 5074 vestigiis
1090 5002 1216 5057 vocabuli
1233 5019 1307 5056 nsua.
1342 5003 1415 5058 Nam
1437 5003 1550 5058 decreta
1572 5005 1734 5077 pontificum
1751 5011 1781 5060 et
1797 5006 1922 5063 condile-

225 5099 308 5137 veras
329 5081 394 5138 fidei
413 5083 473 5138 vult
489 5085 618 5142 incedere
635 5085 714 5141 Rom.
733 5094 761 5155 4,
787 5104 814 5144 v.
837 5094 881 5157 12,
904 5095 937 5143 ut
956 5090 1064 5143 munita
1089 5106 1150 5142 rum
1168 5095 1268 5143 vocent
1287 5105 1419 5157 canones,
1444 5088 1549 5144 habent
1566 5091 1649 5146 etiam
1666 5108 1801 5148 canonem
1817 5093 1922 5162 missae
1945 5082 1948 5089 ¹

226 5167 262 5222 sit
282 5177 379 5224 contra
393 5171 519 5240 pericula
535 5173 768 5245 corruptelarum,
794 5191 865 5245 opus
885 5173 971 5231 babet
987 5183 1062 5231 certo
1090 5191 1225 5229 canonem
1247 5180 1406 5230 amatorum
1425 5175 1631 5243 defunctorum,
1656 5176 1760 5233 habent
1777 5180 1922 5237 monium

226 5270 331 5310 canone
350 5272 400 5310 seu
417 5258 516 5328 regulo
533 5261 686 5314 secundum
704 5276 786 5331 quam
803 5261 921 5328 incedat,
938 5279 972 5316 ac
989 5263 1063 5316 intra
1088 5259 1237 5332 regulares,
1256 5262 1337 5317 horas
1355 5261 1510 5328 canonicas,
1528 5279 1648 5319 canones
1666 5265 1859 5335 apostolorum
1874 5273 1922 5322 etc.

226 5342 306 5411 cujus
324 5331 426 5396 limites
443 5349 471 5398 et
489 5345 619 5398 terminos
638 5362 700 5400 sese
717 5346 872 5415 contineat,
891 5365 927 5404 ne
943 5348 973 5402 in
989 5365 1060 5403 erro·
1088 5347 1116 5400 in
1140 5346 1267 5401 omnibus
1290 5347 1367 5403 hisce
1391 5349 1523 5420 exemplis
1548 5365 1600 5402 ror
1623 5350 1736 5405 canonis
1758 5352 1878 5424 rapula
1897 5358 1924 5408 et

225 5440 284 5478 rem
310 5426 420 5482 incidat
462 5428 514 5484 Ille
538 5446 604 5485 roro
629 5447 718 5486 canon
744 5448 793 5487 seu
821 5434 919 5504 regula
946 5438 989 5488 est
1013 5434 1061 5488 do·
1087 5449 1212 5489 normae<
1242 5432 1469 5506 significationem
1507 5433 1627 5505 obtinet,
1667 5444 1824 5507 agnoscant
1859 5454 1923 5514 erge

223 5512 316 5571 euius
341 5512 473 5569 divinitus
503 5515 647 5587 patefacta
673 5534 725 5589 per
755 5517 905 5589 prophotas
935 5525 964 5574 st
995 5535 1060 5592 apo
1086 5521 1185 5577 eodem
1203 5536 1287 5576 sensu
1303 5519 1463 5592 Scripturas
1478 5534 1573 5578 seems
1589 5521 1707 5578 eandm
1724 5522 1822 5585 tribui.
