3984 6022
192 263 253 323 soe
456 243 460 249 ’
874 259 1195 328 muranenses

199 430 264 466 ecre
277 423 357 469 estre
370 433 482 470 carnem
497 416 589 470 ultera
606 424 631 469 et
649 417 716 471 hacc
733 417 874 470 nantellit
890 416 1026 469 unionem.
1057 420 1204 485 evacuant,
1234 420 1330 487 utpote
1357 418 1392 470 ds
1418 415 1537 485 planeta
1559 415 1649 479 affice
1672 431 1724 466 suo
1748 414 1820 481 orbi,
1848 414 1883 466 ds

62 557 68 567 ‚
104 565 108 570 .
200 500 286 556 Recte
305 503 414 573 quidem
432 503 530 557 statuit
546 504 574 557 in
592 509 689 558 mutua
704 511 865 558 naturarum
882 503 983 557 unione
1001 509 1029 556 et
1053 522 1160 570 pemmo
1185 505 1293 557 inclama
1316 505 1433 568 annulo,
1460 505 1495 559 de
1519 504 1599 557 claee
1622 503 1712 570 affine
1732 509 1824 564 retes,
1849 502 1884 553 de

196 588 374 662 περιχορήοει
398 591 537 659 personali
554 591 736 661 rejiciendum
756 607 816 645 esse
834 589 1027 647 Nestorianum
1054 592 1211 661 ⁴intuerpia
1230 592 1378 662 adjacente
1396 593 1487 658 mari,
1505 592 1540 644 de
1556 591 1632 643 linea
1651 597 1781 657 tanpents
1798 589 1883 640 circu

198 675 267 730 illud
287 685 380 744 extra,
410 677 460 732 sed
484 678 518 731 de
542 679 698 747 praesentia
716 677 817 733 Christi
840 670 1026 750 θεονθρόπου
1054 678 1111 730 lem
1129 680 1158 731 in
1176 697 1231 731 une
1246 687 1367 748 minae,
1385 678 1529 746 decapite
1547 677 1707 745 etpedibus
1727 675 1830 742 undis,
1853 675 1884 727 de

96 803 108 814 .
197 761 272 831 apud
289 768 429 816 creaturas
449 763 539 816 minus
557 770 631 819 reste
649 764 740 817 sentit.
778 762 805 818 Si
834 763 906 817 euim
932 761 1026 816 unioni
1054 765 1163 817 arboris
1183 773 1280 817 trasico
1300 772 1325 817 et
1348 765 1462 832 radice,
1490 764 1525 816 de
1551 763 1660 816 cuano
1684 761 1839 829 scriptorio
1862 769 1885 812 et

146 877 148 883 .
177 848 334 916 ‘personali
351 865 400 918 per
418 866 448 903 se
466 849 534 903 illud
553 849 582 903 ri
602 857 679 904 extra
697 858 842 920 repugnat,
860 867 916 903 non
936 854 1026 919 potest
1054 851 1206 920 scriptore,
1232 851 1328 921 quales
1347 847 1540 904 similitudines
1563 848 1720 918 complures
1743 865 1776 901 ex
1798 846 1884 901 Calvi·

195 933 223 986 id
235 935 335 988 mutari
350 935 406 991 ulle
419 937 456 990 ad
468 945 608 992 creaturas
620 944 755 1008 respectu,
774 938 839 1009 quia
856 937 934 990 nulla
952 952 1026 991 crea»
1053 937 1143 990 nianis
1170 937 1284 1009 collegit
1309 937 1415 992 Frider.
1435 935 1512 990 Petri
1538 935 1566 989 in
1593 951 1644 988 suo
1670 933 1886 989 Nestorianismo

194 1027 257 1074 tura
270 1027 361 1089 potest
374 1022 502 1078 unionem
520 1024 691 1094 personalem
710 1023 849 1091 divellere,
866 1039 918 1078 nec
936 1027 1027 1091 petest
1054 1042 1080 1094 p.
1102 1030 1158 1078 166.
1194 1023 1310 1079 Contra:
1346 1025 1532 1093 Quaecunque
1560 1022 1625 1075 unio
1652 1038 1708 1076 non
1737 1028 1782 1075 est
1804 1021 1886 1076 totius

195 1107 253 1161 ulla
279 1113 405 1163 creatura
431 1110 517 1180 Λόγῳ
546 1127 606 1164 esse
634 1111 746 1180 propior
771 1109 816 1165 vel
843 1108 959 1163 vicinior
977 1124 1028 1161 sus
1054 1127 1115 1163 cum
1142 1116 1219 1174 toto,
1247 1126 1281 1164 ea
1306 1111 1400 1180 inepta
1426 1115 1469 1165 est
1493 1109 1530 1163 ad
1558 1109 1687 1162 unionem
1715 1108 1887 1178 personalem

98 1265 100 1268 y
195 1210 286 1250 omne.
324 1196 495 1266 Opponimus
514 1205 608 1253 autem
626 1197 792 1254 Nestorisue
810 1196 851 1250 illi
879 1204 977 1249 estre:
1006 1200 1026 1248 l.
1056 1195 1292 1262 adumbrandam,
1317 1196 1420 1266 quippe
1440 1211 1496 1266 qua
1513 1200 1587 1249 tetus
1605 1193 1701 1261 Λόγος
1725 1200 1815 1248 totam
1841 1192 1887 1247 hu·

198 1280 382 1336 definitionem
402 1283 511 1337 unionis
530 1283 723 1354 hypostaticae
742 1282 778 1337 ab
797 1283 921 1353 apostolo
942 1281 1026 1338 nadi-
1054 1283 1213 1336 manitatem
1240 1290 1390 1336 assumtam
1416 1281 1469 1336 sibi
1499 1280 1594 1335 univit.
1630 1279 1672 1333 At
1700 1280 1731 1333 in
1761 1280 1887 1334 adductis

196 1373 261 1436 tam,
281 1371 357 1437 qued
374 1369 587 1437 tetaplcnitude
606 1370 720 1422 deitatis
736 1370 840 1421 habitet
857 1369 886 1421 in
905 1376 1028 1421 assumta
1055 1368 1186 1438 exemplis
1224 1385 1279 1422 non
1315 1375 1357 1422 est
1393 1368 1458 1422 unio
1494 1368 1578 1422 totius
1617 1384 1681 1420 cum
1719 1373 1799 1433 toto,
1840 1365 1887 1419 sed

196 1472 289 1510 carne.
326 1453 512 1524 Α111Λόγος
531 1463 604 1509 tetus
623 1456 662 1509 ita
681 1456 767 1509 estin
787 1472 878 1520 carne,
898 1454 1026 1509 utetiam
1054 1455 1139 1509 tetius
1171 1471 1234 1510 cum
1264 1461 1355 1525 parte,
1392 1471 1425 1508 ac
1454 1453 1570 1524 proinde
1599 1453 1665 1507 unio
1699 1450 1825 1520 partialis
1862 1459 1888 1506 et

195 1546 270 1595 totus
296 1541 333 1593 sit
360 1548 436 1597 extra
463 1559 590 1606 samem,
618 1561 672 1597 non
697 1542 816 1611 amplius
842 1542 895 1596 dici
919 1540 1028 1611 poterit,
1055 1541 1245 1610 accidentalis,
1272 1558 1327 1596 nen
1349 1533 1500 1611 personalis
1523 1538 1589 1594 καθ’
1619 1539 1782 1593 induruere.
1819 1538 1888 1593 Con·

196 1627 271 1697 quod
289 1632 348 1681 tota
364 1628 508 1699 plenitudo
526 1629 636 1683 deitatis
657 1627 764 1683 habitet
780 1629 808 1681 iu
824 1645 920 1690 came;
940 1632 965 1680 2.
981 1629 1027 1680 dc·
1055 1628 1097 1681 ier
1131 1627 1271 1698 Disputat.
1311 1627 1336 1680 d.
1377 1625 1404 1701 ξ.
1450 1632 1488 1682 18.
1543 1625 1685 1680 Musonius
1725 1627 1754 1680 in
1791 1641 1887 1679 comm

196 1715 410 1767 nominationem
429 1715 527 1784 Λόγου
548 1714 762 1769 serenarum.
792 1715 873 1781 Quod
892 1708 934 1768 est
953 1722 1029 1769 extra
1056 1714 1114 1769 Col.
1138 1720 1161 1769 2.
1194 1715 1282 1768 utitur
1311 1714 1490 1768 similitudine
1518 1714 1554 1769 de
1578 1712 1724 1766 daemonio
1747 1718 1776 1766 et
1801 1727 1888 1766 semo·

197 1815 322 1867 caruem,
345 1799 543 1870 despicerent,
563 1802 777 1874 nonireapser.
813 1801 887 1872 Ergo
905 1800 918 1853 ὁ
938 1800 1030 1870 Λόγος
1055 1802 1144 1857 niaco.
1183 1801 1330 1854 Consimili
1352 1817 1434 1852 senus
1459 1798 1570 1870 (inquit)
1594 1799 1731 1851 adverbio
1757 1798 1808 1851 hoc
1831 1815 1887 1849 cer·

172 1945 175 1954 ¹
198 1891 334 1956 quatenus
360 1893 423 1955 post
450 1887 551 1941 saetam
579 1888 794 1943 incarnationem
822 1887 938 1958 fingitur
970 1904 1029 1943 esse
1052 1887 1193 1957 peraliter
1218 1888 1337 1954 mimia,
1372 1905 1433 1939 cum
1461 1887 1579 1938 dicimus
1605 1884 1739 1938 diabolus
1766 1893 1807 1938 est
1832 1902 1888 1937 cer·

199 1977 275 2026 extra
295 1988 421 2039 carnem,
440 1989 496 2026 uon
515 1974 731 2044 eritirenpxec,
750 1973 950 2047 eudinepisus,
975 1990 1029 2026 non
1052 1974 1193 2043 perali1er
1219 1975 1249 2025 in
1268 1975 1319 2026 hoc
1345 1973 1468 2040 homine,
1494 1972 1655 2039 sipasfieare
1682 1971 1808 2024 valeam
1835 1988 1888 2023 esse

201 2057 253 2111 erit
269 2073 387 2127 persona
401 2056 538 2125 ebrietes,
559 2060 608 2114 sed
621 2060 750 2130 simplex..
772 2061 847 2130 Ergo
867 2077 919 2115 nee
935 2059 1030 2123 hem03
1057 2077 1126 2126 eum,
1146 2061 1181 2111 dc
1202 2077 1256 2128 que
1274 2060 1315 2111 sic
1333 2059 1481 2127 loquimar,
1497 2076 1617 2127 prorsus
1631 2057 1815 2124 diabolicum,
1832 2075 1888 2109 cans

199 2148 225 2195 t.
257 2137 494 2213 comparutionem
527 2164 587 2199 cem
617 2149 741 2200 animate
778 2163 903 2216 corpore.
953 2145 1031 2199 Sicut
1056 2155 1147 2199 temen
1166 2145 1296 2198 diabolus
1315 2146 1406 2213 specie
1426 2146 1463 2198 sit
1483 2146 1672 2212 incorporeus.
1712 2145 1763 2198 Sic
1782 2153 1887 2213 aperte

200 2228 317 2285 durante
335 2232 435 2286 unione
454 2233 574 2302 corporis
593 2240 621 2287 et
638 2233 745 2287 animae
764 2234 794 2286 in
812 2232 920 2286 homine
939 2231 1031 2285 anima
1058 2234 1101 2285 lus
1122 2235 1156 2285 cle
1179 2231 1289 2286 Christe
1304 2233 1474 2301 praedicat,
1494 2232 1621 2284 habitare
1640 2231 1670 2283 in
1689 2247 1724 2283 ee
1740 2231 1887 2299 plenitudi-

85 2325 126 2364 111.
140 2321 186 2366 111
200 2333 255 2371 non
273 2324 315 2371 est
332 2323 409 2371 extra
427 2336 506 2372 suum
527 2336 641 2388 eorpus,
667 2337 717 2374 nec
741 2336 840 2390 corpus
858 2327 935 2373 extra
953 2334 1030 2371 suam
1056 2338 1117 2373 nem
1140 2321 1254 2372 deitatis
1276 2320 1471 2388 corporaliter,
1491 2320 1542 2370 hec
1561 2326 1599 2370 cst
1620 2335 1679 2370 esse
1697 2334 1761 2370 eam
1778 2317 1887 2370 nenhe

201 2402 329 2472 animam,
346 2404 395 2457 sed
415 2403 495 2477 σῶμά
510 2405 584 2459 ἐστιν
596 2405 735 2478 ἔμψυχον,
752 2409 798 2458 καὶ
815 2403 890 2473 ψυχή
902 2406 977 2456 ἐστιν
990 2405 1031 2457 ἓν·
1058 2406 1156 2458 minem
1174 2413 1293 2471 tantum,
1317 2406 1369 2457 sed
1393 2405 1562 2473 ipsissimum
1583 2406 1675 2456 Deum
1701 2420 1813 2455 omnem
1837 2405 1889 2456 dei·

166 2539 168 2543 ,
200 2488 342 2557 σώματος,
369 2490 408 2543 sic
437 2490 554 2544 durante
580 2492 681 2546 unione
707 2491 817 2545 divinae
843 2498 871 2544 et
895 2491 1031 2544 humanae
1057 2493 1124 2544 tatis
1140 2492 1342 2560 plenitudinem
1362 2492 1391 2542 in
1409 2507 1438 2541 se
1456 2489 1606 2543 habentem.
1636 2488 1691 2544 Sed
1712 2488 1783 2543 haec
1801 2488 1889 2543 simili·

199 2580 314 2629 naturae
333 2575 361 2628 in
379 2575 489 2630 Christo
506 2575 602 2647 Λόγος
621 2595 676 2631 non
692 2584 735 2631 est
749 2584 826 2632 extra
844 2593 963 2645 carnem,
980 2593 1031 2630 nec
1057 2579 1124 2632 tudo
1137 2595 1234 2648 parum
1249 2577 1362 2631 distata
1375 2576 1554 2646 blasphemia,
1573 2577 1702 2646 quamvis
1720 2575 1802 2630 nobis
1818 2576 1890 2646 iguo·

199 2676 264 2714 earo
282 2669 358 2715 extra
376 2661 484 2730 Λόγου.
512 2663 632 2734 Cyrillus
651 2663 739 2734 Epist.
762 2671 805 2719 10:
829 2664 946 2717 Verbum
964 2680 1031 2715 care
1057 2672 1116 2718 tum
1140 2682 1195 2719 non
1218 2664 1267 2732 sit,
1293 2663 1476 2717 Athanasium
1503 2671 1567 2717 tem.
1588 2668 1610 2716 1.
1629 2679 1655 2731 p.
1675 2667 1736 2717 363.
1765 2662 1888 2716 unionem

198 2747 307 2809 factum
323 2766 378 2801 nen
396 2751 469 2806 sicae,
485 2751 515 2801 in
537 2751 642 2802 sanctis
661 2751 781 2816 habitet,
806 2752 857 2803 ssd
879 2750 962 2802 telem
980 2750 1034 2801 sibi
1059 2751 1174 2805 duarum
1194 2756 1355 2805 naturarum
1373 2750 1401 2802 in
1420 2748 1528 2803 Christo
1553 2748 1677 2802 conferre
1701 2765 1768 2802 cum
1794 2749 1890 2803 unione

200 2833 299 2896 efficitx
309 2834 545 2900 inhabitationem,
565 2838 676 2904 qualem
693 2845 718 2889 et
733 2837 852 2889 heminis
863 2837 959 2888 anima
972 2853 1032 2887 cum
1059 2837 1193 2907 serpentis
1211 2843 1239 2891 et
1255 2836 1396 2891 daemonis
1417 2833 1517 2889 Genea.
1537 2841 1560 2891 3.
1580 2853 1605 2889 v.
1622 2839 1642 2889 1.
1676 2841 1715 2888 10.
1729 2834 1844 2906 Negant
1860 2849 1890 2888 ex

195 2921 318 2988 proprio
340 2922 465 2975 creditm
484 2923 583 2975 habere
608 2941 741 2992 cerpere;
777 2929 801 2975 4.
827 2922 946 2976 absurdi
970 2940 1032 2974 cen·
1059 2925 1160 2978 unione
1186 2930 1345 2977 naturarum
1373 2928 1401 2976 et
1425 2922 1588 2976 idiomatum
1615 2922 1890 2977 communicationem

202 3007 376 3078 secutionem.
407 3008 436 3065 Si
454 3007 549 3078 Λόγος
562 3016 720 3065 essetextra
736 3025 855 3076 carnem,
874 3015 948 3062 totus
961 3014 1033 3063 esset
1060 3010 1156 3080 sequi,
1176 3014 1208 3063 ut
1228 3008 1374 3079 apparebit
1392 3008 1521 3076 inferius,
1546 3008 1645 3062 tollunt
1663 3024 1734 3078 ergo
1753 3007 1890 3078 proprium

202 3097 280 3146 extra
297 3111 418 3162 carnem,
436 3095 502 3166 quia
519 3101 561 3148 est
579 3094 733 3169 ἀμέριστος.
770 3095 810 3148 At
828 3096 851 3148 si
869 3100 943 3148 totus
961 3101 1034 3148 esset
1060 3098 1168 3151 unionis
1188 3113 1366 3167 consequens.
1402 3096 1547 3152 Nestorius
1565 3096 1699 3149 unitatem
1726 3112 1891 3166 personaes

201 3185 280 3234 extra
298 3196 427 3250 carnem,
454 3182 605 3237 solveretur
623 3184 704 3250 unio,
735 3183 800 3253 quis
823 3184 880 3235 πᾶν
898 3180 1032 3254 πλήρωμα
1061 3201 1090 3238 se
1119 3184 1178 3238 tolli
1206 3188 1362 3237 constanter
1390 3182 1517 3253 negavit,
1546 3186 1578 3235 ut
1603 3187 1680 3251 patet
1710 3197 1745 3235 ex
1778 3189 1842 3236 tem.
1869 3189 1889 3237 1.

200 3268 247 3332 τῆς
272 3266 399 3333 bidentes
425 3270 531 3324 ἐνοικεῖ.
568 3268 598 3324 Si
621 3268 770 3328 ὑπόστασις
789 3268 889 3337 Λόγου
912 3286 966 3322 nen
992 3274 1034 3321 est
1061 3270 1143 3324 Cone.
1163 3288 1191 3339 p.
1204 3275 1262 3324 661.
1286 3268 1435 3338 Angustia.
1457 3267 1535 3338 epist.
1553 3271 1688 3334 911196,
1712 3268 1763 3324 sed
1783 3267 1890 3339 apstri-

202 3359 280 3407 extra
298 3371 408 3409 carnem
432 3360 545 3425 propter
565 3355 693 3410 unionem
721 3354 911 3425 personalem,
935 3360 1035 3408 natura
1061 3356 1112 3410 bus
1125 3355 1271 3426 Ephesinis
1289 3353 1465 3409 nihilominus
1485 3352 1540 3407 fuit
1552 3354 1711 3421 damnatus,
1728 3353 1797 3425 quia
1814 3370 1890 3425 nega·

202 3445 295 3493 autem
314 3440 408 3494 divina
430 3446 478 3495 roe
499 3440 597 3512 Λόγου
623 3447 665 3495 est
689 3448 765 3495 extra
788 3457 898 3494 earnem
922 3445 1034 3508 propter
1061 3443 1100 3495 vit
1132 3440 1406 3495 communicationem
1435 3445 1594 3494 naturarum
1626 3445 1656 3492 et
1683 3440 1889 3510 proprietatum

202 3525 380 3595 infinitatem,
409 3535 540 3598 sequetur
562 3529 634 3582 inter
657 3543 801 3597 personam
825 3526 890 3580 Filii
913 3525 980 3579 DEl
1007 3533 1035 3580 et
1060 3528 1250 3597 Respexerunt
1279 3543 1345 3597 ergo
1369 3530 1462 3596 patres
1489 3542 1544 3579 non
1573 3534 1629 3579 tam
1651 3525 1741 3580 verba
1768 3525 1891 3589 Nestorii,

202 3611 400 3668 humanitatem
413 3632 472 3670 esse
484 3615 613 3669 unionem
626 3614 807 3685 personalem,
825 3613 896 3668 inter
908 3620 1034 3667 naturam
1061 3630 1144 3684 quam
1162 3613 1190 3666 id
1209 3613 1283 3683 quod
1301 3612 1457 3667 necessaria
1477 3611 1674 3681 consequentia
1699 3628 1734 3666 ex
1760 3615 1824 3682 ejus
1850 3613 1889 3667 de

202 3705 295 3752 autem
314 3700 436 3755 divinam
454 3704 503 3754 roi
522 3701 620 3771 Λόγου
640 3708 667 3756 et
686 3701 833 3755 humanam
850 3700 954 3755 nullam
975 3715 1034 3753 esse
1061 3706 1153 3772 gmate
1172 3699 1317 3770 colligitur.
1349 3705 1387 3753 11.
1400 3699 1512 3768 Negant
1530 3698 1677 3752 humanam
1693 3697 1802 3753 Christi
1820 3706 1890 3753 natu·

203 3785 340 3841 unionem.
390 3787 419 3842 Si
448 3788 543 3858 Λόγος
572 3788 712 3858 aliquibus
738 3787 767 3839 in
795 3787 862 3841 locis
890 3794 932 3840 est
958 3793 1034 3840 extra
1060 3803 1119 3840 ram
1150 3786 1178 3839 in
1205 3786 1265 3855 ipsa
1295 3784 1441 3838 inseriae
1466 3787 1513 3837 τοῦ
1533 3784 1631 3854 Λόγου
1649 3801 1737 3854 snpra
1765 3791 1795 3840 et
1823 3794 1891 3841 exus

205 3889 284 3925 suam
297 3890 415 3942 carnem,
434 3875 597 3930 habebimus
616 3874 755 3944 duplicem
771 3875 878 3940 Λόγον,
899 3875 1035 3944 ἔυσυρκον
1061 3890 1168 3928 omnem
1184 3873 1275 3927 locum
1290 3888 1349 3926 esse
1362 3877 1492 3938 eveemm,
1511 3887 1544 3924 ac
1561 3875 1689 3924 statuunt
1708 3886 1772 3925 eam
1791 3873 1890 3926 nullum

204 3964 249 4012 sal
265 3956 397 4027 όσορκον,
415 3961 588 4015 incarnatum
607 3968 634 4015 et
647 3952 851 4015 extracaruem.
881 3958 909 4013 Si
923 3966 1035 4029 propter
1060 3977 1171 4030 prorsus
1189 3960 1273 4013 alium
1290 3975 1339 4028 per
1357 3958 1485 4012 unionem
1498 3965 1526 4012 et
1544 3957 1572 4011 in
1589 3957 1651 4027 ipsa
1662 3956 1765 4028 Λόγου
1781 3958 1890 4013 ὑποστό-

203 4045 339 4100 essentiae
359 4045 468 4102 divinae
487 4047 650 4102 infinitatem
671 4047 770 4116 Λόγου
798 4054 897 4100 natura
917 4046 1035 4099 dicenda
1062 4062 1104 4098 aa
1129 4045 1304 4101 exsistentiae
1328 4045 1440 4099 modum
1466 4043 1569 4098 habere
1592 4050 1704 4113 praeter
1729 4046 1849 4100 localem
1870 4053 1891 4098 et

205 4138 247 4186 est
266 4141 343 4187 extra
361 4151 479 4202 samem,
498 4135 570 4190 idem
583 4135 618 4191 de
636 4152 754 4206 persona
768 4132 961 4188 affirmandum
975 4132 1036 4199 erit,
1061 4133 1228 4200 naturalem,
1254 4149 1335 4202 quem
1355 4131 1416 4201 quis
1434 4130 1514 4184 home
1533 4130 1603 4184 alius
1627 4130 1656 4183 in
1675 4148 1729 4185 sua
1748 4131 1890 4201 personali·

205 4235 268 4273 cum
289 4227 317 4274 et
341 4221 402 4290 ipss
425 4220 532 4275 infinita
554 4223 598 4276 sit.
633 4221 685 4277 Vel
711 4222 734 4276 si
760 4220 917 4291 hypostasis
936 4219 1034 4287 Λόγου
1061 4225 1118 4274 tate
1136 4218 1249 4272 obtinet
1277 4217 1377 4272 Sadeel
1395 4217 1422 4270 in
1440 4216 1636 4286 volumOper.
1655 4216 1783 4290 theolog.
1802 4223 1889 4289 11111

203 4324 259 4360 non
278 4306 405 4361 obstante
422 4308 482 4377 ejus
501 4307 637 4363 infinitate
654 4314 728 4362 recte
740 4312 859 4378 negatur
879 4323 939 4360 esse
959 4311 1035 4360 extra
1061 4305 1170 4373 statuit,
1195 4305 1345 4357 humanam
1368 4312 1500 4356 naturam
1521 4321 1576 4356 nen
1600 4303 1753 4356 subsistere
1775 4306 1808 4360 ir
1828 4304 1889 4372 aisti

204 4409 331 4461 carnem,
363 4410 534 4465 consequens
564 4395 617 4449 erit
643 4395 725 4449 etiam
756 4393 877 4447 divinam
907 4397 1034 4446 naturam
1061 4390 1156 4460 Λόγῳ,
1175 4391 1241 4459 puio
1254 4379 1386 4442 subsistat
1405 4396 1510 4441 tantam
1529 4390 1559 4440 in
1573 4388 1633 4441 lece
1649 4388 1794 4443 localiter.
1822 4391 1928 4445 lusan

203 4479 251 4531 τοῦ
271 4479 368 4547 Λόγου
380 4499 436 4534 non
456 4496 516 4535 esse
534 4487 611 4535 extra
623 4497 741 4541 carnem,
760 4479 804 4533 vel
822 4496 882 4533 eam
899 4495 958 4533 esse
973 4477 1033 4531 fini·
1061 4476 1160 4547 repetit
1178 4476 1304 4532 Peselius
1324 4480 1422 4529 coutm
1435 4473 1528 4527 Huun
1547 4492 1573 4543 p.
1593 4480 1650 4530 219.
1689 4474 1890 4532 Refutationem

202 4573 259 4621 tam
289 4567 341 4620 erit
371 4566 525 4620 dicendum.
566 4565 749 4620 Keekerman
775 4564 890 4635 System.
915 4563 1034 4634 theolog.
1060 4563 1215 4633 oppositam
1233 4562 1296 4616 vide
1315 4562 1340 4633 d.
1360 4559 1470 4630 Disput.
1490 4557 1517 4633 ξ.
1540 4566 1577 4614 15.
1600 4565 1635 4614 16.
1653 4564 1682 4614 et
1706 4566 1747 4616 1¹1.
1781 4562 1890 4627 111111-

202 4671 228 4723 p.
250 4660 290 4709 sl.
318 4652 382 4706 huie
411 4659 573 4723 argumento
600 4652 804 4722 responsionem
837 4666 972 4722 quaerens
1001 4666 1033 4703 eo
1062 4651 1126 4704 darn
1154 4667 1186 4704 ex
1217 4649 1285 4719 ipsis
1311 4655 1415 4719 negant
1445 4633 1585 4700 Christum
1611 4661 1671 4700 esse
1698 4648 1813 4702 dilium
1840 4648 1891 4702 Dei

203 4738 384 4793 absurditatis
422 4738 591 4808 prolabitur,
625 4743 656 4791 ut
684 4744 768 4808 neget
795 4754 947 4805 persenam
977 4753 1035 4789 esse
1061 4739 1212 4791 seeundum
1229 4735 1428 4787 humanitatem
1449 4733 1639 4801 personaliter
1664 4733 1724 4786 sive
1740 4752 1800 4803 per
1823 4735 1890 4788 anie

202 4826 358 4893 infinitem5
394 4831 419 4879 ό.
439 4826 577 4894 paritatis
603 4825 746 4876 rationem.
783 4823 822 4878 Ut
848 4829 911 4893 post
934 4822 1035 4877 saetam
1061 4842 1122 4878 nem
1140 4822 1325 4892 personalem.
1360 4820 1487 4873 Piscator
1503 4819 1532 4872 in
1550 4818 1623 4873 notis
1640 4817 1676 4872 ad
1690 4819 1788 4877 collat.
1807 4821 1890 4875 Vorst

204 4908 422 4967 incarnationem
451 4911 547 4981 Λόγος
574 4927 630 4965 nen
660 4916 702 4965 est
734 4916 811 4983 extra
839 4926 917 4963 suam
949 4909 1035 4963 deita-
1062 4932 1087 4981 p.
1119 4917 1173 4966 191.
1209 4909 1331 4962 Pusaeus
1356 4907 1385 4960 in
1408 4905 1479 4960 lren.
1503 4921 1526 4958 c.
1545 4910 1586 4960 28.
1610 4911 1660 4959 art
1689 4911 1729 4962 11.
1767 4907 1842 4962 Vide
1868 4905 1891 4958 d

203 5006 272 5067 tem,
304 4999 344 5053 ita
381 4998 464 5052 etiam
496 5015 551 5052 non
583 5004 625 5052 est
657 5003 734 5052 extra
765 5003 914 5050 assumtam
941 4995 1035 5049 huma·
1061 4998 1140 5068 Disp.
1160 4993 1187 5070 §.
1210 5000 1250 5050 22.
1439 5040 1440 5044 ,

202 5087 325 5140 nitatem.
374 5084 458 5138 Ratio
488 5091 545 5152 est,
579 5084 723 5156 quianon
749 5083 830 5136 unius
855 5088 962 5136 tantum
988 5098 1035 5136 na·
1099 5089 1154 5139 121.
1192 5087 1218 5135 3.
1243 5081 1368 5134 Veratius
1385 5079 1457 5133 inter
1474 5076 1651 5132 calvinianos
1671 5082 1700 5132 et
1718 5077 1936 5133 photinianus*

203 5179 297 5240 turae,
326 5172 374 5226 sed
406 5171 549 5242 utriusque
578 5177 621 5226 est
646 5168 804 5240 hypostasis
834 5186 868 5223 ac
893 5168 984 5222 deitas
1008 5175 1037 5222 et
1063 5177 1104 5224 est
1123 5169 1363 5239 ἐπαμφοτερίζον,
1389 5164 1453 5219 ideo
1471 5163 1553 5218 etiam
1573 5163 1633 5217 loeo
1650 5162 1820 5220 intermedio
1838 5180 1894 5218 eum

204 5257 360 5311 humanitas
401 5257 583 5328 personaliter
620 5256 714 5311 unitae
749 5254 778 5307 in
815 5271 849 5308 os
882 5254 1037 5308 subsistunt
1062 5254 1265 5309 collocabimus.
1291 5251 1320 5304 Is
1338 5251 1367 5305 in
1385 5265 1462 5321 exeg.
1481 5250 1618 5320 apologet.
1640 5266 1664 5302 o.
1689 5255 1729 5305 17.
1747 5269 1777 5322 p.
1793 5257 1833 5307 88.
1850 5265 1894 5320 pn·

204 5341 373 5405 discessisses
399 5349 446 5398 aul
473 5342 675 5404 dissentiatur.
716 5341 818 5398 Confer
844 5340 985 5411 Disputat.
1012 5348 1033 5395 7.
1061 5348 1111 5407 tat,
1131 5340 1238 5392 trullum
1250 5355 1308 5390 esse
1324 5354 1454 5403 merem,
1472 5337 1499 5388 si
1515 5336 1577 5404 quis
1596 5335 1725 5389 divinum
1744 5340 1795 5391 1οῦ
1803 5336 1894 5406 Λόγου

204 5432 239 5486 de
272 5431 360 5500 gloria
391 5429 444 5485 Dei
475 5427 502 5504 ξ.
534 5436 571 5484 14.
619 5437 642 5483 11.
667 5428 784 5490 Talibus
811 5427 1036 5482 similitudinibus
1064 5424 1216 5479 ὑπόστασιν
1229 5442 1284 5493 per
1301 5441 1437 5476 arcanum
1455 5422 1577 5489 aliquem
1599 5421 1736 5488 instratum
1762 5431 1895 5478 maumas

203 5519 333 5576 amonem
361 5517 516 5591 declarant,
552 5530 625 5592 quae
650 5515 813 5588 mysterium
840 5516 900 5586 ejus
925 5512 1036 5585 penitus
1065 5512 1233 5567 humanitati
1261 5509 1491 5564 communicatam
1520 5523 1579 5562 csse
1608 5508 1754 5563 1111111111.
1801 5509 1897 5565 Contra
