3984 6022
209 279 270 341 rra
783 239 785 248 ’
904 272 1025 331 rocus
1042 271 1206 329 enarres

210 430 341 502 proiectis
360 429 465 498 donari
482 447 545 486 cum
562 430 734 486 tamenhaec
746 430 853 502 phrasis
865 429 947 500 longe
959 427 1039 499 plura
1065 431 1094 480 at
1118 426 1146 481 in
1166 427 1255 482 forma
1277 425 1408 499 baptismi
1425 424 1528 480 Filium
1555 429 1583 481 et
1600 423 1734 497 Spiritum
1754 442 1775 479 s.
1800 441 1896 497 sequa-

211 518 421 589 complectatur,
441 517 482 571 uti
499 516 588 571 visum
606 515 667 571 fuit.
1065 512 1127 568 liter
1144 531 1208 568 cum
1223 514 1308 569 Patre
1324 512 1458 585 conjungi
1475 510 1659 582 ostendimns;
1675 517 1700 567 2.
1718 511 1749 566 in
1766 512 1896 584 exemplis

249 610 289 662 th.
325 610 348 658 t.
367 606 471 658 Locum
490 603 634 658 Matthaei
651 604 760 672 quidem
779 604 939 671 affirmare,
963 603 1040 672 qvod
1065 599 1156 655 allatis
1174 599 1242 655 talia
1260 599 1444 670 proferuntur,
1464 615 1537 670 quae
1553 598 1614 654 Deo
1633 605 1662 654 et
1679 605 1828 654 creaturae
1843 616 1898 654 non

211 691 333 747 lomim
348 690 379 743 iv
395 706 494 745 semen
514 690 619 753 Patris,
639 690 713 744 Filii
728 697 753 743 et
770 689 893 759 Spiritus
909 706 930 742 ι.
951 688 1039 759 bapti-
1066 687 1177 759 quidem
1197 687 1358 759 aequaliter,
1376 693 1469 741 tamen
1487 685 1594 741 diversa
1613 685 1720 741 ratione
1732 686 1817 741 simul
1829 703 1898 742 com·

210 778 273 832 sari
289 776 414 844 debeam,
433 776 485 829 sed
500 776 623 845 Patrem,
641 776 748 830 biliam
767 776 963 845 etSpiritvee.
983 775 1039 828 aia·
1066 779 1160 845 petere
1186 779 1314 844 possunt,
1339 773 1388 830 sed
1411 771 1579 843 baptismum
1601 772 1631 827 in
1652 772 1774 844 alicujus
1801 790 1899 829 nomen

210 863 291 933 polos
309 861 422 915 divinos
444 878 584 931 pavones
607 879 681 926 esse,
707 863 741 915 id
764 879 815 915 oea
836 861 920 914 verba
944 862 1041 915 testari
1066 859 1232 916 velnomine
1246 859 1487 929 administrarissita
1506 864 1693 930 comparatum
1712 866 1762 927 est,
1781 865 1815 914 nt
1832 860 1899 916 nulli

210 947 742 1018 mmmvltaratiooeveleaasequeotio
754 949 1041 1017 demmatraripoese,
1066 946 1176 1002 omnino
1200 953 1357 1008 creaturae,
1384 946 1432 1001 sed
1460 945 1512 999 soli
1533 945 1594 1001 Deo
1620 951 1777 1017 competere
1795 948 1899 1020 possit;

210 1053 270 1090 evm
289 1035 383 1089 Filius
405 1035 443 1088 sit
461 1051 588 1104 peream
609 1036 723 1103 ἀίυιιια,
750 1037 802 1089 sed
826 1035 907 1102 longe
929 1035 1040 1088 diverso
1070 1040 1091 1089 1.
1111 1032 1172 1089 Gor.
1194 1038 1225 1097 1,
1244 1050 1268 1085 v.
1292 1037 1329 1086 13.

210 1122 321 1176 wtim
336 1139 420 1191 qvam
439 1122 535 1186 Pater,
572 1122 696 1192 Spiritus
714 1141 736 1175 s.
755 1139 820 1176 vero
840 1140 895 1176 noa
920 1122 957 1174 eit
976 1137 1042 1190 per·
1103 1125 1142 1176 34.
1170 1117 1411 1189 Cumprimisvero
1425 1115 1580 1172 Sooinusin
1598 1116 1701 1173 defens.
1719 1118 1900 1176 animadvers

211 1227 288 1263 sona.
319 1206 467 1264 Schmaltz.
486 1206 516 1262 in
533 1207 615 1264 reiut
633 1207 700 1263 thee
718 1209 754 1263 D.
766 1208 877 1263 lhantz.
897 1226 924 1279 p.
938 1213 961 1262 5.
981 1225 1041 1262 sen·
1068 1213 1163 1262 contra
1174 1204 1339 1276 Eutropium
1357 1221 1419 1258 ann.
1433 1209 1492 1260 618.
1515 1204 1591 1258 sdits
1610 1203 1639 1258 in
1651 1204 1810 1261 detorsione
1821 1206 1901 1278 buius

211 1312 272 1350 sum
291 1293 438 1349 verborum
457 1293 525 1348 dicit
543 1310 603 1350 esse
621 1310 691 1362 eum,
709 1296 786 1364 qaod
802 1294 855 1362 iili,
875 1297 924 1364 qvi
938 1293 1045 1348 mamati
1067 1292 1121 1348 loci
1133 1291 1214 1347 valde
1226 1297 1377 1361 occupatus
1395 1295 1445 1356 est,
1461 1289 1604 1345 videamus
1622 1307 1689 1362 ergo
1707 1291 1776 1363 quid
1795 1291 1901 1361 afferat

211 1381 347 1450 ds'aoipuli
356 1380 427 1450 fleri
444 1379 554 1449 volvet,
573 1381 722 1436 maanes·
738 1383 794 1435 sint
813 1382 842 1435 in
861 1381 990 1435 doetrim
1008 1383 1043 1434 de
1068 1397 1094 1450 p.
1105 1383 1163 1433 322.
1182 1378 1222 1432 sic
1240 1377 1383 1449 disputare
1390 1375 1501 1447 incipit:
1521 1381 1544 1429 1.
1558 1393 1590 1429 ee
1603 1375 1712 1431 Christi
1727 1377 1901 1433 irreventiam

210 1469 275 1521 D'eo
294 1468 383 1520 Patre
411 1474 437 1520 et
454 1468 524 1521 Jesv
545 1466 655 1521 Christo
675 1477 701 1521 et
720 1468 831 1538 Spiritu
847 1488 884 1531 e,
909 1484 980 1537 mene
1003 1468 1045 1520 ad
1069 1483 1126 1518 vua
1154 1481 1215 1518 evm
1244 1465 1332 1518 Patre
1365 1463 1395 1515 ia
1425 1462 1561 1532 baptismo
1589 1480 1646 1516 oon
1674 1471 1766 1533 potest
1799 1465 1901 1534 callim,

210 1554 329 1607 salntem
354 1553 465 1607 omnino
489 1554 648 1607 massaria
671 1562 727 1622 eet,
751 1554 861 1608 etianrei
882 1570 932 1606 nee
951 1552 1043 1606 ntitas
1069 1552 1213 1622 utriusque
1230 1550 1432 1604 invocationem
1450 1567 1508 1603 ease
1521 1566 1636 1618 parem,
1661 1567 1729 1603 nam
1753 1551 1840 1604 Pater
1861 1553 1902 1605 iu·

210 1638 260 1693 sile
281 1641 360 1692 Deua
376 1657 450 1693 vove
470 1639 515 1702 eit,
533 1639 582 1708 qvi
595 1640 682 1694 Pater·
699 1647 745 1706 est,
764 1656 813 1693 nec
826 1639 949 1708 Spiritus
966 1656 988 1692 ι.
1008 1640 1044 1691 eit
1069 1639 1166 1692 vocari
1178 1645 1284 1707 potest,
1306 1645 1338 1690 vt
1351 1637 1448 1707 pmma
1464 1637 1684 1705 regenerationis
1701 1654 1804 1705 caveo,
1823 1636 1901 1692 Chri·

207 1741 349 1794 percooa3
375 1743 403 1796 p
423 1730 464 1781 36.
500 1724 584 1795 Resp.
611 1731 632 1781 1.
658 1728 686 1780 et
707 1741 800 1780 veram
826 1725 891 1779 Filii
913 1724 1042 1780 deitatem
1069 1733 1127 1778 stris
1140 1741 1204 1777 vero
1218 1725 1393 1791 viromando,
1412 1724 1479 1793 qvia
1497 1723 1548 1776 ille
1565 1731 1606 1775 eet
1622 1724 1656 1789 ie,
1674 1738 1707 1776 ea
1725 1741 1782 1794 qvo
1802 1726 1901 1787 omnin,

212 1809 370 1882 etSpiritus
381 1829 402 1865 s.
419 1809 643 1882 personalitatem
661 1811 826 1881 luculenter,
845 1812 887 1866 uti
905 1827 992 1882 spero,
1010 1827 1043 1866 ex
1069 1812 1201 1865 litavere
1227 1811 1268 1874 ie,
1293 1827 1348 1880 per
1373 1828 1452 1880 qvem
1479 1809 1580 1863 omnio.
1616 1807 1698 1880 Resp.
1728 1816 1748 1865 1.
1774 1816 1808 1865 ιιι
1832 1829 1901 1866 unus

213 1895 306 1953 verbis
324 1896 425 1952 Christi
443 1897 632 1968 ostendimus3
659 1903 682 1952 2.
702 1913 762 1965 eos,
787 1897 834 1968 qui
857 1896 1043 1968 baptizantur,
1070 1898 1154 1965 Deus,
1172 1914 1228 1952 una
1246 1896 1340 1951 divina
1356 1895 1485 1965 essentia,
1502 1895 1542 1950 ita
1561 1912 1671 1968 quoqne
1690 1913 1746 1950 una
1763 1896 1900 1952 invocatio

211 1985 240 2038 in
260 1983 385 2039 doctrina
408 1983 444 2038 de
465 1983 526 2039 Deo
546 1984 712 2039 erudiendos
739 2000 799 2039 esse
821 2001 877 2038 non
901 2001 1042 2056 negamus,
1069 1985 1206 2055 religIosa
1242 1983 1296 2051 Qui
1315 1981 1454 2038 Christum
1472 1983 1566 2038 divino
1583 1981 1686 2037 honore
1709 1982 1858 2038 colendum
1875 1990 1901 2039 et

212 2069 262 2125 sed
288 2069 317 2125 in
340 2069 417 2124 hisce
440 2069 619 2125 institutionis
645 2071 810 2142 baptisticae
837 2070 929 2125 verbis
956 2070 1043 2124 nihilo
1069 2069 1252 2125 invocandum
1273 2070 1371 2124 docent
1391 2075 1420 2124 et
1442 2068 1550 2124 interim
1574 2085 1669 2123 verum
1692 2075 1796 2123 natura
1813 2069 1900 2125 Deum

212 2155 274 2227 plus
293 2155 434 2225 contineri,
451 2157 504 2211 hoc
522 2174 587 2212 vero
605 2163 660 2226 cet,
679 2158 754 2229 quod
772 2157 884 2228 probari
903 2156 1042 2228 cupimus3
1069 2172 1129 2212 esse
1147 2161 1258 2227 negant,
1276 2171 1373 2209 revera
1387 2154 1481 2224 plures
1496 2155 1563 2209 deos
1580 2154 1769 2224 introducunt,
1789 2160 1823 2209 ut
1837 2155 1901 2210 tlibi

213 2248 237 2298 3.
260 2258 316 2297 non
337 2240 373 2297 de
397 2243 533 2311 baptismo
560 2245 721 2312 doctrinae,
747 2245 798 2296 sed
826 2260 916 2312 aptae
942 2242 1042 2298 Christi
1069 2243 1177 2314 plenius
1191 2241 1400 2308 monstrabitnr;
1421 2246 1444 2296 2.
1458 2240 1617 2312 ubicunque
1629 2241 1760 2312 religiose
1772 2241 1828 2298 Dei
1839 2242 1900 2296 ado

212 2327 297 2383 verbe
321 2327 485 2399 accipienda
511 2346 588 2398 esse,
617 2328 685 2384 alibi
713 2328 923 2386 demonstratur.
961 2327 1043 2385 Certe
1068 2330 1138 2384 ratio
1150 2328 1299 2398 opponitur
1316 2326 1470 2381 adorationi
1490 2326 1658 2398 sculptilium
1675 2334 1704 2382 et
1721 2327 1900 2392 idololatriae,

211 2432 264 2470 vox
283 2413 415 2485 baptismi
440 2418 620 2488 mammatice
639 2433 695 2471 non
721 2414 859 2487 significat
882 2416 1042 2484 doctrinam,
1069 2416 1108 2470 ibi
1135 2414 1198 2470 talis
1224 2412 1348 2468 adoratio
1375 2413 1555 2484 intelligitur,
1590 2429 1660 2484 quae
1686 2430 1744 2468 non
1773 2414 1828 2470 nisi
1854 2413 1900 2470 soli

211 2518 244 2556 ao
267 2517 339 2571 quse
364 2517 414 2572 pro
440 2501 607 2557 stabilienda
630 2501 715 2574 hujus
740 2502 815 2556 vocis
841 2518 892 2571 pro
917 2500 1042 2556 doctrina
1068 2506 1181 2556 aeterno
1199 2507 1227 2555 et
1243 2506 1344 2555 natura
1361 2516 1426 2554 vero
1445 2498 1506 2553 Deo
1525 2499 1662 2571 competit
1695 2499 1821 2555 Attalis
1838 2502 1899 2557 ado-

211 2585 413 2660 significstione
429 2587 589 2656 affmunnrr,
605 2587 752 2643 includunt
764 2604 853 2658 aquae
863 2588 1041 2657 baptismum,
1068 2588 1139 2642 ratio
1153 2586 1263 2642 Christo
1282 2584 1414 2641 tribuitur
1431 2585 1532 2641 Pselm.
1548 2592 1589 2655 97,
1602 2603 1626 2639 v.
1643 2592 1665 2642 7.
1686 2584 1775 2640 Hebr.
1793 2594 1815 2654 1,
1833 2606 1858 2642 v.
1871 2592 1899 2657 63

212 2670 414 2743 synecdochice
441 2672 527 2744 igitur
555 2672 718 2744 accipienda
745 2679 826 2742 sunt,
855 2673 944 2743 ipsum
977 2690 1042 2745 ergo
1070 2680 1092 2729 3.
1111 2673 1262 2743 Apostolus
1283 2670 1403 2727 aPatre
1422 2677 1450 2727 et
1467 2671 1576 2727 Christo
1602 2671 1755 2743 aequaliter
1778 2674 1899 2742 gravam

210 2757 342 2829 baptismi
353 2757 589 2814 nomcnshsolute
600 2759 729 2830 positum,
743 2758 939 2814 nisievidentia
952 2765 1042 2814 textus
1068 2769 1093 2815 et
1106 2778 1208 2830 paoem
1225 2759 1348 2815 ecclesiis
1367 2765 1509 2830 precatur,
1533 2766 1556 2815 1.
1576 2759 1731 2830 baptismus
1743 2761 1775 2814 iv
1793 2762 1899 2816 nomiae

213 2843 290 2898 aliud
309 2848 430 2898 statuere
447 2849 546 2916 cogat,
571 2860 678 2915 semper
698 2844 834 2916 accipitur
851 2845 886 2898 de
904 2844 1041 2916 baptismo
1069 2849 1167 2901 Patrio
1185 2855 1210 2900 et
1224 2845 1299 2900 Filii
1315 2845 1468 2917 aequaliter
1485 2844 1638 2914 confertum
1655 2852 1679 2899 ιι.
1698 2851 1731 2899 ut
1748 2845 1868 2918 Spiritus
1878 2866 1899 2903 s.

210 2944 314 3000 muas,
337 2945 410 3001 quae
427 2934 470 2983 est
485 2930 598 3001 propris
618 2937 646 2985 et
669 2930 762 2984 nodva
786 2932 845 3002 ejus
867 2930 1040 3002 significatio.
1068 2935 1096 2988 in
1115 2934 1253 3004 baptismo
1271 2950 1354 3003 super
1369 2932 1543 3002 baptizatum
1562 2933 1714 3001 invocatur,
1733 2933 1775 2988 ita
1793 2949 1899 3007 quoqne

209 3014 331 3071 Tantum
349 3029 415 3070 veru
433 3015 519 3085 abest,
537 3021 569 3070 ut
582 3016 730 3087 quicquam
742 3016 770 3070 in
784 3017 876 3072 verbis
888 3016 1040 3072 CHRISTI
1067 3019 1162 3074 Filius.
1211 3018 1301 3090 Atqui
1320 3018 1354 3073 de
1378 3016 1481 3088 Spiritu
1497 3036 1519 3071 s.
1546 3017 1602 3072 dici
1624 3020 1738 3090 nequit,
1763 3021 1840 3092 quod
1861 3019 1898 3075 in·

212 3107 346 3167 occurrat,
366 3100 441 3172 quod
458 3118 476 3156 a
492 3101 662 3173 proprietate
679 3102 774 3159 literae
787 3120 837 3158 nos
856 3103 998 3158 discedere
1014 3110 1042 3158 et
1067 3105 1159 3161 feriori
1188 3104 1308 3176 quadam
1333 3103 1494 3159 adoratione
1516 3104 1673 3174 invocetur,
1701 3111 1744 3161 est
1771 3106 1845 3162 euim
1867 3124 1898 3164 es
1926 3141 1930 3148 .

212 3188 247 3243 de
274 3187 416 3242 dochinus
442 3187 579 3259 baptismo
607 3181 704 3244 eadem
732 3190 858 3261 accipere
885 3197 984 3261 cogat,
1010 3196 1042 3244 ut
1067 3192 1294 3247 Photinienorum
1308 3190 1455 3262 hypothesi
1469 3191 1595 3262 ipsaDei
1612 3192 1699 3246 virtus
1718 3198 1747 3248 et
1763 3193 1899 3263 potentis;

211 3274 304 3346 potins
322 3275 491 3329 carmanum
504 3290 536 3328 ex
551 3274 605 3329 illis
618 3274 771 3346 colligatur.
800 3275 951 3331 Doctrinae
969 3276 1041 3330 enim
1069 3285 1090 3334 6.
1109 3278 1197 3332 Filius
1221 3276 1306 3331 debet
1326 3276 1363 3331 ah
1386 3277 1513 3332 omnibns
1536 3277 1680 3347 honorari,
1700 3277 1815 3349 aetna,
1832 3278 1900 3334 sient

203 3360 337 3419 .Christus
351 3363 411 3432 jam
428 3366 511 3416 antea
528 3360 634 3417 iecerat
653 3362 833 3430 mentionem,
852 3362 969 3434 ideoque
987 3379 1041 3416 non
1067 3366 1152 3419 Pater
1170 3362 1327 3421 honoretur.
1357 3362 1420 3418 Joh.
1442 3371 1465 3432 5,
1484 3382 1510 3418 v.
1529 3369 1571 3420 23.
1606 3363 1680 3436 Ergo
1699 3383 1755 3420 non
1773 3364 1900 3422 interiore

210 3447 264 3502 nisi
281 3464 331 3518 per
347 3447 483 3519 insignem
502 3451 682 3520 sacroloytev
698 3449 813 3504 verbum
824 3448 986 3520 baptizandi
1005 3449 1040 3504 ad
1068 3451 1162 3521 aliqua
1175 3447 1342 3503 adoratione.
1367 3448 1474 3504 Confer.
1494 3449 1545 3504 loc
1564 3450 1599 3504 de
1617 3449 1677 3505 Deo
1695 3449 1782 3506 Patre
1799 3448 1828 3528 S
1843 3455 1896 3507 tte.

212 3533 366 3589 doctrinam
381 3532 478 3588 referri
497 3541 596 3604 potest.
632 3533 698 3591 Vid.
716 3535 768 3589 loe.
787 3535 822 3589 de
842 3535 918 3606 bapt.
937 3533 964 3608 S.
986 3540 1041 3591 115.
1103 3543 1143 3592 95.
1180 3541 1204 3589 2.
1225 3536 1349 3606 Spiritus
1366 3555 1389 3592 a.
1408 3536 1556 3600 invocatio,
1575 3537 1631 3589 aiei
1653 3537 1678 3589 is
1694 3554 1823 3606 pervorsa
1844 3553 1900 3592 eres

212 3627 236 3676 4.
264 3618 324 3683 Quo
348 3619 430 3674 modo
451 3620 479 3673 in
498 3619 590 3675 Patris
615 3637 713 3675 nomen
742 3619 877 3699 baptizari
902 3622 1041 3691 J'ubemur,
1070 3626 1232 3677 ostendatur
1255 3623 1291 3675 ab
1313 3622 1375 3691 ipro
1394 3623 1458 3675 Deo
1481 3622 1569 3675 Patre
1592 3622 1743 3691 divincta,
1763 3642 1824 3693 par
1844 3639 1900 3678 sess

211 3721 244 3760 eo
275 3705 357 3761 enam
388 3707 469 3761 modo
500 3707 528 3760 in
559 3707 623 3760 Filii
659 3725 758 3762 nomen
786 3708 917 3780 jubemur
952 3707 1041 3779 bapti·
1065 3718 1157 3780 potest
1176 3710 1266 3778 optim
1294 3708 1351 3762 Dei
1370 3709 1469 3761 Patris
1492 3709 1666 3775 invocationi,
1689 3717 1716 3762 et
1740 3717 1833 3764 tames
1853 3710 1901 3764 loo

211 3791 282 3860 sari,
315 3797 348 3846 ut
374 3792 495 3846 ostendit
530 3793 686 3864 copulativa
721 3801 774 3848 ent.
828 3794 914 3866 Atqui
953 3794 1042 3867 bapti·
1069 3797 1141 3850 oihil
1157 3795 1270 3864 juvabit
1291 3794 1496 3862 adversarium,
1527 3796 1630 3864 quippe
1651 3797 1701 3864 qvi
1722 3797 1901 3865 prohemium

211 3893 307 3932 samur
323 3879 353 3932 in
370 3895 469 3933 nomen
490 3879 581 3934 Patris
601 3886 633 3934 ut
650 3881 708 3940 veri
724 3881 784 3937 Dei.
820 3882 895 3953 Ergo
913 3882 1041 3937 etiamen
1069 3884 1125 3937 sihi
1138 3882 1266 3935 mmeemt
1284 3888 1339 3934 trev
1357 3897 1415 3933 ease
1423 3898 1561 3950 personas
1580 3882 1609 3934 iv
1620 3899 1678 3934 vino
1696 3882 1797 3937 divino
1815 3899 1901 3936 esses·

30 4004 33 4009 «
85 3982 126 4024 111.
138 3977 185 4024 ιιι.
212 3963 294 4020 modo
314 3965 343 4019 iu
360 3981 461 4020 nomen
478 3964 543 4019 Filii
562 3965 742 4036 baptizamur.
779 3975 803 4023 5.
830 3967 891 4032 Quo
913 3968 1042 4023 modain
1069 3973 1126 4034 tia,
1149 3987 1177 4040 p.
1199 3968 1259 4022 ead.
1286 3966 1369 4038 Resp.
1391 3973 1412 4023 t.
1448 3967 1476 4022 Si
1503 3967 1623 4037 Spiritus
1644 3987 1665 4021 s.
1690 3967 1830 4024 invocatio
1853 3985 1903 4040 par

211 4050 303 4106 verbis
325 4050 380 4104 illis
405 4050 492 4106 Filius
516 4067 535 4107 s
562 4050 645 4108 Patre
672 4053 869 4126 distinguitur,
902 4070 933 4108 eo
960 4054 1042 4109 etiam
1069 4071 1129 4110 esse
1147 4058 1239 4124 potest
1256 4053 1342 4123 ipsius
1354 4052 1407 4108 Dei
1419 4052 1509 4107 Patris
1522 4052 1695 4120 invocationi,
1713 4053 1901 4125 utiqueetiam

211 4137 292 4194 modo
310 4136 433 4214 Spiritus⁸
452 4157 474 4193 s.
498 4155 516 4193 a
539 4140 622 4194 Patre
648 4138 840 4212 definguitur,
866 4147 897 4195 ut
922 4141 1043 4197 ostendit
1069 4139 1207 4196 invocatio
1224 4138 1289 4192 Filii
1308 4155 1360 4209 par
1377 4145 1421 4192 est
1438 4138 1482 4193 vel
1501 4139 1594 4208 potius
1617 4138 1714 4194 eadem
1735 4139 1901 4196 invocationi

211 4229 302 4281 textus
321 4224 413 4280 senes.
448 4225 536 4296 Atqui
554 4225 642 4281 Filius
661 4242 678 4281 a
695 4226 780 4282 Patre
806 4227 988 4299 distinguitur
1012 4235 1043 4283 ut
1069 4227 1174 4294 Patris,
1193 4225 1259 4296 quia
1277 4241 1329 4296 per
1346 4225 1509 4295 particulam
1530 4231 1578 4277 aot
1593 4224 1747 4297 aequaliter
1768 4231 1803 4281 nt
1819 4225 1902 4282 Pae

210 4327 336 4383 persona
363 4311 439 4384 Ergo
458 4311 541 4367 etiam
561 4312 679 4383 Spiritus
699 4330 720 4366 s.
739 4329 756 4367 a
773 4313 856 4368 Patre
876 4321 908 4368 ut
925 4331 1043 4385 pasena
1070 4318 1098 4369 et
1116 4313 1235 4384 Spiritus
1253 4329 1281 4375 s.,
1301 4312 1339 4365 ito
1357 4326 1467 4382 quoque
1485 4310 1569 4366 Peter
1586 4310 1710 4367 ctFilius
1728 4313 1900 4386 conjungun-

212 4397 399 4470 distinguitur.
434 4397 500 4454 vid.
519 4398 599 4468 Diap.
620 4406 658 4453 lu.
678 4400 713 4453 de
731 4399 820 4470 gloria
836 4399 897 4455 Dei.
915 4399 941 4475 S.
959 4409 981 4455 5.
1068 4407 1122 4456 tur.
1159 4406 1181 4455 2.
1203 4399 1277 4464 Quot
1300 4412 1433 4468 personae
1459 4396 1488 4450 in
1509 4397 1640 4468 baptismi
1664 4396 1899 4453 adminisnatione

245 4489 285 4539 93.
321 4489 346 4538 5.
366 4486 432 4538 Noe
450 4492 492 4538 est
509 4502 617 4550 nomem,
630 4494 659 4537 ct
675 4502 720 4538 ree
739 4504 798 4538 evoe
812 4488 944 4554 praeconia
962 4489 990 4541 io
1002 4506 1043 4541 re·
1069 4483 1397 4552 invocantur‚totctiam
1415 4498 1549 4553 personae
1567 4483 1677 4537 suntin
1697 4483 1794 4540 divina
1811 4501 1899 4541 essen

212 4571 261 4624 brie
283 4571 420 4639 baptismo
446 4571 584 4625 similibus
607 4572 814 4640 corsjeapantur
837 4581 862 4625 et
883 4574 958 4626 idem
984 4574 1044 4627 iilic
1069 4573 1125 4638 tin,
1152 4570 1218 4642 quia
1243 4569 1368 4625 adoratio
1392 4569 1494 4624 nemini
1521 4568 1670 4639 competit,
1696 4568 1751 4623 nisi
1781 4570 1830 4644 qui
1853 4587 1901 4643 per

125 4658 127 4663 ’
210 4658 359 4725 tribuum,
379 4659 456 4726 qvod
469 4657 616 4725 paeonis,
641 4658 685 4710 his
699 4657 808 4726 quidem
826 4660 959 4728 proprie,
984 4659 1044 4713 eilia
1069 4664 1196 4714 naturam
1222 4664 1264 4712 cst
1291 4672 1372 4710 verus
1399 4654 1484 4710 Dens.
1518 4655 1606 4727 Atqui
1629 4661 1685 4710 tres
1712 4672 1849 4726 personae
1874 4656 1901 4711 in

211 4761 276 4799 caro
302 4744 464 4813 improprie.
500 4741 650 4799 Sohmalts.
676 4743 702 4796 d.
725 4743 743 4796 l.
773 4762 800 4815 p.
823 4749 864 4813 36,
891 4744 940 4800 ubi
964 4744 1045 4801 affert
1069 4744 1199 4817 baptismi
1227 4742 1464 4798 administratione
1490 4743 1660 4796 invocantur.
1700 4740 1785 4814 Ergo.
1823 4747 1848 4799 3.
1873 4740 1902 4799 Si

162 4825 165 4831 ’
209 4829 277 4886 baec
296 4829 436 4901 exempla:
453 4829 517 4886 aa.
532 4835 572 4892 20,
591 4847 616 4883 v.
630 4834 670 4884 32.
694 4829 765 4900 Eph.
780 4837 805 4899 6,
825 4850 849 4884 v.
864 4839 904 4889 m.
933 4832 1004 4886 Phil.
1020 4838 1044 4900 3,
1070 4831 1189 4905 Spiritus
1208 4850 1228 4885 a.
1247 4845 1304 4883 una
1323 4845 1386 4882 cum
1402 4826 1484 4881 Patre
1504 4832 1532 4880 et
1548 4825 1620 4881 Filio
1638 4826 1784 4897 adoratur,
1806 4810 1902 4900 u‘tique

210 4935 235 4973 v.
257 4923 296 4973 10.
332 4916 424 4986 Saepe
440 4916 500 4984 ipsi
515 4916 638 4969 hanzines
662 4916 795 4970 mortales
820 4919 850 4970 io
872 4919 1042 4987 operationi·
1070 4923 1111 4974 est
1138 4916 1268 4972 distincta
1294 4933 1311 4968 a
1335 4913 1419 4969 Patre
1444 4919 1472 4967 et
1497 4912 1569 4966 Filio
1596 4928 1721 4983 persona.
1764 4912 1900 4981 Quorsum

211 5003 261 5058 bru
280 5011 306 5058 et
323 5004 477 5058 actionibus
494 5003 552 5057 sive
578 5004 682 5058 vostris
708 5020 776 5072 erga
794 5006 886 5058 Deam
905 5005 961 5058 aiere
985 5006 1044 5059 Dei
1070 5006 1142 5061 enim
1160 5002 1291 5056 distincta
1310 5001 1370 5071 ojus
1387 4998 1465 5054 fieret
1482 4998 1596 5068 mentio,
1622 4998 1674 5053 nisi
1694 5005 1773 5054 esset
1784 5016 1902 5073 persona

211 5105 278 5158 erga
295 5106 419 5144 sermm
431 5090 495 5143 Deo
509 5090 720 5159 eaojvrsgvotrvr.
749 5089 838 5146 Socin.
857 5091 886 5144 in
906 5090 1042 5146 animadv.
1069 5107 1087 5145 a
1109 5089 1193 5143 Patre
1214 5086 1364 5142 distincta?
1401 5085 1468 5151 Quis
1497 5101 1619 5156 unquam
1645 5085 1674 5149 'm
1701 5086 1789 5139 sacris
1815 5086 1901 5141 literis

210 5175 247 5229 ad
265 5181 358 5232 essert
378 5181 401 5232 6.
436 5176 518 5232 Posn
543 5193 570 5247 p.
591 5181 631 5232 44.
667 5175 749 5246 Besp.
776 5182 852 5246 patet
875 5193 909 5232 er
931 5193 1043 5248 praece·
1068 5177 1136 5247 legit
1155 5174 1284 5229 distincte
1300 5172 1419 5229 invocari
1439 5170 1491 5226 Dei
1516 5171 1693 5241 sapientiam,
1718 5170 1773 5228 Dei
1794 5172 1900 5229 bonita-

212 5260 349 5319 dentihus.
379 5268 399 5317 1.
418 5261 538 5329 Quando
555 5278 599 5318 res
617 5263 661 5317 vel
680 5278 814 5333 personae
836 5262 963 5319 mortales
977 5279 1041 5317 cum
1066 5271 1131 5329 tem,
1150 5259 1370 5332 Deijustitiam?
1401 5258 1481 5325 Quod
1498 5259 1520 5312 si
1534 5257 1731 5330 ergoSpiritus
1745 5277 1766 5314 s.
1787 5276 1844 5315 non
1861 5266 1902 5316 est

210 5346 272 5403 Deo
289 5349 503 5421 conjungimur,
521 5354 589 5403 tunc
608 5364 641 5403 ex
659 5349 886 5406 antecedentibus
900 5356 929 5406 et
946 5365 1041 5405 conse·
1067 5347 1199 5404 distinctu
1217 5362 1347 5418 persona,
1369 5346 1417 5402 sed
1437 5350 1545 5401 tantum
1558 5344 1612 5400 Dei
1623 5344 1718 5408 virtus,
1737 5346 1835 5419 utique
1846 5362 1901 5401 non

210 5433 359 5507 quentibus
378 5436 475 5501 elucet,
493 5435 737 5505 illasrsscreatae,
754 5435 1041 5508 nonaequsliter,sed
1067 5438 1160 5507 posset
1186 5434 1214 5487 in
1241 5432 1414 5488 invocatione
1441 5431 1574 5487 distincta
1598 5430 1671 5485 illius
1698 5429 1759 5486 fieri
1786 5432 1899 5490 mentio.
1961 5467 1964 5487 .

208 5527 341 5595 tanquam
364 5520 586 5580 monumentales
608 5538 707 5577 causas
730 5539 794 5578 cum
815 5521 875 5577 Deo
899 5522 1039 5594 conjungi,
1067 5520 1148 5581 Vidit
1169 5519 1342 5575 adversarius
1360 5518 1492 5573 invictum
1515 5517 1598 5589 hujus
1625 5519 1782 5590 argumenti
1808 5519 1902 5591 robur,
