3984 6022
649 274 702 330 DE
720 273 895 332 PERSONA
911 273 961 328 ΕΤ
979 273 1131 331 OFFICIO
1149 274 1310 332 CHRISTI.
1764 284 1825 348 521

124 432 190 484 tom.
210 433 239 484 l«
256 443 355 483 comm.
375 428 403 482 in
423 427 522 485 Thom.
541 429 644 501 disput
663 434 685 485 1.
705 434 809 501 quaest.
830 435 851 484 2.
863 447 890 500 p.
905 434 963 484 365.
990 429 1086 501 hujus:
1104 432 1187 484 Deus
1206 440 1246 485 est
1266 433 1356 502 bomo,
1367 451 1432 509 ‘non
1445 432 1605 504 relinquunt
1622 433 1651 489 in
1669 435 1782 507 propria
1799 440 1828 490 et

124 514 198 594 hanc
218 513 451 585 propositionem:
479 518 561 570 Deus
579 524 619 570 est
637 516 731 584 bomo,
760 515 963 586 quodammodo
990 514 1085 569 nativa
1109 515 1325 587 significatione,
1353 519 1402 573 sed
1430 519 1490 574 loco
1507 519 1624 574 hominis
1641 521 1828 577 substistuunt

124 599 360 654 medicamenta
379 600 453 656 dicit
488 602 522 656 In
541 601 644 657 delens.
664 601 751 673 diput.
769 607 866 657 contra
883 600 961 656 iund.
989 599 1080 655 Deum
1102 608 1130 655 11
1147 601 1207 657 1111
1225 602 1280 659 Dei
1301 603 1473 659 substituunt
1490 604 1635 670 hominem,
1655 606 1730 661 unde
1746 609 1826 661 iden-

123 681 252 757 Ubiquit.
278 703 306 755 p.
326 691 368 744 12.
387 693 474 757 negat
497 685 638 742 Cbmstmn
663 691 815 742 recaredum
837 688 962 741 lamoni-
990 687 1060 739 tiras
1078 695 1195 757 vocent,
1214 694 1246 742 ut
1262 694 1360 758 postea
1376 689 1539 760 apparebit;
1563 695 1587 744 1.
1607 690 1698 746 vorbis
1715 692 1827 763 quidem

123 777 208 825 tatem
228 787 287 825 esse
306 774 421 840 Derim„
991 771 1099 840 docent,
1111 771 1250 828 Christum
1259 773 1351 829 Deum
1358 791 1418 830 esse
1430 774 1827 849 hominemrealitensedquie

162 861 218 913 158.
254 861 281 910 b.
308 857 471 912 Caluinioni
487 858 516 911 in
535 857 666 912 rivallone
685 858 784 913 harum
800 846 1105 929 propositio-limmale
1129 859 1239 914 unionis
1257 861 1409 931 personalis
1427 862 1520 916 multis
1540 861 1628 916 modis
1646 862 1827 932 labefactant,

124 959 193 996 num
212 942 310 998 misere
328 942 474 1000 fluctuant
513 951 535 1000 1.
554 943 674 1009 Quidem
692 944 790 999 dieunt
808 960 963 1014 11111111-
990 943 1055 997 inde
1073 945 1276 1014 propositiones
1293 947 1453 1018 personales
1472 948 1554 1002 etiam
1572 955 1741 1017 pervertunt

126 1027 280 1084 dimtiones
304 1031 439 1085 soboles.
479 1029 611 1086 Daueeus
629 1037 726 1086 contra
743 1029 857 1085 Chemn.
876 1046 900 1085 c.
923 1035 962 1084 12.
1027 1036 1082 1085 159.
1120 1036 1143 1085 2.
1174 1031 1294 1097 Quidem
1320 1040 1421 1087 nocant
1446 1034 1666 1103 praedicationes
1690 1036 1826 1104 proprias

123 1132 152 1185 p.
173 1119 239 1170 295:
260 1116 325 1169 Hae
345 1117 514 1170 sententiae.-
537 1120 619 1172 Deus
637 1117 756 1170 realiter
774 1125 813 1170 est
831 1118 919 1185 bomo,
938 1125 964 1170 et
990 1123 1016 1168 et
1040 1118 1193 1185 nequiores.
1230 1117 1345 1174 Orthod.
1373 1137 1497 1176 consens.
1520 1140 1548 1191 p.
1574 1107 1826 1194 1111122011]-

124 1201 205 1256 borno
218 1210 259 1255 est
270 1204 361 1264 Deus,
380 1204 422 1256 ito
438 1211 503 1256 svnt
520 1203 706 1273 explicandae
717 1211 744 1255 et
756 1203 963 1271 intellipendoe‚
989 1217 1075 1256 naeus
1094 1201 1169 1273 disp.
1185 1203 1219 1258 de
1233 1220 1358 1262 sumone
1369 1206 1514 1262 incarnato
1526 1225 1570 1264 an.
1585 1214 1625 1263 et.
1638 1208 1723 1265 habit.
1733 1209 1772 1263 th.
1785 1217 1824 1266 11.

123 1295 154 1340 ut
174 1289 210 1340 de
230 1304 354 1357 persono
373 1289 486 1358 quidem
504 1289 568 1357 ipso
585 1305 634 1343 seu
651 1290 687 1342 de
704 1296 761 1343 toto
779 1290 857 1342 unito
878 1289 962 1342 reali·
989 1286 1210 1357 Respondemus:
1225 1291 1259 1345 Si
1266 1293 1302 1345 de
1308 1294 1482 1362 proprietate
1492 1295 1827 1363 verborumprommaticu

124 1373 342 1442 mendicantur,
362 1376 398 1427 de
418 1382 474 1428 toto
491 1382 585 1428 tamen
602 1375 677 1428 uniti
687 1384 736 1428 aut
748 1375 867 1442 sinpulis
884 1375 963 1428 illivs
990 1373 1115 1444 quaestio
1128 1375 1172 1444 sit,
1191 1377 1369 1432 concedimus
1382 1397 1442 1434 esse
1453 1381 1590 1450 proprias,
1602 1382 1669 1452 quia
1679 1388 1737 1437 tam
1748 1400 1826 1455 prae·

119 1476 263 1529 personae
282 1461 392 1514 natura
409 1461 560 1514 verbaliter
578 1470 685 1515 tontum
703 1469 728 1515 et
746 1478 797 1530 per
810 1458 964 1530 ἐναλλαγὴν
990 1459 1111 1514 dicatum
1130 1477 1215 1532 quam
1233 1462 1390 1534 subjectum
1410 1467 1530 1522 retinent
1547 1468 1687 1539 propriam
1705 1476 1733 1523 11
1755 1469 1825 1523 uati·

123 1544 272 1619 ὀνομάιων
301 1556 350 1601 aut
378 1546 522 1603 ἀντίδοσιν
547 1558 596 1603 aut
624 1555 774 1603 κοινωνίαν
803 1546 963 1621 ἰδιωμάτων
990 1562 1053 1599 vem
1071 1548 1218 1601 verborum
1228 1548 1472 1621 significationem
1490 1553 1514 1606 si
1527 1571 1593 1609 nero
1605 1557 1641 1607 cle
1650 1558 1825 1632 proprietate

124 1634 302 1687 enuntientur
324 1635 408 1686 etiam
422 1652 478 1703 per
496 1636 581 1688 verbo
598 1637 755 1690 concretiva
773 1644 799 1689 st
813 1652 963 1704 personam
989 1633 1185 1701 dispositionis
1210 1635 1318 1704 topicae
1343 1639 1470 1707 quaestio
1494 1640 1531 1694 sit
1555 1641 1649 1711 (quam
1669 1641 1706 1696 ab
1725 1641 1763 1697 111
1785 1642 1824 1696 in·

125 1721 297 1773 denotantia.
326 1719 459 1773 Omnibus
478 1722 550 1774 enirn
567 1721 611 1774 liis
624 1715 765 1775 normulis
778 1729 877 1791 patres
891 1721 964 1773 banc
990 1717 1078 1789 telligi
1095 1725 1174 1790 patet
1192 1738 1225 1774 ex
1242 1738 1283 1787 eo,
1305 1723 1378 1793 quod
1397 1724 1516 1795 addunt,
1536 1744 1595 1783 esse
1604 1726 1825 1797 praedicationes

124 1805 265 1859 verbalem
283 1808 526 1875 praedicationem
549 1825 598 1860 sev
622 1808 822 1878 appellationis
846 1825 963 1861 commu·
989 1804 1151 1874 regulares),
1170 1823 1304 1877 negamus
1322 1826 1369 1863 eas
1385 1826 1445 1866 esse
1456 1812 1591 1882 proprias,
1610 1813 1676 1884 quia
1693 1830 1749 1868 non
1761 1819 1826 1868 suut

125 1892 294 1945 eiectionem
314 1901 421 1949 vocant.
444 1894 523 1962 Erpa
541 1894 609 1947 baec
616 1895 793 1963 propositio:
815 1893 871 1946 Hie
883 1895 964 1946 Deus
990 1890 1151 1947 essentiales
1173 1908 1225 1946 nec
1250 1894 1437 1951 accidentales
1461 1913 1513 1951 nec
1539 1905 1695 1970 congruunt
1716 1900 1753 1954 ed
1776 1900 1824 1954 eli·

126 1985 166 2030 est
184 1977 272 2046 bomo,
289 1994 432 2047 personae
451 1981 563 2048 quidem
584 1981 673 2048 ipsivs
690 1981 800 2034 ratione
817 1980 906 2033 realis
916 1988 963 2045 est,
990 1991 1072 2047 quem
1090 1977 1202 2032 modum
1220 1995 1253 2032 ex
1267 1981 1389 2051 quinque
1405 1983 1647 2052 praedicabilibus.
1668 1987 1826 2041 Materiale

126 2064 215 2133 ipsius
235 2073 457 2144 autemnaturoe
470 2066 583 2119 divinae
602 2067 712 2118 ratione
730 2083 786 2118 non
798 2073 892 2134 potest
906 2082 964 2118 esse
990 2063 1208 2132 propositionum
1231 2066 1346 2120 istarum
1365 2074 1408 2122 est
1425 2074 1454 2123 et
1471 2076 1565 2124 menet
1581 2071 1734 2143 proprium,
1760 2073 1826 2144 quie

124 2150 213 2204 realis
233 2152 431 2221 praedicatio,
458 2153 526 2221 quia
547 2151 653 2204 Obristi
671 2153 763 2205 deitas
780 2170 835 2205 non
855 2159 897 2204 est
915 2152 962 2203 bu·
989 2148 1067 2201 nulla
1091 2167 1144 2204 vox
1170 2152 1198 2204 in
1217 2152 1336 2207 alienam
1360 2153 1591 2225 significationem
1611 2162 1747 2223 mutatur,
1776 2158 1825 2214 sed

125 2239 255 2290 manitas.
294 2236 371 2291 idem
398 2237 500 2308 repetit
528 2237 558 2291 in
585 2236 714 2307 operibus
740 2257 767 2310 p.
796 2243 869 2293 1119.
905 2237 962 2291 Ad·
982 2236 1120 2303 formale,
1139 2235 1156 2289 i.
1170 2253 1192 2291 1.
1210 2237 1271 2308 ipsa
1282 2239 1416 2294 connexio
1429 2240 1547 2313 subjecti
1559 2249 1588 2298 et
1597 2243 1759 2315 praedicati,
1770 2259 1826 2299 nou

125 2324 221 2380 monit.
252 2321 383 2378 Neostad.
417 2323 451 2378 de
482 2323 553 2378 libro
584 2324 711 2380 concord.
737 2342 764 2394 p.
786 2330 832 2380 68:
871 2326 963 2378 Homo
989 2325 1032 2374 111
1057 2322 1181 2391 propria,
1210 2322 1276 2393 quia
1299 2341 1355 2378 non
1377 2326 1505 2397 congruit
1521 2327 1557 2382 ad
1575 2328 1696 2401 aliquem
1713 2314 1841 2385 modum

126 2409 176 2462 iste
212 2410 319 2478 partim
355 2426 387 2462 re
421 2410 502 2479 ipsa,
536 2412 641 2479 partim
670 2412 781 2463 nomine
810 2418 891 2464 tenus
923 2418 962 2463 est
988 2406 1168 2477 praedicandi
1186 2409 1340 2480 regularem
1359 2417 1387 2465 11
1402 2412 1553 2482 proprium.

126 2496 226 2561 Deus,·
256 2513 283 2567 p.
306 2501 351 2550 70:
386 2496 569 2550 Praedicatio
607 2495 791 2549 humanorum
819 2500 863 2572 *de
899 2500 962 2550 Deo
1027 2498 1084 2548 160.
1121 2499 1144 2548 3.
1167 2493 1285 2558 Quidam
1310 2495 1407 2550 dicunt
1429 2502 1489 2552 esse
1510 2500 1719 2568 passusne
1735 2516 1824 2554 essem

72 2582 111 2625 iffi
125 2588 153 2634 et
188 2582 346 2635 divinorum
384 2584 419 2635 de
454 2583 563 2635 homine
603 2591 737 2651 9111111111
770 2585 812 2636 ad
824 2571 828 2578 ¹
844 2591 963 2636 naturas
989 2579 1073 2632 rietes
1099 2589 1124 2633 et
1148 2582 1289 2635 univocos.
1331 2581 1449 2638 Crellius
1471 2583 1500 2637 in
1525 2584 1599 2656 laag.
1630 2584 1685 2657 lug.
1712 2585 1774 2640 libr.
1798 2591 1822 2642 2.

126 2676 233 2722 tenuem
251 2677 292 2722 est
305 2669 433 2723 verbalis.
465 2668 566 2724 Confer
580 2667 684 2724 Bezem
702 2668 788 2738 praei.
808 2686 835 2738 p.
856 2675 876 2724 l.
889 2687 960 2740 resp.
988 2672 1058 2734 pert.
1077 2683 1174 2720 comm
1193 2684 1254 2739 cap.
1273 2673 1296 2724 3.
1316 2675 1383 2724 sect.
1401 2676 1424 2725 2.
1458 2669 1643 2727 Κ1111111111.
1662 2672 1692 2726 11
1705 2672 1823 2743 System.

125 2754 163 2807 ad
190 2761 254 2809 acta
277 2754 345 2809 Coll.
373 2773 400 2826 p.
424 2761 461 2810 19.
486 2762 513 2810 et
533 2753 611 2809 Orth.
632 2771 754 2810 consens.
770 2772 798 2824 p.
818 2761 876 2810 291.
896 2756 961 2810 edit.
987 2751 1108 2834 theolog.
1132 2771 1160 2824 p.
1186 2758 1245 2809 319.
1278 2753 1378 2810 Piscat.
1399 2756 1435 2810 ad
1453 2756 1593 2811 Hoffman.
1613 2758 1719 2830 pagina
1736 2762 1778 2815 22.
1797 2764 1826 2814 11
1932 2777 1943 2794 ¹

124 2839 223 2912 'ligem
243 2857 314 2895 anno
335 2847 407 2897 1585.
443 2840 562 2896 Contra:
588 2847 609 2896 1.
629 2840 659 2896 Si
676 2840 878 2911 propositiones
897 2842 961 2896 illae
990 2843 1030 2906 28,
1050 2839 1099 2892 ubi
1118 2839 1195 2908 dicit,
1215 2839 1288 2893 banc
1295 2842 1535 2910 propositionem:
1554 2843 1668 2899 DEUS
1682 2851 1723 2898 est
1736 2845 1825 2914 bomo,

125 2927 284 2998 personales
303 2945 358 2982 non
376 2933 441 2981 sunt
457 2927 554 2992 reales,
575 2927 623 2982 sed
640 2925 768 2981 verbales
787 2932 904 2996 tentum,
921 2927 962 2982 ite
982 2925 1053 2993 fieri
1068 2929 1219 2980 secundum
1233 2928 1477 2995 praedicationem
1495 2931 1600 2999 speciei
1617 2932 1652 2984 de
1669 2931 1824 2984 individuo.

126 3030 236 3086 quoque
260 3012 340 3082 uuio,
371 3029 442 3085 quae
468 3019 511 3067 111
528 3012 625 3066 harum
645 3013 882 3083 praedicationum
900 3012 962 3068 fun·
988 3010 1103 3065 Contra:
1124 3017 1146 3066 1.
1166 3013 1232 3066 unio
1249 3029 1305 3067 non
1321 3020 1364 3068 est
1379 3014 1546 3084 essentialis,
1566 3032 1632 3087 ergo
1648 3031 1700 3070 nec
1717 3015 1824 3085 praedi-

125 3100 286 3154 dementum
312 3115 367 3153 non
395 3098 448 3152 erit
472 3098 572 3166 realis,
602 3097 652 3153 sed
676 3097 811 3167 verbalis3
856 3104 880 3153 2.
906 3116 961 3169 quo
987 3097 1059 3152 catio
1083 3097 1135 3152 erit
1153 3098 1322 3167 essentialis:
1359 3105 1381 3155 2.
1406 3099 1430 3152 si
1446 3105 1488 3154 111
1506 3100 1677 3170 praedicatio
1695 3102 1824 3156 essentia-

125 3184 336 3240 modoVsrbum
355 3201 420 3240 caro
440 3184 546 3240 factum
564 3190 614 3254 est,
633 3202 665 3240 eo
685 3184 768 3239 etiam
786 3184 868 3239 modo
883 3183 961 3239 Deus
986 3182 1038 3250 lis,
1065 3188 1124 3237 tum
1145 3182 1226 3237 homo
1243 3185 1296 3239 erit
1315 3185 1351 3239 de
1368 3183 1422 3239 Dei
1440 3185 1567 3253 essentia,
1588 3184 1653 3256 quie
1669 3186 1698 3241 in
1715 3187 1823 3257 praedi·

125 3271 227 3327 dicitur
245 3269 334 3325 homo.
373 3268 428 3325 Sed
442 3270 566 3327 Verbum
586 3286 650 3325 caro
668 3269 830 3326 factumest
846 3285 910 3324 rere
933 3275 961 3325 et
987 3268 1142 3323 sationibus
1166 3271 1358 3326 mssutialihus
1376 3271 1567 3343 praedicatum
1589 3277 1632 3327 est
1650 3271 1685 3328 de
1703 3272 1824 3328 essentia

125 3357 246 3426 realiter,
259 3373 310 3428 per
323 3357 517 3412 assumtionem
536 3356 643 3412 scilicet
661 3356 752 3410 carnis
770 3357 799 3410 in
816 3373 894 3410 suam
910 3355 960 3427 hy·
987 3355 1120 3425 subjecti,
1144 3355 1226 3411 homo
1244 3373 1300 3411 non
1320 3357 1497 3427 praedicatur
1512 3356 1547 3411 ds
1563 3355 1640 3426 Deo,
1662 3364 1694 3413 ut
1710 3358 1823 3429 species,

123 3443 256 3516 postasin.
293 3443 368 3514 Ergo
387 3442 464 3497 Deus
491 3448 533 3498 est
557 3449 586 3497 et
613 3441 714 3496 dicitur
739 3441 820 3496 homo
844 3459 909 3497 vere
934 3449 962 3498 11
988 3447 1038 3495 aut
1049 3448 1080 3495 ut
1090 3460 1189 3514 genus,
1203 3448 1252 3498 aut
1265 3449 1298 3497 ut
1308 3443 1465 3499 differentia
1478 3443 1641 3498 essentialis.
1665 3443 1823 3516 1113111111

124 3529 242 3585 realiter.
281 3527 405 3584 Christus
423 3528 501 3584 Deus
526 3545 576 3599 per
599 3545 692 3583 veram
716 3533 745 3582 et
762 3528 863 3582 realem
882 3533 961 3582 natu·
988 3529 1138 3599 propositio
1157 3547 1211 3584 non
1230 3536 1272 3584 est
1288 3530 1449 3585 essentialis.
1493 3534 1516 3583 3.
1536 3528 1675 3601 Quicquid
1694 3530 1729 3587 de
1746 3531 1823 3586 attri-

125 3633 217 3670 rarum
244 3621 393 3669 κοινωνίαν
420 3621 461 3668 111
486 3614 584 3683 homo,
612 3621 640 3668 et
658 3612 784 3668 Christus
808 3616 889 3668 bomo
912 3629 962 3682 per
989 3613 1057 3668 huto
1084 3615 1112 3669 in
1138 3615 1392 3686 praedicationibus
1421 3615 1616 3671 essentialibus
1644 3615 1699 3672 dici
1725 3624 1824 3689 potest,

124 3700 240 3756 eandem
258 3718 322 3756 vere
339 3717 373 3755 ec
391 3700 502 3756 realiter
520 3705 562 3755 est
575 3698 668 3769 Deus3
705 3704 730 3752 3.
747 3699 770 3752 si
786 3697 907 3753 verbalis
920 3704 962 3754 est
988 3700 1061 3754 idem
1086 3701 1169 3756 etiam
1188 3701 1223 3756 de
1242 3701 1369 3771 subJecto
1386 3700 1518 3756 affirmari
1537 3706 1636 3772 potest.
1675 3701 1764 3774 Atqui
1788 3704 1824 3758 ds

123 3787 309 3858 praedicatio,
334 3790 415 3841 Deus
441 3796 480 3841 est
506 3788 601 3852 bomo,
626 3787 722 3858 utique
742 3786 824 3841 etiam
841 3786 962 3840 verbalis
988 3786 1139 3855 attributo,
1167 3785 1296 3841 videlicet
1318 3786 1354 3839 de
1380 3786 1502 3855 homine,
1530 3787 1586 3842 dici
1611 3794 1717 3859 potest,
1750 3788 1824 3859 quod

124 3875 178 3929 erit
196 3891 243 3929 sa:
265 3876 346 3928 Deus
364 3882 405 3926 est
420 3891 541 3942 possus,
571 3872 690 3927 verbalis
710 3872 796 3943 igitur
812 3871 865 3926 erit
879 3870 962 3926 etiam
989 3872 1170 3927 essentialiter
1188 3872 1224 3926 sit
1239 3888 1353 3942 corpus,
1379 3889 1442 3926 cum
1460 3873 1495 3927 de
1513 3873 1587 3942 Deo,
1612 3873 1743 3931 videlicet
1760 3875 1824 3930 sub·

123 3959 257 4015 redemtio
285 3977 335 4031 per
361 3959 517 4029 passionem
544 3957 632 4028 ipsius
649 3957 714 4012 Filii
741 3957 795 4011 Dei
820 3958 960 4029 praestita.
989 3959 1075 4028 jecto,
1105 3959 1161 4013 dici
1184 3965 1317 4029 nequeat,
1350 3960 1425 4030 quod
1454 3960 1637 4016 essentialiter
1660 3961 1696 4016 sit
1715 3977 1823 4033 corpus.

123 4046 266 4101 Frivolum
285 4052 335 4115 est,
354 4045 429 4117 quod
447 4045 552 4117 regerit
571 4044 694 4098 Perseus
716 4045 745 4098 in
761 4045 832 4098 iren.
852 4063 879 4116 p.
898 4050 961 4099 tot:
989 4052 1013 4101 1.
1031 4044 1242 4116 Propositioues‚
1260 4045 1289 4098 in
1308 4045 1410 4116 quibus
1422 4047 1528 4117 species
1540 4047 1575 4102 de
1589 4046 1734 4102 individuo
1744 4065 1823 4118 prae·

125 4133 161 4186 Si
180 4134 215 4184 de
231 4132 492 4201 praedicationibus
500 4133 675 4228 Jequomun
697 4132 820 4201 ineptam
841 4147 960 4186 111111-
988 4132 1110 4201 11111111,
1130 4148 1185 4185 111
1204 4136 1321 4200 possunt
1338 4132 1474 4201 converti,
1493 4137 1525 4187 ut
1544 4149 1577 4187 11
1596 4132 1756 4204 praedicato
1773 4132 1824 4188 fiat

122 4217 312 4286 vitiationem,
343 4236 404 4271 cvm
428 4219 523 4272 nullae
551 4219 607 4272 sint
630 4218 875 4286 praedicationes,
905 4219 963 4271 nisi
987 4217 1150 4287 subjectum.
1187 4217 1249 4272 Non
1273 4216 1346 4271 enim
1370 4234 1484 4288 possum
1502 4218 1595 4274 dicere
1612 4219 1692 4273 bomo
1711 4227 1752 4272 est
1769 4220 1822 4273 Pe·

122 4304 258 4374 verbales,
276 4305 344 4374 quia
362 4322 418 4358 non
437 4307 525 4372 rebus,
545 4305 597 4357 sed
608 4305 699 4358 verbis
716 4312 852 4367 constant,
873 4320 960 4371 neqve
986 4314 1054 4372 trus,
1074 4295 1146 4358 siout
1164 4301 1256 4357 dicere
1272 4319 1385 4372 possum
1403 4305 1504 4358 Petras
1522 4313 1563 4358 ast
1581 4306 1671 4358 lamo.
1702 4304 1743 4358 At
1760 4321 1821 4375 pro·

123 4391 198 4445 enim
222 4392 257 4444 de
280 4392 362 4444 rebus
382 4392 465 4460 ipsis,
487 4392 539 4444 sed
554 4391 643 4444 verbis
656 4408 756 4451 rervm
772 4390 902 4459 mmbolis
920 4390 959 4442 lo·
986 4388 1135 4458 positiones
1155 4388 1313 4459 personales
1331 4394 1448 4461 possunt
1466 4389 1595 4445 converti.
1631 4389 1731 4460 Aeque
1748 4389 1820 4444 enim

123 4479 236 4548 quimus·
254 4485 279 4531 et
293 4478 535 4548 philosophamur.
564 4478 597 4531 Si
611 4494 677 4531 vero
696 4479 731 4530 de
748 4476 811 4547 ip‘so
829 4477 959 4545 mysterio
987 4474 1078 4528 dicere
1095 4490 1209 4544 possum
1225 4475 1305 4528 bomo
1323 4483 1362 4528 est
1375 4478 1466 4545 Deus,
1484 4491 1567 4546 quam
1580 4477 1659 4530 Deus
1677 4483 1717 4529 est
1730 4476 1820 4530 homo.

122 4564 237 4618 unionis
255 4572 435 4634 naturarum,
463 4567 539 4635 qrsed
553 4563 817 4634 praedicationibus
840 4563 959 4617 verbali·
986 4559 1934 4632 11131111Ρ1111111,11111111111111ἐο1ω1111111111ο11ο,111111.

124 4652 174 4704 bus
193 4650 361 4714 enuntiatur,
380 4651 585 4720 intellipamus,
598 4652 713 4718 falsam
731 4666 789 4703 esse
806 4648 960 4703 commotio·
986 4649 1139 4716 subjectum
1156 4648 1236 4700 Deus
1255 4648 1330 4701 111111
1348 4665 1419 4717 esse,
1441 4650 1518 4718 quod
1538 4649 1679 4718 Christus,
1698 4656 1724 4702 et
1742 4647 1821 4701 Chri·

123 4754 198 4806 nern,
224 4754 286 4790 cum
304 4736 414 4804 ipsimet
432 4738 564 4801 doceant,
588 4736 727 4790 Christum
747 4736 884 4790 borninem
902 4752 960 4790 esse
986 4742 1044 4787 stris
1064 4734 1139 4788 idem
1157 4749 1231 4796 esso,
1253 4736 1330 4801 quod
1345 4734 1469 4787 humana
1487 4731 1593 4787 Christi
1610 4741 1728 4801 natura,
1748 4734 1822 4790 unde

123 4827 217 4877 Deum
235 4840 290 4876 non
311 4823 476 4892 verbaliter,
498 4824 549 4876 sed
565 4823 697 4890 realiter,
720 4822 777 4875 imo
794 4823 960 4880 rectissime.
985 4820 1098 4874 tandem
1123 4819 1192 4874 haec
1219 4818 1337 4890 emergit
1361 4819 1528 4890 propositio:
1560 4819 1696 4873 Humano
1718 4819 1824 4874 Cleristi

76 4935 82 4962 r
122 4908 347 4978 Respondemus:
362 4915 519 4964 t.mutatur
529 4907 699 4980 quaestionis
712 4912 875 4976 status,non
888 4909 960 4962 enim
986 4915 1088 4960 natura
1107 4914 1146 4959 est
1162 4906 1250 4959 homo.
1286 4905 1374 4976 Atqui
1397 4911 1418 4960 1.
1436 4904 1506 4961 haec
1523 4905 1675 4977 propositio
1693 4923 1748 4961 non
1765 4900 1822 4962 am·

122 4993 277 5066 quaeritur,
308 5011 345 5049 an
362 4994 418 5049 sint
437 4994 563 5050 verbales
581 4993 818 5066 praedicationes,
846 4994 895 5049 sed
922 5013 960 5047 on
986 4993 1058 5065 plius
1083 4997 1125 5046 est
1144 4992 1306 5064 personalis,
1322 4991 1388 5063 quia
1404 4997 1504 5046 natura
1520 4989 1642 5046 humana
1659 4991 1761 5047 Christi
1779 4998 1822 5049 eet

123 5087 229 5133 tontum
251 5080 379 5133 verbales
398 5080 454 5133 sint
477 5085 505 5134 et
523 5097 579 5134 non
596 5079 693 5135 reales.
730 5078 802 5132 Dan.
822 5078 849 5133 d.
869 5079 886 5134 l.
905 5099 960 5134 non
986 5080 1066 5134 homo
1085 5095 1141 5132 non
1158 5078 1356 5149 personaliter,
1382 5076 1432 5132 sed
1451 5077 1642 5134 essentialiter.
1679 5068 1821 5135 2111111·
1846 5103 1848 5105 ·

121 5173 162 5219 est
182 5165 270 5219 realis
288 5167 452 5235 hujusmodi
466 5167 662 5234 praedicatio,
690 5166 742 5218 sed
758 5166 881 5219 11111111
898 5174 959 5220 ton·
985 5165 1041 5218 rius
1068 5171 1127 5225 ταῖς
1146 5162 1257 5238 ἀμφοῖν
1280 5165 1351 5219 hauc
1375 5163 1504 5234 analysin
1526 5164 1716 5235 amplectitur:
1744 5167 1822 5219 Deus

121 5259 180 5305 tvm
198 5269 246 5305 seu
273 5252 439 5320 dialectica;
470 5256 492 5308 1.
517 5251 582 5322 quia
601 5250 801 5323 propositiones
820 5251 882 5306 illas
900 5259 959 5308 tan·
986 5260 1024 5306 est
1051 5252 1149 5320 bomo,
1174 5252 1207 5304 id
1229 5259 1268 5304 est
1290 5252 1410 5304 bumana
1430 5250 1537 5305 Christi
1554 5258 1658 5305 namra
1674 5259 1714 5304 cst
1732 5251 1822 5317 imno,

121 5341 181 5392 tum
198 5338 324 5394 verbales
343 5353 403 5393 esse
421 5342 555 5405 statuunt,
575 5354 608 5392 ex
627 5353 659 5392 eo
673 5337 785 5391 immota
795 5337 959 5411 colligimus,
985 5340 1082 5393 meino
1104 5338 1212 5393 Christi
1228 5345 1333 5390 notrae
1354 5346 1393 5390 set
1411 5339 1500 5391 Deus.
1526 5337 1602 5393 Besa
1618 5343 1691 5408 pert.
1712 5342 1734 5392 1.
1747 5354 1820 5409 resp.

122 5423 197 5495 quod
211 5422 304 5479 Deum
316 5424 465 5479 verbaliter
476 5430 585 5478 tantum
602 5421 739 5477 hominem
752 5437 811 5477 osse
828 5431 958 5496 statuant,
984 5442 1010 5495 p.
1029 5430 1076 5491 et.
1097 5431 1125 5479 et
1147 5441 1175 5494 p.
1199 5428 1260 5478 131:
1288 5423 1439 5476 Nestorius
1465 5440 1550 5475 vnum
1578 5421 1719 5478 Cleristum
1739 5425 1820 5491 sate·

121 5508 231 5566 etiamsi
253 5508 346 5566 verbis
371 5510 400 5564 id
418 5514 536 5582 negent3
567 5514 591 5564 3.
610 5507 741 5563 terminos
764 5509 959 5581 propositionis
985 5513 1079 5576 batur,
1105 5518 1131 5564 et
1150 5512 1246 5563 Deum
1263 5514 1289 5563 et
1308 5508 1451 5565 bominem.
1488 5506 1821 5566 aeimmolavit
