3984 6022
779 250 831 306 DE
850 249 1013 309 NATURA
1033 252 1108 310 DEI.
1738 263 1800 326 235

10 433 58 464 no·
131 412 174 461 55.
200 405 248 461 De
263 405 373 462 nomine
391 404 455 465 esde
472 404 622 476 quaeritur,
644 423 682 459 aa
699 407 737 460 sit
753 421 853 461 nomen
871 407 935 476 ossi·
966 424 1025 463 osse
1047 424 1128 463 verus
1148 407 1240 476 Deus,
1266 409 1333 480 quia
1355 407 1450 465 divina
1471 409 1591 465 essentia
1617 409 1804 470 destituuntur

10 485 31 585 ξ
95 493 146 559 eii,
169 493 319 560 dipaitatis
341 509 376 545 ac
391 493 550 561 potestatis,
575 509 613 545 aa
630 509 696 547 uero
715 500 835 546 naturae
854 501 880 547 et
896 509 936 546 es-
965 500 993 548 et
1017 493 1083 565 quia
1101 511 1158 550 nou
1174 501 1241 550 sunt
1258 494 1297 549 dii
1314 501 1422 550 natura
1456 494 1532 567 Ergo
1549 496 1676 552 Jeborab
1694 497 1758 554 ideo
1776 503 1804 557 tt

10 565 39 635 ui
95 578 222 633 maaet
251 578 334 632 Prius
359 576 501 633 affirmant
526 577 702 647 Photiniani,
728 578 865 648 posterius
889 596 936 633 ue·
963 578 1030 633 inde
1046 579 1147 635 dicitur
1162 596 1244 636 rarus
1261 581 1353 649 Deus,
1377 580 1445 651 quia
1460 588 1561 636 natura
1578 588 1608 637 et
1625 585 1745 639 essentia
1762 584 1803 639 ta·

10 656 82 738 25²¹„
97 670 178 735 gant,
210 670 241 718 ut
269 664 400 719 evincant
427 680 528 718 nomen
554 663 608 718 Dei
634 662 744 718 chnsto
772 663 937 718 attributum
964 665 998 719 lis
1022 672 1072 720 est.
1103 671 1127 720 t.
1143 682 1183 720 em
1209 668 1274 736 apsa
1297 665 1419 731 nominee
1442 668 1561 725 ratione.
1597 667 1705 723 Nomen
1726 670 1804 727 Dona

10 759 68 793 ¹1⁸⁰·
96 761 274 820 nequaquam
292 747 417 817 aficere,
443 756 475 803 ut
492 766 573 804 verm
591 755 693 804 natura
710 748 786 804 Deus
804 766 937 821 agumw
964 767 1021 806 uon
1038 756 1081 807 est
1099 751 1297 816 derivativum,
1318 753 1367 808 sed
1383 752 1567 822 primitivum,
1583 754 1666 822 juxta
1683 771 1803 811 commu·

96 840 150 903 tur,
168 834 217 890 sed
235 834 271 889 ob
289 833 412 888 divinam
431 834 570 890 duntaxat
585 841 750 905 potestatem
767 835 797 889 in
814 841 937 906 tempore
964 853 1028 891 uem
1058 833 1181 893 omuiuui
1207 837 1348 894 hominum
1376 837 1519 911 πρόληψιν
1544 838 1704 910 significans
1731 858 1803 912 eum,

97 919 150 991 ipsi
168 920 298 975 collatam
324 919 365 986 sic
385 919 476 974 dictus
495 927 647 976 censeatur.
674 921 803 976 Euiedin.
820 922 850 976 in
868 938 891 976 c.
914 927 936 977 t,
966 923 1013 994 qui
1033 940 1088 977 non
1105 924 1194 977 solum
1212 941 1319 979 summa
1336 929 1475 995 potestate
1489 925 1639 993 praeditus,
1657 926 1707 981 sed
1721 926 1803 982 etiam

96 1004 160 1060 Jolu
181 1023 210 1076 p.
232 1012 288 1061 159.
315 1011 377 1060 160:
404 1007 464 1059 Dei
485 1007 649 1060 vocabulum
674 1008 823 1074 rtipm'tatie
840 1008 938 1076 potiris
965 1009 1086 1063 essentia
1104 1014 1132 1062 et
1149 1014 1249 1063 natura
1266 1009 1303 1064 ab
1322 1009 1449 1064 omuibus
1468 1009 1601 1063 creaturis
1619 1016 1648 1063 et
1665 1011 1745 1065 idolis
1762 1019 1805 1067 est

97 1099 124 1144 et
140 1092 233 1162 officii
250 1100 291 1146 est
306 1108 413 1159 nomen,
433 1101 656 1161 praeuenturus
674 1094 937 1159 attaminatum
965 1093 1126 1162 distinctus,
1165 1096 1225 1162 (nec
1256 1112 1288 1150 ex
1321 1094 1378 1149 ullo
1408 1095 1532 1150 derivato
1558 1097 1668 1150 nomine
1694 1104 1805 1153 constat

96 1194 162 1246 erpo
180 1180 312 1246 sequitur,
330 1179 437 1248 siquis
453 1180 567 1232 meatur
580 1180 668 1246 Desa,
688 1179 753 1232 ideo
771 1179 866 1231 statim
881 1193 937 1246 pro
964 1178 1049 1233 officii
1078 1187 1105 1235 et
1122 1182 1267 1251 potestatis
1287 1187 1396 1236 tanturn
1414 1181 1484 1235 illud
1504 1198 1563 1237 esse
1582 1182 1805 1254 significativum,

95 1272 208 1318 ammo
235 1264 308 1319 coeli
331 1272 356 1318 et
382 1273 476 1318 terrae
501 1273 625 1318 creatore
650 1280 707 1318 esse
733 1264 814 1317 illam
838 1264 937 1317 tatm-
965 1266 1033 1338 quin
1056 1267 1111 1321 imo
1138 1268 1220 1322 etiam
1245 1267 1293 1322 illa
1317 1267 1443 1336 nomina,
1469 1284 1541 1339 quae
1564 1268 1601 1322 ab
1621 1267 1715 1339 aliquo
1733 1269 1803 1325 acci·

94 1353 171 1419 dum,
189 1369 250 1405 oum
268 1353 310 1404 ad
326 1368 502 1420 quoscunque
520 1350 603 1421 λόγος
616 1352 676 1404 Dei
687 1352 758 1417 fiat,
777 1352 822 1403 dii
839 1352 937 1404 diean—
966 1352 1048 1408 dente
1081 1360 1239 1416 sumuntur,
1275 1352 1386 1423 quando
1413 1352 1548 1408 esseutiae
1572 1354 1748 1424 applicantur
1776 1360 1805 1410 et

94 1445 141 1491 tar
160 1445 227 1491 teste
244 1437 306 1506 ipso
328 1437 440 1492 Christo
458 1439 516 1491 Job
534 1440 579 1504 10,
598 1456 623 1491 o.
641 1439 695 1505 355
714 1445 753 1489 eat
773 1454 838 1504 erqo
858 1434 939 1505 λόγος
965 1439 1138 1509 propriorum
1155 1444 1282 1493 naturam
1298 1438 1433 1507 induunt,
1453 1455 1508 1493 non
1526 1437 1645 1509 amplius
1665 1439 1806 1510 accidens,

95 1526 183 1592 Deus,
199 1525 252 1576 sed
268 1541 288 1577 a
305 1525 370 1576 Deo
388 1523 484 1588 foetus
506 1531 530 1576 et
547 1523 711 1576 constituam
732 1525 818 1576 Deus.
847 1522 937 1579 Sociu.
965 1524 1014 1579 sed
1039 1525 1126 1595 ipsam
1155 1525 1340 1579 substantiam
1363 1531 1467 1579 notant.
1505 1525 1551 1582 Sic
1573 1543 1672 1581 nomen
1694 1525 1804 1595 Jacobi,

95 1615 182 1664 contr.
202 1608 302 1664 Volau.
322 1625 386 1680 pag.
405 1615 468 1665 lta:
490 1611 598 1663 Nomen
614 1612 693 1662 Dem
711 1626 743 1661 ea
762 1610 799 1662 iis
818 1609 937 1663 nomini·
965 1610 1084 1677 Israilis,
1106 1609 1195 1665 isaaci
1214 1617 1263 1665 etc
1284 1627 1301 1664 a
1319 1611 1439 1681 quodam
1461 1610 1605 1666 accidente
1622 1617 1701 1666 eraut
1717 1612 1804 1666 dedu·

94 1697 144 1748 bus
161 1695 270 1749 censeri
287 1696 375 1762 debet,
395 1713 466 1764 quae
485 1696 663 1764 grammatici
680 1695 810 1762 ambigua
830 1703 937 1758 uocant,
966 1701 1020 1764 cta,
1040 1697 1090 1750 sed
1108 1697 1220 1767 quaudo
1238 1696 1395 1751 homiuibus
1416 1695 1470 1749 illis
1488 1696 1600 1751 fuerant
1616 1698 1759 1767 applicata
1776 1700 1804 1752 et

95 1780 196 1850 mealia
219 1789 283 1833 suat
302 1798 365 1848 reu,
393 1782 475 1850 ciuis,
500 1786 601 1850 patto,
627 1781 813 1849 philosophus
832 1788 858 1833 et
876 1781 937 1834 alia
965 1781 1137 1851 propriorum
1156 1782 1298 1836 nominum
1318 1781 1439 1835 indolem
1455 1797 1488 1835 ac
1505 1788 1633 1836 naturam
1647 1783 1803 1853 induerunt,

95 1867 243 1935 ejrnmodi,
271 1867 341 1920 boec
368 1868 441 1920 eaim
467 1869 639 1920 substantiae
663 1867 832 1935 ’qsmlitatem
852 1883 938 1934 qaan-
966 1884 1020 1921 uon
1044 1866 1163 1937 amplius
1186 1868 1256 1921 illud
1277 1867 1383 1921 nudum
1405 1868 1545 1932 accidens,
1574 1869 1624 1922 sed
1641 1868 1729 1939 ipsam
1747 1889 1804 1926 om-

95 1956 164 2007 dam
188 1954 300 2022 patim,
336 1972 419 2022 qrcam
451 1955 543 2022 ipsam
570 1954 756 2006 substantiam
784 1952 938 2008 declarant.
966 1953 1031 2007 nino
1056 1953 1167 2007 illorum
1187 1953 1329 2008 hominum
1352 1954 1498 2008 msentiam
1523 1962 1619 2009 notare
1636 1958 1804 2026 coeperunt)

95 2038 243 2094 Sohmalta
263 2038 292 2093 in
313 2055 399 2093 exam.
423 2047 495 2093 cent.
517 2054 600 2094 error.
619 2056 669 2093 err.
689 2042 713 2090 3.
731 2055 757 2107 p.
777 2045 805 2092 5:
843 2039 938 2092 Vocem
966 2037 1048 2102 Quod
1074 2039 1096 2091 si
1124 2055 1191 2111 ergo
1214 2039 1258 2096 vel
1282 2039 1400 2098 maxime
1426 2058 1525 2095 nomen
1542 2040 1619 2094 Deus
1642 2057 1660 2095 a
1684 2042 1805 2112 quodam

96 2125 156 2178 Dei
180 2125 212 2178 ia
231 2127 332 2178 Latino
354 2133 379 2178 et
405 2124 516 2179 Graeco
540 2141 665 2177 emmone
684 2126 719 2176 de
738 2124 789 2176 illo
809 2141 938 2192 arpremo
966 2122 1068 2177 effectu
1095 2124 1206 2180 divinae
1223 2132 1338 2179 naturae
1357 2130 1430 2180 esset
1448 2126 1611 2196 deductum,
1634 2133 1727 2182 tamen
1743 2128 1805 2184 Deo

94 2213 219 2275 numine,
245 2213 322 2280 quood
343 2220 448 2265 namra
475 2212 534 2264 tale
552 2219 605 2279 est,
633 2217 797 2279 neumatum
819 2211 938 2263 dicimus
966 2209 995 2262 in
1026 2210 1139 2280 propria
1169 2209 1370 2282 significatione
1401 2212 1572 2282 applicatum
1601 2228 1657 2267 non
1686 2213 1805 2284 amplius

95 2297 258 2364 mqafficare
273 2315 328 2350 aaa
346 2299 493 2352 essentiam
512 2297 637 2366 supremi
655 2297 789 2363 numinis,
809 2299 860 2349 aed
879 2299 939 2365 ejus
966 2294 1108 2359 effectum,
1133 2296 1182 2350 sed
1205 2313 1316 2350 causam
1335 2297 1414 2365 ¹illius
1435 2297 1563 2362 effectus,
1590 2300 1679 2370 ipsam
1700 2300 1806 2356 scilicet

93 2391 274 2454 potestatem
302 2385 338 2440 de
363 2383 456 2439 divina
477 2384 554 2439 verbi
573 2383 709 2437 incarnati
726 2389 827 2437 natura
853 2399 876 2436 c.
897 2389 939 2450 nu,
967 2382 1088 2437 divinam
1113 2388 1240 2437 naturam
1259 2388 1286 2438 et
1305 2383 1453 2437 essentiam
1471 2383 1623 2439 denotaret.
1656 2385 1806 2442 Praeterea

26 2514 29 2520 .
76 2485 124 2539 .p.
144 2476 206 2524 144:
232 2470 360 2527 VoaDei
376 2471 523 2538 mpetum
540 2486 641 2523 nomen
658 2477 705 2536 eet,
725 2486 781 2521 aaa
795 2470 938 2532 esseutiae,
966 2484 1028 2522 cum
1049 2469 1077 2522 in
1094 2468 1156 2523 Deo
1175 2475 1298 2537 potestas
1317 2468 1354 2522 sit
1371 2468 1432 2540 ipsa
1451 2467 1545 2522 divina
1562 2471 1689 2538 essentia,
1709 2472 1805 2544 utiquc

96 2563 122 2608 et
149 2556 304 2624 primaeque
333 2573 427 2609 ueram
450 2563 614 2624 potestatem
639 2556 767 2608 dim'aam
789 2555 882 2622 habet,
914 2555 938 2607 ie
966 2555 989 2608 si
1011 2571 1110 2609 nomen
1129 2553 1206 2607 Deus
1232 2559 1311 2609 notat
1329 2555 1463 2623 divinam,
1489 2555 1517 2608 id
1536 2560 1590 2625 est,
1617 2574 1752 2611 summam
1776 2561 1806 2614 et

95 2660 147 2695 suo
174 2643 257 2694 modo
279 2658 360 2694 uerus
378 2643 456 2694 Deus
474 2650 522 2694 est.
559 2641 617 2697 Nos
634 2641 812 2696 concedimus
838 2657 938 2695 nomen
966 2639 1102 2694 infinitam
1125 2647 1302 2710 potestatem,
1327 2641 1435 2696 notabit
1460 2641 1543 2696 etiarn
1565 2647 1693 2697 naturam
1715 2652 1744 2698 et
1763 2661 1805 2700 es·

96 2728 173 2784 Deus
203 2727 368 2782 secundario
397 2732 426 2781 et
455 2727 602 2798 improprie
628 2728 778 2797 aliquando
806 2726 938 2781 creaturis
965 2726 1082 2780 sentiam
1109 2726 1243 2791 divinam,
1274 2727 1340 2798 quia
1368 2743 1476 2781 summa
1500 2734 1528 2782 et
1549 2727 1657 2783 infinita
1682 2735 1805 2800 potestas

95 2820 209 2885 propter
240 2813 362 2867 officium
389 2813 521 2867 divimtus
549 2813 616 2884 ipsis
644 2814 818 2868 commissum
844 2813 937 2883 tribui,
965 2812 1071 2886 absque
1095 2813 1190 2867 divina
1214 2813 1333 2868 essentia
1354 2813 1446 2869 locum
1471 2813 1574 2869 habere
1597 2815 1701 2886 nequit
1728 2821 1754 2869 5.
1774 2832 1807 2870 ee

96 2900 165 2972 quin
182 2904 211 2955 et
228 2899 388 2973 λεγομένοις
406 2906 482 2959 θεοῖς
500 2898 644 2970 assignari,
665 2915 721 2969 qua
738 2899 844 2955 ratione
859 2917 936 2953 usur-
965 2900 1100 2952 similium
1126 2899 1349 2969 appellationum
1375 2900 1534 2953 collatione.
1577 2900 1657 2956 Sicut
1680 2918 1735 2956 ror
1756 2892 1806 2957 boss

95 2991 193 3056 patum
204 3001 261 3039 non
271 2985 355 3040 infert
366 2984 486 3038 divinam
500 2983 582 3052 illius,
599 2983 936 3053 cuitribuitur,uaturam.
965 2985 1046 3039 minis
1069 2992 1196 3040 naturam
1218 2985 1348 3054 hominis,
1376 2987 1415 3040 ita
1432 3003 1484 3040 vox
1503 2986 1557 3041 Dei
1575 2994 1702 3041 naturam
1717 2994 1746 3043 et
1764 3003 1804 3042 cs·

96 3071 212 3126 Interim
236 3087 370 3142 negamus
395 3070 423 3124 in
445 3069 559 3140 propria
581 3074 610 3123 et
632 3069 779 3140 principali
798 3069 936 3140 signitica—
964 3071 1080 3127 sentiam
1099 3071 1152 3126 Dei
1175 3071 1327 3142 significat,
1354 3090 1404 3127 arec
1430 3072 1485 3125 alia
1502 3071 1689 3142 appellatione
1705 3071 1734 3126 in
1752 3072 1803 3128 lin·

94 3156 538 3226 tioneusurpatumessetantum
558 3154 704 3225 potestatis
721 3161 750 3208 et
767 3154 859 3219 officii,
879 3173 936 3209 non
963 3174 1020 3228 gua
1046 3155 1156 3212 Graeca
1184 3163 1212 3212 et
1239 3157 1340 3211 Latina
1367 3157 1421 3211 Dei
1446 3160 1547 3210 natura
1569 3155 1720 3228 significari
1742 3164 1804 3228 pot·

95 3250 189 3298 antem
219 3242 328 3297 dimum
354 3249 470 3297 naturae
495 3246 523 3295 et
550 3240 686 3295 essentiae
711 3239 936 3312 significativum,
963 3250 1013 3297 est
1061 3246 1086 3295 6.
1118 3259 1150 3295 aa
1184 3243 1335 3311 multiplici
1364 3244 1405 3296 ad
1441 3243 1592 3295 eduardum
1628 3243 1802 3300 ammaum.

94 3331 170 3403 quod
187 3330 354 3402 probamus:
384 3335 406 3382 1.
428 3346 460 3381 aa
474 3335 612 3397 perpetua
634 3326 799 3396 Scripturae
816 3344 936 3396 usurpa·
964 3328 994 3385 Si
1025 3344 1124 3383 nomen
1153 3326 1207 3382 Dei
1237 3334 1280 3381 est
1308 3344 1409 3382 nomen
1440 3326 1524 3381 solius
1552 3327 1714 3397 potestatis,
1748 3346 1804 3384 non

95 3417 179 3471 noae.
216 3416 384 3486 Ubicunque
411 3414 482 3469 enim
510 3430 611 3468 nomen
633 3413 711 3466 Dens
738 3412 768 3466 in
795 3413 938 3483 Scriptura
964 3420 1081 3468 naturae
1108 3418 1137 3467 et
1162 3413 1311 3482 essentiae,
1342 3428 1513 3483 consequens
1540 3413 1606 3484 erit,
1637 3412 1728 3485 primo
1756 3429 1804 3470 eos

95 3504 132 3559 de
153 3518 281 3573 supremo
304 3500 418 3556 numine
442 3500 633 3571 praedicatur,
658 3498 698 3554 ibi
715 3505 851 3570 perpetuo
869 3499 937 3552 divi·
964 3517 1059 3555 verum
1076 3499 1168 3555 Deum
1186 3514 1338 3571 agnoscere
1355 3504 1384 3554 et
1402 3498 1504 3568 colere,
1535 3499 1583 3570 qui
1601 3516 1736 3554 summam
1755 3515 1804 3572 po·

94 3606 160 3645 nam
185 3590 247 3660 ejus
271 3587 432 3655 atentiam,
455 3603 511 3641 non
532 3591 625 3641 autem
642 3591 808 3656 potestatem
827 3592 934 3640 tantum
964 3592 1092 3643 testatem
1127 3584 1181 3656 ipsi
1211 3584 1352 3654 tribuunt,
1390 3584 1456 3640 lieet
1487 3590 1615 3639 naturam
1645 3602 1804 3657 corpoream

95 3676 219 3731 denotat.
265 3674 337 3731 Sane
361 3673 427 3744 quia
455 3670 590 3726 attributa
619 3678 646 3726 et
668 3671 708 3725 sic
731 3671 816 3725 etiam
840 3677 936 3742 poten·
964 3679 992 3728 et
1025 3673 1172 3728 essentiam
1205 3669 1313 3726 linitam
1346 3671 1387 3724 illi
1419 3670 1556 3740 tribuant,
1597 3672 1672 3742 quod
1707 3672 1803 3727 absur-

94 3762 136 3816 tia
165 3760 220 3816 Dei
257 3767 324 3814 sunt
356 3759 466 3813 realiter
502 3758 575 3812 idem
613 3773 676 3810 eum
713 3757 775 3827 ipsa
810 3757 937 3825 essentia,
964 3759 1043 3828 dum,
1074 3760 1140 3829 quia
1165 3757 1244 3812 finita
1266 3757 1385 3812 essentia
1408 3773 1464 3811 non
1488 3763 1530 3811 est
1553 3772 1605 3811 nce
1631 3773 1690 3811 esse
1713 3762 1805 3828 potest

95 3844 279 3919 significando
311 3844 434 3899 divinam
461 3844 608 3898 essentiam
635 3841 828 3914 conuguitioat
854 3842 936 3897 etiarn
963 3863 1043 3900 omne
1068 3844 1173 3900 bonum
1200 3850 1228 3899 et
1252 3860 1389 3897 summum
1413 3841 1530 3910 bonum,
1564 3841 1647 3897 datur
1673 3842 1745 3898 enim
1770 3858 1804 3898 sa

95 3933 219 3990 divinam
240 3931 408 4004 potentiam,
438 3930 547 3986 interim
570 3947 622 3985 uec
646 3930 735 3984 solum
759 3945 810 3983 nec
836 3928 936 3999 prinei·
963 3931 1069 4003 aliquid
1091 3930 1205 3997 melius,
1233 3929 1363 3984 videlicet
1391 3927 1529 3983 infinitum
1548 3946 1595 3984 eus
1616 3935 1645 3983 et
1662 3928 1802 3990 infinitum

93 4018 196 4091 paliter
217 4017 340 4073 divinam
362 4017 527 4087 potentiam,
556 4016 606 4070 sed
633 4014 780 4070 amntiam
804 4020 833 4069 et
856 4020 935 4069 natu·
962 4019 1074 4089 bonum.
1111 4014 1239 4072 Secundo
1256 4016 1347 4070 Deum
1371 4014 1432 4069 sola
1449 4018 1587 4084 potestate
1605 4012 1801 4084 deliniendum,

92 4121 155 4161 ram
180 4103 301 4159 divinam
324 4107 410 4158 notat.
445 4106 471 4155 2.
498 4119 530 4154 ea
557 4102 725 4170 definitione.
768 4100 937 4171 Ubicunque
964 4104 1040 4174 quod
1057 4103 1153 4158 itidem
1169 4101 1335 4169 absurdum,
1357 4099 1423 4173 quia
1440 4098 1468 4153 in
1484 4099 1546 4153 Deo
1565 4103 1630 4152 sunt
1647 4098 1730 4155 etiam
1746 4100 1803 4155 alia

92 4190 139 4248 rel
159 4191 187 4245 in
205 4189 366 4260 Scripturis,
391 4188 436 4242 rel
454 4187 659 4257 scripturarum
677 4185 873 4256 interpretibus
890 4186 935 4240 de·
963 4188 1099 4244 attributa
1115 4193 1143 4244 et
1161 4188 1232 4242 aliae
1249 4184 1446 4261 perfectiones,
1467 4189 1499 4238 ut
1516 4183 1661 4255 sapientia,
1684 4183 1803 4254 bonitas,

91 4276 186 4333 finitio
203 4275 257 4330 Dei
280 4275 416 4344 traditur,
445 4274 484 4329 ibi
511 4290 567 4327 uon
590 4272 678 4327 solum
702 4272 860 4342 potestatis,
887 4271 936 4326 scd
963 4274 1120 4330 aeternitas.
1156 4272 1251 4328 Tertio
1276 4287 1376 4325 nomen
1394 4269 1448 4324 Dei
1473 4286 1536 4323 cum
1560 4269 1672 4324 nomine
1691 4269 1802 4325 Domini

92 4363 180 4420 etiam
218 4362 352 4417 esseutiae
389 4359 499 4414 divinae
535 4375 569 4413 ac
603 4363 719 4413 naturae
752 4356 784 4411 fit
824 4358 934 4413 mentio.
964 4378 1024 4416 esse
1041 4358 1170 4415 omnibus
1188 4357 1276 4412 modis
1294 4355 1383 4423 idem,
1402 4371 1465 4409 cum
1483 4360 1577 4409 tanum
1595 4353 1739 4425 Scriptura
1757 4371 1803 4412 ea·

92 4449 172 4521 Ergo
198 4448 281 4504 etiam
307 4464 407 4502 nomeu
424 4447 502 4501 Deus
528 4464 583 4500 non
606 4444 752 4515 potestatis
777 4445 821 4499 vel
843 4443 936 4513 oflicii,
964 4447 1027 4502 dem
1045 4445 1207 4516 distinguat,
1228 4447 1256 4496 et
1273 4456 1374 4495 nomen
1390 4439 1457 4495 Du1
1475 4456 1492 4493 a
1509 4445 1616 4507 natura,
1634 4456 1735 4495 nomen
1745 4440 1802 4497 Do-
1832 4488 1846 4500 ,

92 4536 145 4592 sed
173 4540 288 4589 naturae
315 4551 415 4588 nomen
444 4537 491 4588 est.
537 4531 624 4585 Exod.
647 4537 675 4592 3,
703 4549 729 4587 v.
757 4537 797 4586 it.
823 4539 936 4602 rogatus
964 4533 1031 4588 mini
1055 4549 1074 4587 a
1096 4528 1217 4584 dominio
1245 4534 1273 4582 et
1299 4531 1438 4597 potestate
1460 4542 1567 4579 summa
1587 4525 1693 4581 numiui
1717 4525 1803 4582 tribui

92 4625 189 4687 Deus,
214 4631 246 4677 ut
268 4638 368 4676 nomen
386 4637 466 4675 suum
485 4619 619 4674 israelitis
637 4618 832 4689 explicandum
850 4618 935 4671 maui-
964 4619 1099 4675 ostendat.
1140 4615 1245 4681 Quarto
1280 4629 1381 4668 nomeu
1408 4610 1463 4667 Dei
1489 4626 1549 4665 essa
1576 4611 1722 4666 relativum
1750 4627 1803 4668 nee

91 4712 219 4778 testaret,
238 4709 399 4781 respondet:
419 4710 482 4775 Epo
500 4726 570 4775 sitm,
589 4707 639 4776 qui
655 4724 722 4773 sum,
740 4723 796 4772 ero,
815 4706 864 4774 qni
879 4723 935 4769 ero,
964 4705 1017 4761 nisi
1042 4704 1071 4758 in
1094 4701 1227 4758 relatione
1252 4700 1289 4754 ad
1315 4702 1456 4754 creaturas
1482 4713 1516 4753 ac
1539 4696 1655 4768 proinde
1679 4697 1708 4752 in
1734 4702 1801 4754 tem·
1814 4709 1854 4750 m.
1867 4707 1902 4751 n.

94 4797 146 4853 ubi
163 4795 200 4851 ab
217 4812 251 4849 ea
268 4796 387 4851 essentia
405 4793 514 4849 infinita
531 4810 561 4848 se
571 4793 661 4862 ipsum
678 4789 844 4847 denominat.
865 4795 891 4843 3.
905 4808 937 4843 ea
964 4809 1030 4863 pore
1058 4790 1170 4844 demum
1196 4788 1257 4843 Deo
1280 4791 1434 4856 competere
1463 4801 1527 4841 cum
1549 4789 1643 4839 tamen
1666 4782 1703 4837 sit
1725 4782 1802 4839 Deus

95 4884 282 4956 oppositione.
307 4880 426 4949 Quando
444 4877 601 4934 idololatria
619 4877 764 4949 gentilium
783 4883 936 4945 accusatur,
964 4879 1001 4944 ab
1018 4882 1130 4932 aeterno
1150 4881 1178 4930 et
1195 4875 1224 4929 in
1242 4878 1385 4930 aeteruum
1407 4877 1458 4928 ete.
1493 4876 1516 4925 7.
1542 4888 1575 4924 aa
1592 4877 1708 4939 patrum
1729 4869 1802 4924 tetti-

96 4990 131 5028 ex
153 4969 202 5024 illo
224 4968 360 5039 principio
384 4973 543 5035 accusatur,
569 4963 643 5036 quod
665 4962 784 5035 gentiles
809 4962 937 5033 religiose
957 4963 1109 5031 ficatioae:
1147 4959 1275 5016 Juatinns
1303 4958 1332 5012 iu
1362 4955 1475 5026 exposit
1503 4955 1566 5010 fida
1594 4955 1631 5009 si
1655 4954 1803 5009 namnam

94 5052 478 5125 colueriuteos,quiu1iae
499 5062 604 5106 natura
622 5070 675 5103 aaa
695 5049 816 5103 mentelii
833 5046 895 5104 Gal.
911 5025 1090 5116 alatrinum
1111 5037 1268 5115 iate'llipere
1294 5044 1379 5111 selu,
1407 5042 1467 5095 Dei
1486 5041 1597 5095 nomiae
1624 5041 1801 5109 capream

94 5161 122 5197 v.
146 5147 177 5211 83
200 5143 277 5210 quot
298 5141 465 5193 mutaverint
486 5139 609 5206 gloriam
633 5135 855 5204 incorruptibilis
879 5136 938 5189 Dei
962 5134 1128 5191 Tertullian.
1153 5132 1243 5187 lib-e.
1267 5131 1329 5186 adv.
1347 5127 1479 5182 Marcion.
1506 5125 1581 5180 cirea
1604 5125 1690 5181 med:
1723 5127 1806 5182 DEI

81 5226 127 5283 'im
152 5227 365 5281 similitudinem
394 5225 526 5293 imapimis
549 5222 741 5291 corruptibilis
766 5221 885 5275 hominis
912 5230 937 5275 et
964 5237 1062 5275 nomen
1086 5228 1128 5274 eat
1144 5220 1227 5289 qimai
1242 5215 1373 5270 aomrale
1390 5213 1554 5268 dimittati.
1585 5211 1757 5267 Athanasius
1773 5210 1804 5268 in

93 5315 240 5371 uolucrum
266 5321 291 5367 et
319 5312 534 5382 mmdmpedum
563 5317 589 5362 et
613 5307 781 5375 serpentium
808 5306 886 5362 Rom.
914 5314 937 5376 l,
963 5307 1071 5379 epistol.
1099 5306 1134 5360 de
1156 5304 1253 5376 synod.
1274 5301 1373 5358 Nicen.
1397 5299 1499 5354 decret
1525 5304 1588 5368 post
1610 5298 1695 5353 med:
1735 5297 1805 5353 Oom

93 5421 122 5456 v.
146 5405 189 5458 2³.
226 5400 287 5466 Quo
312 5400 393 5455 modo
416 5398 551 5469 accipitur
573 5411 658 5449 unum
677 5392 877 5464 oppositorum,
904 5410 936 5449 eo
964 5395 1096 5448 audimus
1111 5390 1275 5446 vocabulum
1290 5383 1617 5455 nonanoeane,
1638 5384 1696 5438 m'ei
1711 5385 1804 5454 meam

93 5488 180 5567 modo
204 5486 338 5559 accipitur
356 5486 439 5542 etiam
457 5485 582 5541 alterum.
617 5481 697 5537 Idola
715 5479 779 5534 ideo
798 5485 937 5552 negantur
964 5475 1266 5550 incomprehensibilem
1288 5473 1349 5529 Dei
1372 5471 1556 5527 mmmmsi
1581 5470 1741 5540 significari
1760 5470 1803 5525 itt·
