3984 6022
709 230 762 290 on
782 232 1143 319 amuransssms
1726 238 1787 302 me

79 374 82 384 ’
95 393 119 442 2.
137 385 304 459 Prophetae,
324 387 450 445 Christus
469 395 498 446 et
511 389 629 461 apostoli
641 389 757 446 verbnm
769 387 823 445 Dei
834 390 932 462 lingue
958 407 992 446 ex
1011 390 1112 464 quibus
1130 391 1258 447 omnibus
1275 390 1314 446 sio
1331 389 1536 446 concludimus:
1553 386 1662 455 Quibus
1673 389 1789 459 prophe·

92 474 204 546 rnlgari
222 479 252 530 et
267 476 417 531 vernacule
432 477 639 547 praedicarunt,
662 494 719 532 non
743 477 853 533 selectu
871 478 930 549 qui·
957 485 1003 533 tae
1020 486 1049 534 et
1066 478 1184 550 apostoli
1201 479 1382 548 seripserunt,
1409 475 1465 531 illis
1486 475 1569 532 etlam
1591 474 1790 548 prophetarum

91 561 218 630 tntum,
237 562 288 617 sed
304 562 432 618 omnibus
449 563 561 620 omuino
577 562 761 618 auditoribus.
781 562 847 619 Jam
864 581 930 619 vero
957 570 985 620 st
1009 565 1195 636 apostolorum
1219 564 1282 620 libri
1306 570 1371 620 sunt
1396 563 1522 636 legendi,
1546 568 1579 617 ut
1595 567 1674 633 patet
1692 578 1724 616 ex
1742 579 1790 618 na·

91 646 930 720 idem,quodprophetse,Christusetapostolipraedioanmt,
956 656 1019 705 tura
1044 651 1199 706 relatorum.
1240 649 1396 722 Prophetae
1422 655 1450 704 et
1475 647 1593 719 apostoli
1621 648 1790 718 mripssrunt

91 735 122 790 in
139 735 234 791 literas
247 743 344 806 postea
356 737 559 792 estredectum.
581 736 658 809 Ergo
668 737 752 793 etam
765 736 834 790 illud
844 736 930 792 omui·
956 737 1083 792 omnibus
1105 737 1238 793 ecclesiae
1260 736 1402 792 ordinibus
1424 753 1458 791 ec
1480 734 1612 800 statibus,
1635 752 1690 791 non
1711 735 1790 790 mini-

91 822 147 878 bns
172 822 269 892 lingue
291 823 400 895 vulgari
424 830 453 879 et
476 823 627 879 vernacule
651 822 809 895 legendum.
850 822 930 888 Quae
955 823 1019 878 stris
1035 823 1122 878 solum
1133 824 1221 886 verbi,
1237 824 1286 878 sed
1305 823 1388 878 etism
1406 822 1491 878 laicis.
1512 822 1789 893 11130εῷωάεαί-

91 908 165 963 ratio
191 914 234 963 est
257 908 472 980 praedicationis
494 909 591 982 lingua
608 909 718 981 vulgari
736 914 766 964 et
780 908 930 964 vernacula
951 911 1011 979 ptis
1029 910 1111 964 libris
1127 910 1266 980 culpatur,
1285 909 1325 964 ait
1342 909 1446 964 water.
1464 908 1494 962 in
1504 906 1615 963 Euchir.
1636 927 1664 977 p.
1678 913 1719 976 te,
1738 909 1790 964 boc
1853 942 1857 950 =

91 1013 110 1051 s
127 993 244 1063 Christo,
261 995 402 1066 prophetis
420 1001 449 1051 et
466 996 598 1068 apostulis
610 995 711 1066 suane,
729 994 827 1051 Mem
844 995 928 1050 etiam
955 997 1015 1050 sine
1034 997 1118 1050 dubio
1131 997 1276 1064 legendum
1288 995 1599 1064 onnttmproponitm.
1621 995 1683 1048 [tta
1695 997 1790 1049 omnia

91 1087 136 1138 est
161 1082 232 1137 ratio
258 1081 432 1153 scriptionis,
456 1082 605 1154 utrobique
629 1083 702 1138 enim
725 1082 800 1137 edus
820 1081 927 1137 audito
954 1085 1062 1154 scripta
1078 1091 1141 1138 ant
1159 1085 1194 1137 ab
1211 1084 1354 1153 apostolis,
1371 1081 1553 1138 aitBellarm,
1568 1081 1615 1137 lib.
1629 1087 1653 1138 t.
1667 1082 1789 1167 delverb.

90 1184 153 1224 rum
176 1168 325 1240 quaeritur.
360 1168 429 1224 Luc.
448 1175 477 1238 t,
495 1188 522 1222 v.
541 1175 580 1224 16.
604 1186 667 1223 cnm
687 1167 814 1223 Christus
833 1167 871 1222 sd
888 1168 927 1222 le·
954 1172 1009 1226 Dei
1022 1187 1046 1225 o.
1062 1178 1101 1239 11,
1121 1187 1192 1240 quae
1206 1178 1278 1231 aaut.
1297 1171 1424 1225 omnibuis
1435 1169 1595 1223 nscmaria
1611 1177 1637 1223 et
1648 1185 1721 1238 puae
1733 1169 1792 1238 spei

91 1255 212 1327 gandam
240 1255 411 1327 scripturam
437 1255 538 1311 Esaiae
569 1254 598 1309 in
623 1271 770 1327 synagoga
794 1235 1051 1337 surgeretlpalam
1072 1257 1196 1311 omnibus
1210 1257 1292 1323 csdpo
1306 1257 1552 1327 praedicaverant.
1583 1253 1640 1310 Cur
1656 1271 1723 1327 ergo
1742 1273 1789 1311 no-

91 1341 132 1396 its
156 1341 239 1412 ugit,
269 1347 302 1395 ut
328 1341 363 1396 ab
390 1341 518 1396 omnibus
542 1340 694 1398 Nararanis
717 1341 926 1412 intelligeretur.
954 1344 1016 1398 lunt
1034 1343 1090 1415 legi
1109 1343 1145 1398 ab
1163 1343 1298 1411 omnibus,
1316 1359 1389 1415 qnae
1407 1343 1512 1413 scriptu
1528 1340 1754 1396 suntomnibus?

91 1433 116 1484 3.
133 1426 178 1482 Ac
194 1444 229 1483 ne
247 1427 305 1482 nlla
323 1433 410 1483 restet
427 1428 564 1484 dubitatio
580 1428 748 1497 notandum,
772 1427 847 1499 quod
864 1444 926 1498 pro·
988 1435 1047 1486 teo.
1083 1430 1195 1501 Excipit
1223 1416 1406 1491 Bellarminus
1435 1430 1482 1486 lib.
1511 1435 1546 1485 2.Ι
1566 1431 1601 1484 dc
1623 1429 1708 1484 verbo
1734 1426 1790 1485 Dei

90 1512 192 1584 phetae
219 1513 305 1569 libros
333 1530 397 1569 suos
421 1514 473 1570 toti
496 1515 643 1584 ecclesiae,
672 1515 708 1570 ad
734 1532 818 1587 quam
843 1514 927 1570 susm
954 1535 978 1573 c.
1006 1523 1046 1574 16.
1074 1526 1237 1585 arpumento
1262 1536 1281 1572 a
1304 1518 1519 1587 praedicatione
1538 1519 1741 1587 prophetarum
1764 1524 1791 1571 st

90 1599 156 1655 uici
181 1599 335 1670 pertinent,
363 1601 623 1658 commendaverint
658 1599 742 1656 Dent
770 1606 818 1669 31,
844 1617 870 1656 v.
896 1604 926 1655 92
954 1604 1147 1674 apostoloram
1168 1605 1242 1658 dioto
1267 1605 1339 1657 nibil
1364 1604 1509 1672 concludi,
1537 1621 1600 1658 eum
1620 1603 1789 1671 distinpusn-

92 1686 216 1754 &repsit
232 1687 347 1756 Moyses
365 1688 451 1755 legam
469 1689 542 1742 banc
562 1689 665 1742 diceres
700 1704 726 1743 v,
754 1694 798 1743 11:
825 1688 926 1742 Conue-
954 1693 1021 1745 dam
1045 1692 1082 1746 sit
1103 1692 1175 1745 ister
1194 1692 1437 1761 praedicationem
1459 1699 1484 1744 et
1506 1691 1685 1761 scriptionem
1690 1710 1703 1756 ;
1730 1706 1790 1743 osr-

89 1773 228 1828 §mamas
251 1775 356 1828 manetis
381 1775 522 1828 Israilitie
545 1776 618 1842 tepeo
639 1776 724 1828 uerba
746 1775 831 1844 bajus
848 1775 927 1843 baara
955 1780 1017 1832 barn
1040 1779 1099 1832 'Dei
1121 1787 1194 1831 recte
1218 1779 1329 1847 quidem
1348 1777 1537 1847 praedicatur
1562 1776 1592 1831 in
1615 1776 1713 1843 iinpua
1730 1776 1789 1829 usal·

91 1861 220 1929 quodque
245 1860 433 1931 evangelistae
456 1866 484 1916 st
500 1860 617 1931 apostoli
637 1878 701 1915 suos
719 1860 805 1916 libros
825 1863 853 1916 el
870 1859 927 1931 epi·
954 1864 1032 1933 pari,
1055 1865 1122 1934 quia
1141 1866 1261 1919 conduct
1278 1865 1503 1935 septicollem,
1529 1881 1613 1933 msam
1632 1880 1725 1917 omna
1736 1866 1789 1933 sa·

91 1946 178 2001 stolas
203 1952 263 2000 tum
285 1946 376 2015 laicis,
398 1953 458 2001 tum
482 1945 598 2019 integris
620 1946 742 2002 ecclesiis
768 1945 929 2017 scripserint
955 1951 1008 2005 eila
1026 1952 1149 2021 capiunt,
1168 1959 1198 2004 at
1216 1969 1278 2004 cum
1295 1951 1434 2017 scribitur,
1452 1952 1557 2003 nudam
1573 1951 1720 2017 scribitur,
1740 1966 1790 2003 nec

91 2039 122 2088 et
138 2032 334 2103 inscripserint.
363 2033 434 2089 Luc.
455 2041 477 2100 1,
495 2052 521 2088 v.
542 2039 573 2088 ³:
596 2034 692 2088 Visam
710 2041 750 2087 est
768 2034 839 2086 mibi
853 2050 927 2087 asss-
955 2040 991 2092 ab
1015 2039 1139 2092 omnibus
1162 2039 1334 2106 inteilipitrr.
1368 2037 1444 2092 Huic
1471 2036 1569 2091 esvisso
1593 2036 1660 2108 qnid
1677 2052 1789 2105 respon·

92 2126 156 2175 cato
186 2121 282 2174 omnia
310 2139 330 2174 a
355 2121 501 2191 principio
528 2121 679 2188 diliatnter
701 2138 734 2173 ta
756 2122 856 2174 ordint
877 2121 929 2175 1ὤί
955 2125 1076 2182 dendum
1102 2125 1150 2189 sit,
1176 2124 1351 2195 exposuimus
1373 2125 1402 2178 in
1425 2124 1476 2179 loc.
1501 2124 1536 2178 de
1561 2122 1661 2194 script.
1687 2125 1712 2191 ἦ.
1733 2127 1788 2178 103.

92 2207 222 2270 wibert,
240 2207 341 2276 ‘’Pit'mss
362 2208 521 2276 Τή00211ῑῖ8·
557 2207 646 2276 (Beda
663 2207 808 2275 “illimis
826 2223 926 2261 1¹011¹⁸¹¹
955 2214 1037 2280 Quod
1055 2212 1214 2267 Bellarmin.
1232 2211 1334 2266 ibidem
1353 2210 1445 2277 addit,
1472 2210 1614 2280 apostolae
1630 2210 1717 2262 camis
1736 2209 1789 2262 lin·
1813 2221 1817 2235 ”

93 2292 241 2363 Theophili
270 2293 467 2364 appellativum
497 2311 569 2356 esse,
601 2310 634 2348 ac
663 2292 687 2346 si
718 2293 805 2348 cuivis
835 2294 926 2349 Deum
955 2301 1017 2368 puis
1030 2300 1223 2369 praedicasse,
1241 2301 1293 2351 sed
1309 2315 1367 2349 ana
1385 2305 1490 2350 tantum
1509 2298 1661 2366 scripsisse,
1678 2294 1790 2351 facilem

90 2380 197 2435 muti
227 2379 294 2435 hate
323 2380 377 2434 tint
402 2380 549 2451 inscripta:
581 2381 711 2450 Qvittttt't
735 2382 794 2434 Dei
817 2390 927 2434 amator
955 2387 1039 2441 habet
1066 2385 1289 2456 explicationem,
1317 2383 1383 2453 quia
1409 2382 1518 2438 Graeca
1541 2382 1652 2454 lingua,
1679 2382 1708 2436 in
1735 2399 1791 2453 qua

90 2475 142 2534 est,
160 2465 263 2537 inquit,
283 2469 324 2519 ad
341 2484 370 2519 sc
387 2468 521 2536 scriptum
539 2470 650 2534 medat,
669 2485 789 2537 suaeqrts
806 2468 847 2521 sic
866 2469 927 2521 uai-
956 2473 1131 2544 scripserunt,
1151 2470 1206 2526 fuit
1222 2469 1451 2538 communissima,
1470 2475 1549 2525 etex
1568 2469 1617 2522 ille
1633 2469 1662 2523 in
1679 2468 1790 2540 linguas

89 2569 161 2620 mat,
188 2553 257 2622 quia
272 2553 365 2606 moes
381 2555 506 2608 modim
521 2555 643 2624 empsit,
660 2555 777 2608 uelatum
797 2555 927 2608 interual-
955 2560 1025 2616 alias
1047 2557 1222 2630 postmodum
1244 2557 1396 2611 translatae
1415 2561 1480 2611 sunt
1497 2554 1663 2626 Scripturas.
1698 2554 1790 2609 Affert

90 2638 337 2710 adsiduitatis
361 2639 419 2693 lan
445 2644 493 2694 sat
512 2640 702 2712 φιλόγραᾳος,
727 2641 776 2695 ted
795 2641 927 2695 verisimi-
955 2646 1057 2702 ibidem
1076 2644 1190 2715 aliquod
1208 2644 1309 2698 simile:
1336 2643 1573 2706 Quemadmodum
1590 2660 1647 2694 non
1667 2640 1731 2694 licet
1748 2642 1814 2695 sic‘

89 2727 145 2782 lius
165 2731 216 2795 est,
234 2743 293 2782 esse
311 2744 412 2782 nomen
431 2727 588 2798 proprium,
605 2745 667 2782 cum
689 2728 810 2783 addatur
830 2729 927 2783 titulus
955 2731 1162 2800 argumentari:
1179 2731 1289 2784 Matres
1309 2731 1380 2783 dant
1397 2729 1494 2785 liberis
1513 2728 1672 2798 infantibus
1686 2744 1791 2797 panem

89 2819 246 2882 reportarat.
292 2813 422 2884 Lyranus
453 2814 603 2883 existimat,
640 2814 714 2869 hunc
742 2813 926 2886 Theophilum
954 2821 1103 2873 dissectum
1121 2818 1152 2871 in
1166 2817 1327 2886 particulas
1343 2815 1388 2869 oei
1405 2817 1488 2870 etiam
1502 2831 1709 2884 praemuniam,
1723 2832 1789 2885 pas-

88 2900 177 2954 fuisse
194 2899 279 2954 Asiae
297 2900 466 2970 episcopum,
484 2900 534 2955 sed
553 2901 695 2971 epitheton
713 2907 859 2972 reportamur
878 2917 926 2971 po·
954 2914 1012 2958 sent
1028 2906 1114 2974 ipitur
1132 2906 1203 2957 dare
1221 2903 1304 2956 ctiam
1323 2903 1459 2970 intepram
1477 2909 1503 2955 et
1522 2901 1652 2967 solidam,
1669 2919 1735 2955 nam
1750 2908 1791 2975 est

88 2986 173 3041 liticis
193 2986 317 3057 personis
337 2987 423 3041 tribui
440 2987 551 3042 solitum
567 2987 662 3056 tussa,
682 2993 799 3057 apparet
818 3003 851 3041 ex
859 2986 924 3043 Act.
954 2992 1028 3044 Mem
1043 2992 1138 3061 panib.
1174 2992 1222 3044 Ita
1239 3007 1294 3043 aon
1313 2989 1377 3041 licet
1395 2987 1595 3054 arpamsntari,
1613 2987 1791 3040 minueretur

91 3079 137 3137 23,
160 3090 188 3126 v.
209 3078 250 3128 26.
278 3090 301 3128 c.
321 3078 368 3136 26,
390 3092 418 3128 r.
439 3079 480 3129 26.
500 3074 565 3127 inde
582 3072 807 3145 Theophylectus
824 3081 926 3142 censet,
950 3078 1067 3147 populis
1083 3078 1194 3131 ombam
1213 3077 1272 3130 Dei
1290 3075 1457 3145 explicatam
1477 3093 1496 3127 a
1516 3074 1718 3139 concionatore,
1737 3073 1789 3141 ipi-

93 3159 277 3230 Tbeopbilum
305 3161 377 3213 banc
401 3161 494 3225 saissa
516 3161 665 3229 primatem
694 3163 832 3230 quendam
859 3179 925 3213 cera
954 3174 999 3218 tar
1021 3166 1180 3217 ministrari
1202 3164 1285 3216 ctiam
1309 3164 1388 3215 debet
1410 3161 1470 3214 sine
1491 3160 1672 3228 explicatione
1692 3168 1717 3212 et
1736 3160 1790 3212 lin·

92 3246 201 3301 Obruta·
225 3247 381 3313 cognitione
408 3248 546 3303 imbutum.
591 3246 719 3301 Clemens
744 3247 791 3302 lib.
821 3254 859 3303 10.
885 3264 925 3302 re·
953 3271 1010 3321 pua
1034 3252 1148 3318 ratpert
1167 3251 1308 3318 scriptam.
1345 3247 1427 3318 Resp.
1451 3253 1494 3301 eal
1518 3245 1686 3315 conparatio
1710 3245 1788 3300 dissi·
1871 3316 1872 3321 ¹

89 3333 194 3403 cognit
219 3348 280 3405 cap.
304 3334 354 3387 ult.
376 3332 500 3387 meminit
525 3333 671 3404 cujusdam
694 3333 841 3405 Theophili
868 3335 925 3388 An-
955 3339 1073 3401 milium,
1103 3337 1169 3408 quia
1200 3334 1321 3389 iubentes
1353 3350 1386 3388 er
1416 3349 1488 3402 pane
1511 3349 1566 3386 non
1590 3332 1710 3386 dissecto
1738 3347 1789 3386 nee

88 3418 224 3482 tiocheni,
252 3419 298 3488 qui
321 3420 357 3472 ad
382 3418 464 3472 fidem
483 3420 621 3473 adductus
638 3437 656 3473 a
674 3437 695 3471 s.
713 3419 797 3473 Petro
815 3420 926 3474 domum
953 3440 1115 3494 praemineo
1133 3422 1237 3475 nullam
1260 3426 1376 3490 possunt
1392 3418 1534 3489 percipere
1551 3417 1712 3482 utilitatem,
1740 3418 1789 3474 sed

89 3523 169 3561 suam
189 3506 227 3560 ad
250 3504 467 3561 Christianorum
491 3514 642 3561 conventus
659 3506 689 3560 in
706 3507 850 3561 ecelesiam
868 3525 926 3560 mu·
953 3512 1016 3565 laici
1044 3528 1077 3565 cx
1109 3509 1266 3577 Scripturas
1297 3508 1415 3563 lectione
1444 3507 1527 3562 etiam
1556 3523 1611 3561 non
1636 3507 1787 3561 accedente

90 3592 168 3646 tavit
204 3591 251 3645 Ad
274 3591 348 3647 hunc
374 3593 521 3648 verisimile
542 3599 585 3648 est
604 3609 622 3646 a
638 3593 716 3647 Luca
734 3593 848 3647 musam
866 3610 926 3648 esse
953 3596 1158 3667 praedicatione
1184 3594 1358 3649 commodum
1385 3594 1524 3665 percipere
1551 3600 1674 3664 possunt
1711 3593 1788 3665 Dog-

90 3679 166 3734 hunc
192 3678 307 3748 librum,
339 3681 405 3751 quia
428 3680 617 3735 Antiochenus
643 3688 758 3752 uterque
784 3689 811 3736 et
830 3682 925 3736 eodem
954 3691 1029 3737 mata
1047 3683 1120 3737 enim
1141 3681 1205 3737 fidei
1226 3687 1254 3736 et
1271 3681 1361 3736 fontes
1382 3679 1590 3746 consolationis,
1616 3679 1682 3733 item
1709 3697 1788 3749 prae·

89 3767 210 3822 sonasse
227 3773 350 3836 tempore
367 3767 403 3820 sd
420 3766 503 3820 fidem
516 3771 684 3836 conversus.)
708 3768 770 3823 Joh.
784 3774 826 3837 20,
840 3787 865 3822 v.
879 3775 925 3824 ³1:
953 3777 1034 3840 cepta
1061 3787 1168 3824 morum
1194 3775 1386 3840 proponuntur
1409 3766 1500 3821 verbis
1527 3766 1607 3820 claris
1633 3774 1660 3821 et
1682 3768 1788 3837 perspi-

90 3853 172 3906 Haee
190 3853 296 3922 scripta
316 3862 394 3921 mat,
420 3862 449 3905 at
467 3854 596 3906 credatis.
631 3853 695 3907 Act.
716 3860 741 3922 1,
760 3872 785 3908 v.
808 3861 835 3909 l:
863 3856 927 3908 Pri-
954 3858 1020 3912 cuis.
1058 3857 1117 3912 Nec
1139 3873 1234 3911 omnes
1256 3855 1321 3910 laici
1339 3854 1475 3909 infantum
1495 3855 1556 3908 loco
1575 3854 1696 3908 habendi
1714 3862 1787 3917 sunt,

91 3958 166 3993 mum
182 3958 335 3993 sarmatam
359 3941 431 4004 feci,
452 3941 611 4009 Theophila,
637 3944 672 3993 de
691 3943 829 4007 amnibus,
858 3961 928 4012 meae
955 3962 1017 3999 curn
1043 3945 1156 4015 quidam
1182 3960 1276 3998 eorum
1299 3942 1327 3995 in
1352 3940 1511 4012 cognitione
1533 3939 1636 3994 Christi
1664 3940 1789 3995 adoleve-

95 4024 222 4079 ormam
253 4028 342 4095 coepit
365 4028 468 4092 secere
496 4035 522 4079 et
550 4029 658 4080 docere.
692 4026 773 4081 Rom.
800 4035 827 4096 1,
854 4047 880 4082 v.
899 4037 929 4086 l:
954 4031 1010 4085 rint
1030 4036 1051 4085 1.
1072 4030 1133 4087 Cor.
1156 4036 1201 4094 14,
1219 4049 1244 4083 v.
1264 4035 1304 4084 20.
1340 4028 1440 4098 Ephes.
1461 4034 1490 4094 t,
1510 4043 1536 4082 v.
1560 4032 1597 4081 14.

44 4152 48 4156 -
93 4113 240 4182 Omnibus,
265 4114 315 4182 qui
338 4121 400 4166 sant
426 4115 547 4182 Romae,
579 4113 690 4176 ditectio
720 4116 792 4184 Dei,
823 4118 930 4171 vocatis
992 4123 1050 4174 486.
1078 4117 1205 4172 Peresius
1229 4116 1258 4170 in
1277 4116 1324 4171 lib.
1349 4115 1383 4170 de
1402 4112 1597 4168 traditionibus
1616 4112 1656 4167 sic
1674 4110 1790 4182 excipit:

90 4200 205 4254 mamis.
246 4206 267 4254 1.
285 4198 346 4254 Cor.
367 4206 396 4269 1,
417 4219 440 4256 v.
461 4206 493 4255 2:
524 4201 670 4254 Ecclesiae
697 4203 768 4270 Dei,
794 4221 865 4273 quae
892 4215 931 4258 est
960 4204 1089 4267 Quernas
1107 4204 1251 4273 apostolas
1268 4205 1310 4257 ad
1326 4203 1420 4256 omnia
1439 4201 1571 4254 ecclesiae
1589 4200 1711 4252 membra
1731 4197 1790 4250 lits-

94 4285 224 4340 Corinthi
231 4327 238 4356 ,
256 4279 438 4351 sanctificari
459 4288 489 4340 in
508 4288 619 4342 turmo
636 4290 722 4358 Jesu,
742 4292 849 4344 uocatas
866 4310 929 4345 aaa·
956 4309 1006 4344 ras
1029 4291 1176 4355 direxerit,
1202 4309 1257 4344 nan
1280 4299 1370 4343 tamen
1395 4288 1530 4349 uoluisse,
1556 4294 1587 4338 at
1609 4284 1723 4354 quilibet
1736 4299 1792 4353 per

92 4374 146 4427 atis
164 4391 226 4427 cum
245 4375 384 4437 omnibus,
408 4375 458 4443 qui
479 4375 608 4429 invocant
626 4393 725 4430 omnen
742 4379 780 4431 D.
801 4379 837 4434 N.
856 4380 880 4434 I.
900 4381 929 4435 0,
957 4397 985 4431 se
1010 4377 1176 4445 intelligeret
1201 4378 1295 4430 omnia
1322 4378 1352 4429 in
1378 4376 1438 4428 illis
1463 4380 1604 4438 contenta,
1640 4387 1704 4423 cum
1736 4386 1791 4441 quo

91 4461 126 4516 iss
149 4462 224 4516 omni
251 4461 312 4514 loco
338 4462 464 4530 ipsorum
489 4469 514 4514 et
538 4470 641 4517 nostro.
678 4468 700 4518 2.
719 4462 780 4539 Cor.
802 4470 829 4529 1,
855 4483 880 4519 v.
901 4472 931 4521 l:
957 4466 1044 4520 ferme
1068 4463 1199 4519 coincidit
1223 4462 1293 4517 illud
1317 4459 1478 4517 Bellarmini
1504 4458 1567 4514 libr.
1593 4463 1617 4512 3.
1646 4457 1680 4511 de
1706 4455 1791 4511 verbo

93 4549 244 4604 Eccksiac
263 4549 329 4618 Dei,
347 4566 419 4618 quae
437 4557 478 4602 est
492 4550 627 4619 Gomntbi,
644 4568 705 4604 cum
723 4551 848 4604 amadeus
865 4570 929 4605 san·
957 4550 1011 4605 Dei
1034 4565 1095 4620 cap.
1122 4554 1159 4604 10.
1186 4564 1258 4619 resp.
1281 4548 1318 4602 ad
1341 4565 1400 4620 erg.
1422 4552 1466 4601 11:
1499 4545 1616 4606 wado
1636 4543 1747 4596 Paulus
1767 4549 1793 4595 et

92 4634 160 4706 atr,
185 4635 236 4706 qui
252 4643 316 4688 aunt
333 4636 364 4688 ia
382 4635 513 4688 uniuersa
533 4628 652 4690 Achaia.
688 4625 930 4705 (111181.1,ν.2ἐ
958 4638 1104 4691 Jobaunes
1135 4636 1234 4704 jubent
1272 4636 1367 4687 omnia
1405 4634 1546 4703 probare,
1588 4631 1632 4684 uel
1674 4629 1792 4699 spiritus

92 4720 233 4778 masma
253 4720 395 4778 Galatiae.
425 4721 525 4790 Ephes.
547 4728 569 4790 1,
587 4739 612 4777 v.
627 4728 653 4777 1:
674 4723 807 4776 Omnibus
819 4725 931 4792 aaran,
956 4723 1092 4792 probare,
1124 4738 1180 4774 non
1210 4721 1262 4774 boc
1289 4721 1398 4788 uolunt,
1429 4728 1461 4774 ut
1488 4735 1581 4773 omna
1612 4719 1648 4771 de
1675 4715 1792 4769 ecclaia

92 4809 146 4880 qui
160 4808 350 4878 matpresi,
370 4816 397 4862 et
407 4807 585 4877 fidelibusin
600 4809 710 4863 Christo
723 4810 801 4862 Jssu.
829 4808 931 4880 Philip.
959 4810 992 4862 id
1021 4809 1153 4876 faciant,
1187 4809 1240 4861 sed
1275 4816 1306 4860 ut
1332 4807 1450 4873 faciant
1482 4806 1519 4875 ii,
1557 4807 1598 4857 ad
1630 4820 1700 4872 quas
1726 4818 1792 4871 per-

40 4901 83 4948 us.
100 4902 128 4964 1,
145 4913 172 4953 v.
192 4900 221 4951 ¹:
247 4877 380 4949 Omnibrrd
397 4895 502 4948 sancus
520 4895 551 4948 in
572 4895 784 4964 araneam,
802 4896 851 4964 qai
868 4905 932 4950 ssent
957 4895 1033 4961 tinet,
1051 4894 1123 4947 sicsd
1140 4894 1169 4946 si
1184 4894 1324 4947 scribatur
1340 4894 1382 4946 ad
1400 4892 1526 4961 als'qstam
1545 4888 1736 4949 academiam,
1763 4894 1793 4940 us

97 4980 254 5051 Piss'lippis,
277 4999 339 5034 cum
362 4980 500 5051 epneapis
517 4989 543 5034 et
561 4981 696 5035 diaconia
731 4980 831 5047 001.1,
855 4997 881 5036 v,
901 4988 930 5038 2:
959 4981 1114 5034 anaminont
1130 4980 1252 5050 aliquem
1269 4980 1384 5046 libmsm,
1412 4996 1467 5030 aon
1484 4979 1672 5046 sipnificatar,
1698 4981 1728 5025 at
1746 4975 1792 5026 ds·

95 5067 156 5138 Iis,
180 5067 231 5136 qua·
248 5074 312 5121 suat
332 5068 465 5137 Colossis,
482 5067 587 5120 sandali
605 5075 630 5121 et
643 5067 778 5136 fidelibus
792 5069 932 5132 fratribus
958 5076 1005 5120 tur
1038 5067 1109 5120 liber
1140 5067 1341 5119 scaminandus
1375 5048 1499 5117 amadati
1530 5061 1685 5116 bominibus
1713 5059 1793 5113 atim

94 5156 128 5209 s'rs
148 5153 260 5209 Obn'sta
276 5154 355 5208 Jeme.
394 5160 415 5208 1.
433 5154 529 5208 Thess.
548 5160 569 5222 1,
587 5171 612 5207 v.
634 5159 655 5207 1.
691 5151 894 5219 2.Thess.1‚v.
910 5161 931 5209 1:
959 5153 1137 5219 academias,
1165 5153 1216 5204 scd
1241 5158 1346 5204 mntem
1372 5151 1529 5203 doctoribus
1552 5151 1613 5218 ejas
1630 5151 1793 5223 sacsdtatis,

95 5240 245 5297 menaea
260 5240 546 5294 Tbsssaioaiosnsiam
557 5240 588 5291 in
600 5241 663 5292 Deo
675 5240 887 5294 PatreetD.l.
903 5239 932 5294 0.
960 5241 996 5293 de
1022 5256 1079 5307 qua
1103 5238 1174 5291 liber
1198 5236 1248 5289 illc
1276 5243 1385 5288 tractat.
1428 5234 1512 5306 Resp.
1542 5236 1649 5303 Quibus
1676 5239 1795 5310 apostoli

93 5328 199 5384 Perus
226 5325 322 5381 scribit
346 5327 440 5380 chade
462 5326 578 5378 advenis
600 5325 738 5395 dupsrss'e
766 5332 786 5380 1.
810 5326 889 5397 epist
911 5332 932 5396 1,
960 5324 1079 5396 gratiam
1104 5329 1131 5379 et
1155 5339 1252 5393 pacem
1269 5322 1298 5376 in
1316 5321 1374 5376 suis
1392 5321 1516 5394 epistolis
1535 5329 1695 5394 precantur,
1722 5343 1793 5396 quos

95 5422 124 5469 v.
144 5419 167 5470 1.
200 5411 342 5468 lohannes
359 5417 477 5467 testetur
493 5411 554 5465 scil.
578 5411 751 5477 infantibus,
775 5414 933 5467 adolescen-
960 5411 995 5466 de
1011 5409 1072 5478 {fide
1086 5425 1120 5464 ac
1139 5408 1261 5462 moribus
1279 5408 1434 5477 instmunt,
1453 5425 1569 5482 quorum
1585 5427 1686 5466 naevos
1706 5419 1735 5467 et
1752 5428 1792 5467 er·

94 5500 177 5571 stu,
191 5500 324 5571 patrita
343 5505 369 5553 et
386 5498 540 5554 matare
556 5497 678 5554 scribare
692 5497 934 5572 teplsttntt,
959 5515 1034 5555 rores
1059 5496 1216 5574 corrigunt,
1243 5494 1280 5553 sd
1300 5493 1363 5554 illos
1387 5496 1472 5556 edam
1496 5513 1591 5559 omnes
1613 5503 1642 5555 et
1666 5498 1790 5570 singulos
