3984 6022
214 271 276 331 m
785 269 788 274 ·
896 256 1019 313 LOCUS
1037 255 1237 316 SECUNDUS

214 417 319 474 tialiter
345 431 482 486 praesens.
524 414 599 485 Ergo
623 415 732 468 coslum
753 421 795 470 est
819 415 903 468 Deus.
927 411 1050 482 1111111-
1081 412 1215 480 essentia,
1240 413 1289 467 sed
1314 411 1344 467 in
1365 419 1487 483 tempore
1503 414 1597 486 coepit
1613 419 1643 469 et
1661 419 1752 470 certas
1771 431 1838 471 suos
1858 433 1920 489 gra·

215 510 262 559 tur
290 503 342 557 bac
371 501 400 555 in
428 517 458 555 re
484 498 696 570 antesignanum
722 517 801 554 snum
826 498 971 566 Socinum,
1005 497 1054 568 qui
1081 496 1133 551 dus
1153 497 1267 555 obtinet.

216 591 245 645 iu
264 588 392 660 praeleet
412 603 435 640 c.
455 591 477 640 2.
497 604 524 655 p.
544 590 567 639 6.
586 584 698 639 scribit:
722 586 811 639 Verba
829 584 966 655 apostoli:
987 583 1053 636 Non
1080 614 1083 619 Δ
1118 588 1173 639 182.
1198 583 1294 649 1111.
1316 585 1796 653 Aneamaomnrpraessntsassit
1819 587 1921 641 actast

215 678 296 744 lonps
317 673 391 727 abest
408 673 443 724 ab
460 688 624 740 unoquoque
643 680 781 739 nostram,
807 674 849 725 asi
867 671 944 723 soles
958 675 1055 723 sancte
1080 670 1164 723 renim
1182 670 1296 723 dininas
1314 670 1448 723 aasentias
1468 670 1661 725 immensitas!
1686 669 1840 728 Affirmant
1859 672 1920 728 (ial-

215 763 332 815 11111111
344 758 494 827 pertinens,
512 774 614 827 nosque
632 757 662 810 in
678 760 742 811 Deo
759 758 850 810 as'nsre
865 758 907 809 sie
924 755 1053 826 inplicat,
1080 754 1200 825 viniani,
1224 762 1257 809 ut
1279 755 1404 812 obtinere
1427 757 1534 828 possint
1552 755 1920 815 castamserram

214 849 293 917 qrsod
307 845 393 898 111111
412 860 431 896 a
449 846 512 897 Deo
531 843 681 896 iubeamus
699 843 759 909 (sed
777 848 935 913 repugnant
952 857 1053 912 scopus
1080 840 1229 897 humanam
1253 846 1380 897 naturam
1404 860 1460 897 non
1484 859 1545 897 esse
1567 843 1831 916 omnipraesentsm,
1855 845 1921 918 quia

214 938 243 988 st
271 930 355 987 series
382 927 526 1000 apostelici
554 933 707 984 contertsu.
756 928 863 998 Scopas
890 934 945 992 est,
978 927 1052 999 quod
1079 927 1200 982 bumana
1216 934 1318 984 natura
1337 945 1393 983 non
1412 935 1456 984 est
1474 928 1582 984 infinita
1598 930 1642 984 vel
1660 930 1802 987 immensa.
1839 930 1920 986 Pola·

214 1016 355 1090 apostolus
388 1015 576 1070 demonstrare
609 1014 688 1085 cupit
718 1014 800 1069 etiam
830 1014 947 1086 gentiles
975 1018 1053 1070 extra
1079 1030 1132 1067 nus
1156 1013 1218 1069 libr.
1238 1021 1262 1070 2.
1293 1014 1411 1085 Syrtem.
1438 1031 1462 1069 c.
1487 1020 1525 1070 11.
1549 1032 1577 1085 p.
1599 1021 1659 1071 146:
1692 1017 1788 1070 Omna
1807 1018 1920 1088 ubique

214 1103 359 1162 eeclesiam
375 1100 542 1156 constitutos
561 1118 594 1155 er
614 1116 697 1172 opere
715 1101 862 1156 creationis
874 1100 965 1155 Deum
984 1116 1052 1170 qno·
1076 1101 1256 1166 praesentias
1275 1109 1300 1154 st
1317 1101 1482 1170 utipsitatis
1498 1101 1562 1155 sola
1579 1109 1661 1171 mqrse
1678 1103 1766 1157 snas
1781 1111 1822 1156 sn
1833 1118 1921 1158 11111·

214 1189 362 1245 dammodo
388 1203 557 1259 cognoscere
579 1204 669 1257 posse.
705 1187 872 1258 Argumenti
893 1186 954 1239 loco
971 1184 1054 1239 affert
1080 1185 1136 1237 tine
1156 1185 1327 1238 immensitas
1345 1194 1370 1239 st
1388 1186 1523 1254 infinitas.
1557 1188 1699 1258 Qnioqrrid
1715 1188 1804 1256 ipimr
1819 1190 1921 1260 ubique

214 1275 293 1344 iliud,
312 1275 387 1346 quod
406 1272 483 1328 Deus
500 1288 555 1326 nou
573 1272 655 1343 longe
673 1272 747 1328 absit
764 1272 800 1327 ab
818 1287 985 1342 imoquoque
1004 1287 1052 1324 no·
1080 1278 1133 1334 cst,
1158 1272 1221 1326 ideo
1239 1271 1339 1340 abique
1356 1278 1410 1335 est,
1439 1272 1508 1340 qrsia
1525 1281 1567 1326 est
1583 1274 1733 1328 immensas
1751 1281 1777 1328 st
1794 1275 1922 1343 infinitas

214 1367 309 1416 strum
336 1359 417 1424 Quod
436 1358 459 1413 si
477 1357 546 1412 haec
564 1358 648 1411 verba
664 1359 701 1412 ad
722 1357 796 1413 solos
813 1363 910 1411 sancte
930 1357 1053 1410 niventon
1080 1358 1228 1426 essentiae,
1254 1373 1305 1411 nso
1328 1358 1475 1427 quamquam
1498 1360 1599 1428 abique
1623 1369 1664 1413 est
1686 1368 1737 1414 ant
1753 1361 1815 1414 dici
1826 1369 1920 1431 potest

215 1447 244 1502 in
262 1446 380 1501 ecclesia
398 1445 558 1515 restringas,
577 1444 649 1513 perit
665 1445 708 1498 vis
725 1443 883 1515 argumenti
899 1441 1052 1513 apostolici.
1080 1458 1145 1511 esse,
1165 1443 1222 1495 nisi
1236 1443 1273 1496 sit
1291 1444 1461 1513 immensam.
1498 1445 1560 1499 Hoc
1580 1444 1691 1516 (inquit)
1708 1448 1860 1502 tenendum
1879 1457 1920 1503 est

217 1533 246 1589 si
269 1533 298 1587 in
315 1532 377 1587 Deo
400 1531 493 1586 vivere
518 1530 651 1585 maeriurr
667 1527 736 1584 nihil
755 1535 798 1584 111
816 1528 893 1583 aliud
914 1544 997 1599 quam
1013 1528 1053 1579 vi·
1079 1536 1176 1582 contra
1199 1528 1392 1599 Ubiqrss'tarios
1408 1531 1601 1584 contendentes
1621 1547 1723 1601 corpses
1749 1529 1921 1589 CHRISTI
1932 1540 1984 1582 1111

213 1626 270 1675 tam
294 1618 388 1676 aDeo
406 1616 521 1681 babere,
546 1614 757 1670 confunduntur
773 1613 909 1669 beneficia
925 1613 979 1669 Dei
997 1630 1052 1668 om·
1080 1630 1137 1667 ssss
1159 1615 1267 1684 nisime.
1306 1615 1340 1668 At
1358 1631 1534 1686 nsqsraqnam
1553 1616 1630 1671 sana
1646 1618 1748 1688 ntique
1765 1626 1822 1683 est,
1851 1621 1918 1690 qaia

213 1705 401 1777 niprseseutia
427 1721 452 1757 v.
476 1709 523 1767 16,
551 1707 713 1756 enumerata
735 1717 797 1756 cnm
822 1700 882 1771 ipsa
901 1701 1053 1771 omniprae-
1080 1717 1136 1753 non
1159 1708 1201 1754 est
1224 1703 1360 1755 essentiae
1384 1703 1534 1756 immensas
1558 1711 1587 1757 st
1607 1704 1745 1773 infinitae.
1776 1702 1858 1762 ldsnr
1873 1724 1918 1762 ur-

215 1792 318 1855 seutia,
338 1809 364 1847 v.
389 1796 420 1847 21
445 1794 473 1845 st
496 1794 536 1844 28.
558 1793 671 1855 1111111,
691 1786 717 1844 b.
737 1803 760 1842 e.
779 1786 894 1842 effeetus
908 1785 969 1842 loco
989 1802 1052 1840 cau-
1080 1792 1147 1857 gent
1164 1785 1298 1842 insultas.
1333 1785 1461 1842 Becanus
1485 1794 1556 1858 part
1584 1796 1606 1844 l.
1622 1788 1717 1844 'Ibeel
1742 1790 1829 1847 schol
1853 1808 1876 1847 a
1893 1798 1918 1848 11.

215 1896 262 1934 sae
280 1877 413 1949 ponitur).
436 1875 513 1930 Idem
527 1875 589 1929 adv.
603 1875 702 1929 Frena
713 1874 784 1928 Dav.
803 1873 938 1928 deinvoc.
951 1871 1053 1928 Christi
1080 1879 1186 1944 quaest
1209 1880 1238 1928 3:
1270 1874 1362 1928 anin
1385 1883 1517 1929 asatnra
1539 1884 1633 1945 potest
1660 1893 1718 1932 esse
1745 1878 1847 1948 nespas
1865 1896 1919 1949 per

214 1980 237 2019 c.
261 1969 305 2019 lt:
343 1965 421 2016 Dens
442 1980 498 2015 non
520 1969 561 2015 est
583 1961 723 2014 nobiscnm
743 1976 797 2030 per
823 1961 949 2014 divinam
973 1977 1053 2012 snam
1080 1961 1172 2029 speum
1192 1960 1251 2012 Dei
1275 1960 1497 2030 immensitatem,
1523 1965 1601 2031 qrrorl
1623 1971 1664 2017 est
1683 1972 1785 2019 eontra
1807 1966 1920 2036 Ubique·-

215 2057 347 2103 amaram
369 2054 418 2101 ant
435 2049 595 2114 essentiam,
621 2049 673 2100 sect
684 2063 739 2116 per
756 2047 899 2115 virtatem,
926 2047 1053 2109 servorem
1080 2049 1174 2110 tistas,
1198 2047 1248 2114 qui
1269 2053 1369 2115 patant
1393 2048 1589 2102 leumanitatem
1610 2048 1717 2104 C'lsristi
1739 2068 1800 2105 esse
1820 2053 1920 2122 ahiqse

216 2143 242 2191 at
262 2135 399 2189 auxilinm
416 2150 504 2196 snum,
525 2133 636 2202 alioqui
652 2151 706 2186 non
725 2133 816 2201 mapie
828 2149 889 2185 essm
897 2133 958 2200 piis
970 2149 1053 2200 quam
1076 2149 1131 2201 per
1148 2133 1358 2185 immensitatem
1377 2133 1503 2187 diuinam
1513 2135 1681 2200 formaliter
1700 2137 1761 2205 ipsi
1771 2141 1919 2193 aamnussi-

216 2238 279 2276 enm
305 2221 401 2289 impiis
428 2226 497 2272 esset
524 2219 583 2287 (sed
609 2218 732 2273 distincti
754 2211 928 2290 praesentiae
950 2218 1055 2288 gredau
1080 2227 1179 2272 ratam
1204 2219 1288 2288 Resp.
1307 2217 1446 2290 Quicquid
1464 2221 1627 2276 naturaliter
1643 2227 1670 2277 et
1682 2223 1877 2294 essentialiter,
1890 2225 1921 2281 id

216 2324 272 2362 non
289 2305 392 2361 debent
411 2305 557 2371 contrudi,
584 2305 665 2360 adest
681 2306 759 2360 Deus
777 2305 831 2375 piis
849 2310 877 2360 et
895 2304 986 2374 impiis
1006 2321 1055 2376 per
1080 2310 1122 2358 est
1145 2321 1195 2375 per
1218 2320 1296 2360 suam
1315 2311 1442 2359 naturam
1467 2312 1495 2360 st
1514 2308 1675 2375 essentiam,
1700 2315 1743 2362 est
1766 2310 1920 2382 omniprae

217 2392 466 2456 conservationem,
492 2392 542 2445 sed
562 2389 617 2462 piis
635 2391 812 2461 peculiariter
830 2391 911 2445 adest
925 2406 976 2460 per
993 2408 1055 2462 grn-
1080 2406 1157 2457 sens,
1176 2389 1245 2444 illud
1262 2397 1305 2445 est
1322 2390 1471 2445 immensae
1488 2399 1516 2446 et
1534 2392 1658 2448 infinitae
1675 2395 1822 2450 esseutiae.
1856 2396 1920 2451 Jarn

216 2479 314 2535 tiosam
339 2477 588 2547 inhabitationem).
624 2477 685 2543 Quo
708 2477 765 2533 fine
785 2472 855 2532 t‘alia
876 2493 894 2531 a
917 2477 1055 2531 Photinis-
1081 2493 1146 2531 vero
1164 2475 1304 2532 Christum
1328 2482 1359 2531 ut
1381 2476 1519 2531 hominem
1540 2495 1596 2533 nou
1621 2479 1738 2535 dicimus
1759 2481 1921 2537 naturaliter

216 2565 259 2620 nis
283 2565 473 2635 disputentur,
499 2569 579 2634 patet
595 2580 629 2618 ex
649 2563 730 2618 dictis
751 2564 892 2633 superius,
919 2563 1001 2617 videl.
1025 2569 1056 2617 ut
1082 2568 1110 2618 et
1133 2562 1314 2617 essentialiter
1337 2563 1395 2618 sive
1412 2580 1462 2634 per
1481 2571 1608 2619 naturam
1627 2572 1655 2620 et
1671 2566 1822 2622 essentiam
1842 2584 1919 2623 suam

217 2650 349 2707 trinitatis
368 2655 396 2705 et
414 2648 592 2704 increationis
610 2650 771 2720 mysterium
788 2655 933 2705 evertatur.
1080 2665 1141 2703 esse
1158 2648 1414 2719 omnipraesentsm,
1434 2651 1482 2705 sed
1502 2650 1683 2721 personaliter
1703 2652 1919 2725 anquatenus

255 2743 312 2793 181.
332 2735 384 2800 Qu.
408 2742 431 2792 1.
456 2737 504 2789 An
527 2737 762 2805 omnipraesentia
786 2737 823 2789 sit
847 2737 958 2790 osnnino
981 2737 1055 2790 istem
1081 2733 1166 2804 ipsius
1189 2741 1312 2789 11111111
1334 2736 1455 2791 humana
1478 2741 1578 2790 natura
1600 2737 1629 2790 in
1651 2736 1788 2794 infinitam
1822 2739 1921 2810 Λόγου

217 2840 279 2877 eam
297 2822 412 2875 diuinae
427 2821 561 2875 essentiae
578 2822 770 2875 immensitate.
803 2821 943 2892 Respond.
962 2821 1055 2878 Omni·
1083 2818 1237 2876 ὑπόστασιν
1264 2827 1306 2876 est
1331 2829 1427 2876 evecta
1449 2830 1478 2877 et
1499 2822 1528 2876 in
1550 2822 1717 2879 multatione
1739 2825 1775 2880 ad
1796 2825 1919 2882 demam

91 2963 131 2990 ,n
166 2979 172 2990 ,
217 2907 375 2982 praesentia
393 2906 530 2978 accipitur
549 2906 708 2977 dupliciter:
739 2912 758 2960 1.
779 2908 955 2977 radicaliter,
974 2913 1056 2978 prout
1080 2906 1173 2962 Patris
1192 2906 1319 2963 coelestis
1335 2908 1479 2963 collocata.
1511 2908 1586 2980 Ergo
1605 2909 1641 2964 ad
1659 2908 1920 2982 omnipraesentium
1956 2896 1964 2911 ⁸

217 3000 374 3066 respectum
392 2993 478 3048 habet
496 2993 532 3048 ad
551 2993 641 3063 ipsum
658 2992 766 3050 DEUM
784 2995 905 3049 essentia
917 2995 1055 3049 infinitum
1080 2991 1183 3048 Christi
1200 2991 1319 3048 bominis
1341 3011 1396 3048 non
1413 2994 1562 3065 requiritur
1578 2995 1715 3052 humanae
1736 3007 1854 3056 amarae
1872 3001 1920 3055 im-

217 3086 246 3136 st
262 3080 434 3137 immensum.
458 3083 485 3134 2.
503 3079 626 3146 relative,
647 3086 731 3150 prout
746 3084 901 3151 respectum
918 3080 1004 3135 habet
1018 3081 1055 3135 ad
1082 3077 1213 3133 mansites
1238 3085 1265 3134 et
1290 3079 1419 3135 infinitas.
1454 3079 1483 3136 Si
1510 3080 1586 3135 dicas
1604 3098 1665 3138 esse
1680 3081 1733 3138 boc
1751 3081 1782 3138 sd
1803 3086 1835 3140 11
1850 3085 1921 3161 ἀρχῇ

216 3173 369 3237 creaturas,
398 3164 499 3238 quibus
527 3166 565 3220 ita
590 3183 720 3236 praesens
746 3172 788 3222 est
812 3165 924 3231 DEUS,
953 3174 984 3220 ut
1008 3182 1057 3222 eas
1081 3165 1242 3236 λαμβάνειν,
1262 3166 1443 3235 producenda
1460 3174 1541 3221 erunt
1558 3167 1651 3223 omnis
1667 3168 1830 3241 Scripturas
1846 3173 1920 3228 dicta

217 3259 361 3309 conservet
377 3259 405 3309 et
423 3253 568 3324 gubernet
604 3252 767 3308 Praesentia
783 3251 836 3306 Dei
855 3268 996 3324 nunquam
1014 3259 1056 3307 est
1081 3259 1110 3307 st
1134 3252 1272 3307 rationum
1299 3258 1449 3322 momenta,
1478 3252 1579 3325 quibus
1601 3252 1800 3313 CHRISTUM
1825 3274 1920 3314 11111-

216 3340 311 3404 otiosa,
331 3338 381 3394 sed
399 3344 431 3393 ut
443 3337 521 3394 Deus
539 3344 582 3394 est
598 3337 807 3393 efficacissimus
823 3343 910 3405 actus,
930 3338 970 3392 ita
988 3354 1056 3410 qno·
1082 3337 1148 3392 dum
1164 3345 1311 3409 utramque
1329 3345 1456 3393 naturam
1474 3340 1503 3393 in
1520 3340 1597 3394 coelo
1615 3356 1647 3395 ae
1658 3346 1734 3396 terra
1745 3348 1920 3414 praesentem

216 3441 271 3498 que
290 3425 377 3496 ipsius
396 3425 552 3495 praesentia
571 3442 680 3496 semper
696 3426 872 3495 conjunctam
890 3424 975 3479 habet
992 3441 1056 3496 ope·
1082 3424 1174 3479 omnia
1191 3423 1347 3495 gubernare
1367 3424 1601 3495 demonstramus,
1626 3432 1723 3497 utpote
1744 3433 1767 3482 1.
1783 3446 1804 3483 a
1823 3431 1920 3484 divisa

217 3511 351 3567 mtionsm
369 3511 517 3583 quandam.
551 3512 647 3566 Priore
665 3512 747 3566 modo
764 3511 995 3583 omnipraesentis
1015 3516 1057 3566 est
1077 3511 1273 3581 mammaeae,
1292 3510 1389 3565 Matth.
1411 3516 1451 3579 ts,
1467 3528 1492 3566 s.
1512 3517 1552 3567 10.
1572 3529 1594 3566 1.
1612 3517 1652 3581 18,
1670 3530 1695 3568 v.
1715 3519 1756 3569 211.
1782 3517 1808 3569 2.
1829 3533 1847 3569 1
1856 3533 1920 3587 pen

218 3595 329 3652 omnino
359 3613 444 3651 unum
473 3613 537 3651 eum
564 3598 675 3652 divinae
701 3598 838 3652 essentiae
864 3597 1056 3653 immensitate.
1081 3597 1770 3666 1111111111111111111111111111111111111,
1799 3601 1920 3675 asinaspi-

219 3683 295 3739 Deus
333 3682 407 3737 enim
444 3682 509 3738 iude
546 3689 630 3754 atque
668 3683 730 3739 ideo
770 3682 975 3754 omnipraesens
1014 3690 1056 3740 est
1082 3705 1132 3744 τως
1158 3687 1204 3737 sal
1231 3681 1402 3743 sitientium
1423 3698 1475 3738 nec
1498 3683 1621 3739 locorum
1643 3685 1812 3758 διαστήμασι
1831 3704 1865 3744 ao
1881 3689 1920 3743 iu-

218 3769 285 3841 quiu
306 3773 350 3823 est
367 3767 489 3822 infinitus
508 3775 536 3823 et
555 3768 716 3838 immensus,
744 3776 803 3824 tum
822 3768 970 3836 essentiae,
996 3775 1055 3823 tum
1081 3769 1305 3841 teroapedinibus
1325 3768 1395 3824 solvi
1418 3774 1517 3839 potest
1546 3772 1572 3823 3.
1596 3771 1632 3823 ab
1655 3771 1860 3828 inhabitatione
1883 3783 1922 3828 to·

217 3855 357 3929 potentiae
387 3861 521 3926 respectu.
567 3856 721 3911 Posteriora
749 3856 830 3912 modo
857 3855 893 3911 ab
920 3857 1056 3911 essentiae
1082 3857 1137 3911 tius
1175 3856 1361 3926 plenitudinis
1392 3859 1441 3909 τοῦ
1472 3855 1570 3926 Λόγου
1599 3857 1627 3910 in
1656 3864 1802 3928 assumpta
1830 3876 1921 3928 carne,

217 3941 402 3998 immensitate
427 3941 617 4015 distinguitur,
644 3959 678 3998 uc
702 3939 843 3998 efficacem
871 3942 963 4014 potius
989 3942 1056 3995 DEI
1083 3943 1236 3998 Colossens.
1250 3948 1307 4012 t,v.
1321 3949 1345 3999 1.
1366 3948 1390 3997 t.
1410 3959 1443 3997 nr
1460 3945 1640 3998 acherusiam
1657 3959 1805 4016 perquam
1817 3946 1921 4002 CHRI-

218 4029 354 4084 sotionem
372 4042 435 4083 cnm
453 4026 501 4081 illa
519 4028 676 4084 adessentia
692 4029 880 4099 conjunctam,
905 4043 988 4099 quam
1007 4027 1055 4082 ab·
1083 4028 1176 4085 STUS
1206 4036 1238 4084 ut
1265 4029 1346 4084 homo
1374 4031 1461 4084 coelis
1491 4030 1625 4083 excelsior·
1654 4032 1749 4091 fastra
1781 4031 1870 4088 Hebr.
1899 4040 1921 4101 1,

217 4115 338 4170 solutum
356 4114 410 4168 Dei
428 4113 593 4169 attributum
610 4118 697 4168 notat.
715 4113 804 4169 Omne
820 4113 986 4169 attributum
1001 4113 1055 4167 Dei
1083 4134 1106 4169 v.
1128 4120 1160 4170 16
1179 4123 1204 4168 et
1222 4132 1307 4185 snper
1325 4133 1418 4169 omnes
1436 4116 1527 4169 coelos
1543 4116 1691 4169 adscendit
1702 4115 1772 4188 Eph.
1794 4125 1817 4186 t,
1834 4134 1859 4173 v.
1878 4124 1921 4175 to:

218 4199 364 4258 cssmtiale
387 4204 429 4256 est
457 4205 479 4256 1.
506 4200 679 4269 absolutum,
706 4206 738 4254 ut
760 4200 822 4270 ipsa
841 4199 894 4254 Dei
918 4199 1055 4268 essentia3
1082 4217 1198 4272 eamque
1217 4208 1240 4257 5.
1259 4201 1383 4271 proxime
1399 4201 1428 4255 in
1446 4206 1541 4256 secuta
1559 4204 1600 4254 ad
1613 4203 1739 4256 dostram
1753 4204 1856 4258 Patris
1867 4221 1921 4260 sse

218 4296 241 4345 1.
260 4293 304 4344 est
320 4294 475 4358 aeternum3
501 4293 524 4343 3.
542 4304 592 4359 per
615 4288 685 4343 illud
705 4287 781 4342 Deus
804 4286 857 4342 sibi
875 4292 917 4342 ess
934 4285 962 4340 id
981 4287 1055 4358 quod
1082 4289 1166 4356 nens,
1186 4303 1257 4358 quae
1271 4287 1368 4341 dextra
1384 4287 1439 4343 Dei
1456 4304 1519 4341 eum
1537 4287 1574 4342 sit
1585 4287 1688 4360 ubique
1701 4304 1835 4358 praesens
1846 4289 1921 4346 nullo

220 4380 278 4443 en
298 4381 323 4430 4.
342 4379 384 4430 est
402 4373 575 4430 immutabile
593 4389 649 4429 non
666 4374 771 4429 habens
788 4372 899 4443 gradus.
928 4372 982 4429 Sed
1000 4388 1056 4428 om·
1083 4375 1143 4430 loeo
1162 4373 1299 4436 conclusa,
1320 4372 1388 4427 nulli
1412 4373 1532 4442 inclusa,
1552 4390 1569 4428 a
1588 4372 1663 4428 nullo
1682 4375 1808 4446 exclusa,
1826 4377 1920 4450 utique

219 4460 389 4530 nipraesntia
411 4467 532 4516 nonest
559 4458 616 4516 talc
634 4460 780 4516 essentiale
797 4459 864 4512 DEI
884 4457 1056 4514 attributum.
1082 4459 1165 4515 etiam
1188 4457 1314 4514 Christus
1345 4459 1382 4513 ad
1410 4474 1470 4513 eam
1496 4466 1607 4515 evectus
1631 4460 1683 4514 erit
1706 4461 1920 4538 omnipraesens.

222 4553 244 4603 1.
263 4546 329 4619 quia
353 4564 410 4602 non
434 4551 476 4602 est
494 4546 620 4601 absolute
639 4546 701 4616 ipss
721 4545 773 4601 Dei
793 4545 921 4614 essentis,
940 4545 989 4599 ssd
1008 4563 1057 4616 po-
1084 4550 1108 4599 1.
1128 4561 1160 4599 ea
1178 4546 1357 4602 invocatione.
1397 4545 1491 4614 Prope
1514 4554 1553 4598 est
1572 4546 1711 4599 llominns
1731 4548 1921 4604 transennam

220 4632 275 4688 tius
299 4633 490 4704 potentissima
512 4632 600 4701 actio,
625 4648 681 4704 qua
703 4631 804 4688 DEUS
830 4630 957 4687 omnibus
982 4648 1057 4688 crea·
1083 4650 1143 4687 essm
1156 4635 1201 4685 Ps.
1214 4636 1304 4694 1111,
1322 4637 1360 4686 15.
1370 4633 1506 4702 jamvero
1516 4631 1642 4686 Christus
1654 4632 1809 4688 secundum
1821 4641 1920 4691 utram·

220 4719 288 4774 turis
311 4735 443 4790 praesens
465 4719 656 4789 potentissime
682 4733 729 4773 ess
750 4723 895 4772 conservat
912 4725 940 4774 et
956 4717 1061 4789 gubers
1083 4734 1136 4791 que
1160 4722 1288 4771 naturam
1316 4732 1333 4770 a
1356 4714 1436 4770 nobis
1462 4722 1505 4771 est
1528 4717 1700 4771 invocandus
1719 4724 1748 4773 et
1766 4719 1921 4791 glorificau-

220 4813 284 4876 nat3
306 4812 328 4862 2.
345 4824 401 4861 non
420 4804 553 4875 competit
569 4804 648 4860 DEO
664 4804 700 4859 ab
721 4811 841 4871 aeterno,
862 4804 928 4876 quia
945 4803 1058 4875 respicit
1084 4807 1135 4860 dus
1162 4809 1184 4859 7.
1207 4821 1239 4857 en
1261 4803 1383 4857 omnissm
1408 4804 1576 4871 naebJ‘setions
1594 4802 1703 4857 Christo
1720 4803 1799 4860 tacta
1820 4804 1920 4862 1011.

219 4899 359 4948 creaturas
383 4892 412 4946 in
436 4896 560 4961 tempore
577 4890 742 4961 productam
770 4895 793 4942 3.
813 4907 863 4960 por
880 4906 942 4944 eam
956 4887 1057 4944 DEUS
1086 4896 1124 4960 ts,
1142 4908 1168 4944 v.
1187 4895 1227 4945 11.
1246 4887 1317 4957 Eph.
1338 4893 1360 4951 t,
1379 4904 1405 4942 v.
1426 4893 1467 4944 21.
1488 4887 1574 4944 Hebr.
1596 4894 1620 4956 2,
1639 4906 1664 4941 v.
1684 4895 1715 4950 8;
1737 4890 1837 4963 utique
1856 4908 1920 4963 argo

219 4995 274 5034 uon
309 4985 351 5034 111
387 4978 417 5034 id
459 4977 533 5048 quod
573 4984 627 5046 est,
662 4976 728 5049 quia
762 4976 860 5031 relatio
897 4975 961 5045 illa,
1001 4992 1057 5047 qua
1083 4982 1111 5031 et
1129 4976 1221 5031 omnia
1238 4976 1300 5031 loca
1317 4973 1371 5046 ipsi
1388 4975 1522 5045 subjecta,
1540 4980 1563 5028 1.
1580 4991 1612 5028 sn
1625 4976 1748 5029 omnium
1761 4977 1921 5046 impletione

218 5065 295 5121 Deus
321 5065 423 5120 dicitnr
453 5065 671 5136 omnipraesens‚
707 5062 735 5116 id
764 5069 818 5126 est,
856 5061 985 5115 omnibus
1014 5076 1056 5116 re·
1083 5061 1290 5118 adscensionem
1308 5067 1336 5116 et
1353 5061 1502 5117 sessionem
1520 5061 1555 5115 nd
1577 5061 1703 5116 dextram
1721 5061 1776 5118 Dei
1796 5063 1921 5120 11111111

219 5152 272 5208 bur
304 5171 453 5225 praesens,
489 5170 544 5208 non
573 5152 664 5206 minus
695 5165 779 5221 quam
807 5147 869 5219 ipsa
898 5148 1001 5204 crestio
1027 5147 1057 5202 in
1082 5146 1154 5218 Eph.
1175 5154 1198 5212 4,
1219 5166 1244 5202 v.
1266 5154 1303 5202 10.
1331 5151 1354 5200 9.
1373 5165 1405 5200 sn
1423 5149 1620 5202 dominatione.
1647 5146 1774 5202 Christus
1796 5154 1828 5205 nt
1845 5150 1920 5206 Dens

220 5246 342 5309 tempore
362 5239 468 5312 coepit,
496 5243 645 5309 antequam
668 5237 742 5292 enim
764 5252 809 5290 res
829 5239 938 5290 creatae
955 5234 1056 5306 produ·
1082 5233 1208 5288 ethome
1232 5233 1391 5289 dominatur
1415 5233 1542 5289 omnibus
1561 5234 1709 5302 creaturis,
1735 5252 1793 5290 non
1814 5235 1921 5303 absens,

220 5329 355 5389 serentur,
369 5343 424 5382 non
437 5325 529 5397 potnit
540 5323 641 5381 DEUS
653 5323 708 5380 dici
722 5321 942 5394 omnipraesens3
964 5327 988 5378 t.
1000 5337 1056 5376 non
1082 5320 1149 5391 quia
1164 5336 1248 5374 unum
1267 5327 1309 5376 111
1329 5320 1489 5386 dominium,
1508 5338 1563 5392 quo
1582 5327 1614 5375 ut
1632 5318 1709 5375 Deus
1728 5325 1756 5375 st
1773 5320 1857 5378 bomo
1875 5322 1922 5376 do·

220 5415 263 5468 est
280 5426 312 5466 co
335 5412 419 5487 modo
440 5410 587 5467 immobilis
610 5426 643 5465 ae
668 5408 846 5465 immutabilis
869 5407 942 5462 sieut
965 5406 1209 5525 essen-,minatur
1245 5407 1310 5462 dam
1328 5424 1394 5462 vero
1411 5406 1563 5461 secundum
1582 5405 1704 5460 divinam
1720 5411 1852 5462 naturam
1869 5424 1922 5464 nou

220 5497 277 5557 tiss
294 5495 404 5554 divium
421 5497 603 5564 immensitas,
629 5495 657 5549 id
676 5501 732 5564 est,
755 5495 818 5566 ipsa
834 5493 969 5549 immensa
988 5492 1056 5548 Diti
1068 5530 1070 5542 .
1083 5491 1183 5549 absens
1201 5493 1250 5548 ssd
1269 5508 1399 5563 praesens
1422 5492 1587 5549 dominatur.
1616 5497 1658 5546 10.
1680 5509 1712 5546 sa
1727 5496 1924 5564 proportione
