3984 6022
204 285 244 349 52
908 277 1033 339 Locus
1050 277 1194 340 PRIMUS

195 455 260 494 nem
285 443 317 492 ut
343 434 471 506 principii
494 434 640 508 cujusdam
667 453 700 491 er
724 434 803 491 libris
821 434 961 490 canonicis
981 434 1221 537 1191191νί99τί9
1238 435 1410 505 (1999911991,
1428 435 1565 505 quiajam
1584 435 1661 490 191991
1678 435 1749 490 inter
1761 434 1830 490 atas
1843 435 1891 490 ds·

197 523 288 577 sumti.
330 523 372 576 Ex
405 522 481 576 nuda
515 521 681 593 allegatione
715 531 824 592 patrum
853 538 908 576 non
937 521 1249 592 potest2popnlationes
1266 520 1487 590 mulionesque
1498 522 1624 591 19911999,
1641 521 1780 575 interitio
1791 520 1891 590 templi

196 609 330 665 canonica
355 609 474 678 alicujus
501 608 564 663 libri
588 609 739 663 auctoritas
757 607 950 674 demonstrari,
975 568 1090 662 nisiim
1115 606 1196 660 sosias
1219 606 1296 658 991119
1321 606 1452 660 incendia
1472 607 1618 675 9991191999
1636 609 1770 661 miretur?
1810 605 1890 662 iden

195 695 335 768 probetur,
353 695 427 766 quod
445 695 581 766 allegatus
599 693 683 750 fuerit
700 703 731 750 ut
748 695 905 763 canonicus,
924 710 958 748 99
975 650 1156 762 nisiirepetit
1174 691 1267 747 homil.
1286 698 1309 747 1.
1327 691 1357 745 19
1375 690 1492 762 priorem
1512 691 1549 746 ad
1566 690 1730 748 Corinthios
1767 690 1903 748 Dassa

196 781 289 837 omnia
311 785 339 836 et
359 779 471 852 singula
492 780 618 835 canonici
645 780 709 835 libri
733 780 867 851 requisita
885 779 939 850 ipsi
956 796 1028 833 com·
1040 722 1044 841 i
1056 778 1098 831 dit
1117 776 1146 832 in
1164 777 1240 832 illam
1257 776 1414 848 opinionem
1435 795 1468 834 ex
1492 794 1537 848 eo,
1566 778 1640 850 quod
1657 779 1745 834 verba
1761 778 1812 833 illa
1830 779 1891 833 Ne·

196 874 299 938 petant.
333 867 468 938 Allegant
486 873 579 937 patres
601 867 685 922 etiam
710 867 822 922 tertium
847 873 875 922 et
899 858 1028 938 quintum
1054 881 1171 917 surenas
1188 865 1343 927 vocabitur,
1363 864 1436 919 item
1469 865 1515 918 Ea
1539 866 1665 935 Aepypto
1685 866 1784 919 ooaaoi
1795 864 1892 934 filiam

194 953 314 1021 Esdrae,
342 953 465 1024 allegant
494 953 594 1008 librum
615 953 738 1009 Pastoris
766 959 817 1009 etc.
842 969 911 1024 quos
937 960 1029 1007 19999
1056 966 1156 1019 meum,
1181 966 1237 1004 non
1256 949 1391 1005 inveniret
1407 949 1436 1004 in
1457 950 1540 1005 LXX
1565 952 1696 1023 interpp,
1716 967 1779 1006 cum
1796 958 1891 1007 199911

195 1039 341 1094 monicae
371 1055 427 1093 non
457 1055 531 1108 esse,
564 1039 675 1111 ipsimet
696 1039 835 1095 Pontificii
866 1045 1027 1111 agnoscunt
1056 1043 1162 1091 entant
1184 1035 1212 1090 in
1236 1035 1374 1093 Hebraeo.
1414 1042 1438 1092 2.
1465 1036 1584 1102 Quidam
1609 1037 1638 1092 id
1663 1038 1754 1108 ipsum
1777 1037 1891 1092 demon·

196 1133 221 1182 2.
241 1126 349 1182 Nomen
366 1123 525 1197 Scripturas
551 1142 645 1181 sacrae
667 1133 696 1182 et
719 1127 828 1181 divinae
846 1126 890 1182 vel
913 1125 1029 1179 sumitur
1055 1129 1141 1177 strare
1167 1128 1301 1177 conantur
1326 1139 1359 1178 er
1381 1123 1586 1179 enumeratione
1603 1123 1750 1193 librorum,
1772 1139 1892 1194 quorum

192 1213 310 1283 proprie
334 1220 359 1265 et
382 1213 508 1282 specifice
526 1229 576 1283 pro
593 1211 671 1267 libris
687 1212 837 1280 canonicis,
861 1212 1029 1280 9911911199-
1056 1209 1084 1263 in
1104 1207 1253 1279 scripturis
1270 1206 1302 1262 lit
1324 1208 1441 1279 mentio,
1467 1227 1530 1264 cum
1549 1218 1642 1266 tamen
1659 1210 1741 1266 hodie
1760 1209 1892 1280 nuspiam

190 1300 258 1369 pris
276 1306 300 1351 st
319 1298 376 1352 late
393 1315 443 1368 pro
461 1297 586 1369 quolibet
603 1297 683 1366 libro,
701 1299 749 1369 qui
768 1299 798 1352 in
816 1298 911 1353 codice
924 1294 1029 1352 biblico
1055 1300 1170 1350 exstent
1196 1295 1353 1359 Perierunt,
1372 1295 1509 1368 inquiunt,
1528 1298 1597 1351 liber
1615 1296 1749 1351 19119999
1762 1296 1893 1366 Domini,

196 1383 361 1450 continetur,
385 1392 413 1438 et
438 1383 467 1438 in
489 1384 607 1439 ecclesia
628 1385 665 1438 ad
684 1400 790 1438 morum
810 1382 1028 1439 aedificationem
1056 1381 1197 1436 11911921.
1226 1398 1250 1434 1.
1272 1388 1310 1438 11.
1334 1380 1490 1452 (Hebraeus
1514 1388 1604 1439 textus
1626 1383 1666 1436 sic
1682 1381 1780 1438 babet:
1816 1381 1892 1436 Pro'-

195 1468 304 1542 legitur.
340 1467 457 1533 Quando
485 1476 579 1540 patres
607 1469 690 1526 libros
715 1475 904 1526 controversas
928 1474 1030 1524 999991
1052 1475 1150 1535 pterea
1168 1468 1277 1521 91199199
1294 1468 1324 1521 s'n
1341 1472 1597 1524 commemoratione
1615 1470 1750 1524 1911999119
1761 1468 1892 1524 Domini.

196 1570 288 1610 sacras
311 1561 340 1611 et
366 1555 473 1610 divinas
497 1556 661 1627 scripturas,
696 1562 811 1611 utuntur
835 1555 888 1610 hac
906 1554 1028 1627 appella·
1056 1551 1264 1608 Graecaversio
1281 1553 1351 1625 legit
1366 1572 1430 1610 cum
1447 1555 1890 1626 (1191199119999819919999111999

194 1641 270 1698 tione
293 1641 322 1696 in
347 1658 430 1697 sensu
451 1641 547 1696 latime
566 1649 594 1697 91
609 1642 768 1714 improprio.
801 1642 912 1698 Vocant
934 1657 1028 1695 sacros
1056 1647 1095 1693 est
1119 1639 1150 1693 s'n
1169 1640 1251 1694 libro.
1290 1641 1403 1695 Bellum
1421 1643 1497 1712 qaod
1516 1650 1622 1709 pastam
1639 1650 1678 1695 est
1694 1641 1771 1710 stc).
1805 1641 1894 1700 Liber

194 1726 293 1794 libros,
319 1743 375 1782 uon
394 1728 469 1799 quod
487 1728 626 1783 amatricis
644 1743 690 1784 eos
710 1727 821 1783 omnino
840 1727 1029 1800 aequiparent,
1049 1726 1200 1794 justorum.
1235 1725 1293 1782 Jos.
1315 1733 1353 1782 11).
1372 1745 1398 1781 9.
1421 1733 1460 1784 13.
1484 1728 1532 1793 (de
1551 1745 1605 1799 quo
1624 1726 1742 1781 diximsu
1760 1726 1891 1798 superius

195 1813 244 1868 sed
266 1821 324 1868 tum
346 1814 453 1870 ratione
468 1814 600 1887 temporis
618 1823 647 1869 et
665 1814 808 1870 9991191999
829 1830 875 1883 ea,
900 1813 965 1886 qnia
984 1831 1028 1869 co·
1056 1807 1083 1886 §.
1106 1813 1155 1879 16.)
1174 1813 1247 1866 bono
1261 1831 1333 1882 pars
1349 1813 1556 1882 parabolarum
1573 1820 1600 1867 et
1616 1813 1791 1867 cantatorum
1805 1811 1891 1867 Sala-
1913 1802 1922 1817 '

196 1897 286 1953 dicem
308 1898 443 1954 biblicum
467 1916 486 1954 a
509 1899 624 1956 iudaeis
641 1899 803 1955 Hellenietis
818 1907 930 1956 auctum
951 1915 1029 1954 acce·
1056 1899 1152 1952 919919.
1178 1897 1433 1970 1119911131.
1458 1900 1527 1954 libri
1544 1899 1699 1969 propbetas
1722 1897 1841 1954 Nathan
1865 1904 1892 1953 91

195 1993 310 2056 parunt,
335 1992 395 2040 tum
417 1987 524 2041 ratione
543 1987 713 2059 argumenti,
740 1986 815 2057 quod
834 1992 876 2041 est
894 1985 928 2040 de
947 1986 1030 2041 rebus
1059 1982 1134 2038 Gad.
1156 1983 1326 2040 1.Ρ919129.
1345 2002 1370 2038 v.
1384 1991 1425 2041 29.
1450 1985 1558 2039 Aeliae
1570 1993 1596 2038 91
1607 1985 1712 2039 Jeddo.
1732 1990 1755 2040 2.
1765 1981 1858 2039 Parui
1866 1989 1892 2041 9.

195 2070 293 2138 sacris,
311 2077 371 2126 199
388 2072 494 2127 ratione
514 2090 596 2141 usus,
619 2073 685 2145 quia
702 2073 829 2142 exempla
845 2073 979 2127 virtutum
996 2089 1029 2128 ex
1055 2087 1082 2126 9,
1101 2077 1141 2127 29.
1171 2069 1301 2125 Semas'ae
1325 2079 1351 2125 st
1365 2072 1450 2125 Idas.
1485 2076 1510 2127 2.
1528 2071 1620 2125 Ρ9191
1640 2077 1678 2126 12.
1699 2086 1725 2123 9.
1748 2076 1788 2126 15.
1806 2070 1891 2128 Jsta.

195 2155 250 2210 illis
270 2172 369 2227 capere
390 2158 463 2213 licet.
495 2158 541 2215 Sic
558 2159 669 2215 tertium
689 2164 720 2212 91
739 2159 1029 2231 etqaartumlibrum
1056 2156 1356 2213 apamienam
1388 2157 1488 2211 Hosas'.
1512 2162 1535 2212 2.
1552 2156 1643 2212 Ρ9191.
1663 2161 1704 2211 33.
1728 2173 1755 2213 9.
1775 2162 1815 2212 19.
1833 2161 1888 2212 919.

194 2241 301 2298 Esdrae
318 2250 418 2298 vocant
434 2261 532 2297 sacros
550 2252 575 2298 91
591 2245 717 2312 divinos,
737 2261 807 2315 quos
824 2251 918 2300 tamen
936 2243 1030 2298 Ponti·
1056 2248 1080 2300 3.
1099 2241 1240 2298 Pontificii
1257 2259 1292 2298 ex
1309 2259 1343 2298 eo
1362 2242 1597 2314 imperfectionem
1611 2241 1771 2312 Scriptum
1788 2258 1893 2298 999911·

195 2327 252 2382 licii
278 2344 296 2383 a
320 2344 424 2385 censue
452 2329 611 2385 excludunt.
646 2331 704 2387 Nec
730 2337 824 2401 potest
846 2330 1029 2385 Bellarminus
1056 2336 1100 2383 tur
1118 2328 1243 2401 probare,
1264 2328 1340 2401 quod
1356 2329 1464 2399 aliquot
1481 2328 1552 2396 libri,
1570 2328 1619 2400 qui
1634 2328 1671 2383 ad
1685 2344 1818 2385 99999991
1829 2344 1891 2399 pc·

195 2414 267 2468 hanc
288 2414 491 2470 distinctionem
510 2415 671 2486 repudiare,
700 2433 763 2471 cum
787 2416 835 2474 lib.
855 2422 878 2472 2.
900 2416 934 2472 de
953 2433 1029 2472 conc.
1055 2413 1195 2484 tinuerint,
1218 2413 1273 2469 sint
1290 2413 1391 2484 amissi,
1410 2431 1443 2469 ac
1461 2414 1576 2486 proinde
1593 2431 1683 2469 canon
1700 2431 1757 2470 999
1770 2413 1891 2486 amplius

195 2517 218 2555 9.
241 2506 281 2557 12.
299 2496 328 2576 ξ.
349 2501 412 2555 dico
429 2501 564 2571 secundo,
589 2519 622 2557 ex
645 2502 742 2558 eodem
765 2503 901 2573 principio
920 2501 1029 2559 Gratia·
1056 2500 1092 2556 911
1114 2501 1229 2573 integer.
1255 2499 1439 2557 Bellarminue
1463 2500 1556 2556 11119.
1580 2501 1615 2556 de
1636 2500 1712 2557 verb.
1734 2499 1789 2555 Dei
1813 2516 1839 2557 9.
1865 2505 1890 2556 l.

194 2602 262 2642 999
279 2593 397 2656 excuset,
415 2588 490 2660 quod
507 2586 668 2658 pontificum
690 2588 841 2644 decretales
855 2587 955 2643 dixerit
969 2603 1029 2642 esse
1056 2588 1145 2642 araas·
1164 2589 1233 2641 libri
1256 2605 1319 2642 aare
1341 2588 1422 2642 sassi
1437 2594 1463 2642 91
1479 2586 1610 2641 cananaei
1622 2587 1775 2656 perierunt.
1811 2587 1892 2656 Its-po
1932 2583 1935 2587 ’

195 2688 286 2727 sacras
304 2678 332 2727 et
351 2673 505 2728 canonicae.
541 2672 1028 2744 911919111199199999199199999,
1056 2691 1112 2728 non
1137 2674 1268 2728 babemus
1293 2691 1342 2728 aso
1370 2674 1516 2728 babuimus
1540 2692 1559 2727 a
1586 2673 1664 2726 mille
1686 2680 1711 2725 91
1733 2673 1891 2742 qainpests's

195 2774 229 2812 ex
248 2775 305 2830 qua
322 2757 441 2827 19911191,
464 2764 497 2813 ut
520 2759 634 2830 quidam
652 2766 744 2830 patres
760 2761 922 2830 praesertin
939 2760 968 2813 in
986 2775 1028 2814 99·
1056 2761 1139 2814 annis
1164 2761 1343 2830 sufficientem
1370 2761 1542 2829 doctrinam,
1574 2761 1602 2812 si
1626 2767 1684 2813 1919
1709 2759 1765 2812 ss‘sa
1792 2766 1834 2813 991
1860 2758 1889 2813 iss

196 2843 282 2898 919919
306 2843 471 2899 occidentali
494 2852 682 2900 9991999999
709 2845 771 2900 illos
797 2844 882 2901 librae
905 2844 1030 2900 amarint
1058 2846 1219 2916 Scripturas.
1254 2846 1356 2902 Beeau
1375 2845 1405 2901 in
1428 2845 1477 2901 lib.
1499 2845 1534 2901 de
1549 2845 1636 2916 judic
1655 2850 1822 2900 controvers.
1840 2861 1889 2902 uo·

194 2945 300 2998 sacrae,
321 2929 428 2985 divinos
448 2938 476 2985 et
493 2929 655 2998 canonicos,
679 2932 857 3002 usqueadeo
875 2936 971 2986 exacte
989 2928 1029 2983 di·
1056 2932 1198 2988 vendecim
1215 2932 1299 2989 librae
1319 2939 1470 3002 enumerat,
1488 2931 1538 3003 qui
1554 2931 1611 2987 sint
1625 2946 1659 2985 ex
1670 2946 1775 2986 999999
1787 2929 1890 3002 amirei,

194 3016 311 3071 scrimen
338 3015 471 3071 librorum
496 3015 660 3085 bibliorum,
688 3033 743 3088 quo
769 3017 798 3071 in
825 3017 973 3074 canonicos
1002 3022 1030 3072 et
1056 3026 1087 3073 ut
1104 3018 1337 3091 imperfectionem
1357 3018 1515 3090 scripturae
1533 3018 1700 3074 statuminet

194 3102 366 3174 apocryphos
385 3108 574 3171 secernuntur,
594 3103 773 3158 observarint
810 3102 920 3160 Graeca
939 3103 1028 3159 991919
1093 3112 1148 3161 199.
1174 3104 1293 3170 Quidam
1307 3103 1626 3162 conceduntPontiliciis
1640 3103 1888 3173 antecedsnaesse

193 3188 276 3244 LXX
306 3189 487 3260 interpretum
513 3194 573 3245 erat
593 3189 660 3260 ipsis
678 3187 764 3245 ferme
783 3188 955 3258 authentica,
973 3188 1029 3244 He·
1056 3191 1163 3248 scilicet
1187 3192 1272 3248 libros
1297 3191 1432 3265 quosdam
1457 3191 1604 3247 999991999
1624 3190 1752 3260 amissos,
1774 3189 1825 3246 9911
1842 3205 1889 3246 ne·

192 3274 294 3331 bracus
317 3281 409 3331 textus
433 3275 573 3347 plerisque
597 3276 724 3347 ignotus,
749 3293 812 3331 cum
835 3293 902 3348 ergo
922 3281 1029 3330 contro·
1056 3284 1124 3351 gant
1141 3296 1175 3334 ex
1193 3295 1225 3334 eo
1244 3278 1323 3350 sequi
1340 3278 1452 3334 canonis
1469 3277 1711 3349 imperfectionem.
1740 3283 1763 3333 1.
1783 3275 1889 3332 Distin-

193 3363 264 3418 99991
292 3361 321 3417 hi
346 3362 412 3417 libri
436 3362 550 3434 reliquie
582 3363 722 3418 canonicis
747 3362 776 3416 in
798 3363 923 3419 99191999
946 3360 1030 3416 LXX
1056 3369 1147 3437 gaunt
1169 3363 1243 3420 enim
1267 3365 1339 3420 inter
1359 3366 1561 3436 persmtionem
1586 3365 1701 3418 99919999
1727 3363 1889 3433 maneat

193 3447 311 3519 interpp.
341 3449 591 3518 conjungerentur,
619 3448 783 3517 judicarunt
814 3466 861 3504 eoa
887 3465 948 3504 esse
974 3464 1029 3502 uon
1056 3470 1133 3520 vam,
1151 3467 1223 3523 quae
1242 3450 1271 3506 in
1289 3468 1402 3507 numero
1422 3450 1554 3507 librorum
1572 3450 1712 3519 consistit,
1730 3456 1759 3506 91
1778 3450 1890 3520 objecti·

193 3532 283 3588 minus
307 3533 454 3588 amoniaca
480 3549 563 3605 quam
582 3533 717 3606 reliquos,
740 3534 805 3590 inde
823 3535 943 3603 199199,
966 3551 1029 3589 999
1055 3556 1133 3608 eam,
1158 3554 1230 3609 quae
1254 3535 1283 3593 in
1309 3538 1490 3608 explicatione
1513 3555 1605 3593 rerum
1622 3537 1658 3592 ad
1678 3537 1796 3593 9919199
1815 3537 1890 3594 991111
1911 3547 1935 3589 11

192 3619 379 3690 Hieronymus
398 3618 486 3674 biblia
503 3636 536 3675 ex
548 3618 678 3675 Hebraeo
695 3626 823 3690 verteret,
840 3622 915 3693 quod
935 3621 1029 3676 distin·
1055 3625 1271 3680 necessariarum
1289 3631 1419 3680 99999191.
1454 3624 1573 3695 Propter
1589 3623 1674 3679 libros
1691 3623 1825 3695 quosdam
1841 3638 1889 3680 ca·

194 3705 248 3760 ctio
273 3705 467 3760 canonicorum
491 3710 520 3761 et
535 3706 758 3777 apocryphorum
776 3707 805 3761 in
822 3707 912 3762 lucem
930 3708 1030 3762 iterum
1055 3710 1167 3766 uonicoe
1185 3711 1300 3767 amissos
1318 3711 1474 3766 concedunt
1487 3727 1619 3766 canonem
1631 3727 1687 3765 non
1698 3709 1817 3780 amplius
1830 3722 1890 3767 9999

194 3790 310 3847 emersit.
344 3790 464 3847 Accedit
489 3792 563 3862 quod
587 3791 616 3846 19
638 3791 755 3848 ecclesia
783 3793 948 3848 occidentali
966 3792 1029 3849 libri
1055 3796 1209 3867 perfectum
1234 3798 1429 3869 quantitative,
1457 3796 1507 3852 sed
1534 3802 1628 3852 19999
1652 3795 1807 3867 perlectum
1830 3813 1891 3855 9999

193 3876 234 3931 illi
251 3877 363 3949 publice
379 3876 483 3933 fuerint
499 3879 647 3950 praelecti,
673 3879 748 3936 unde
765 3879 860 3951 aliqua
879 3880 1029 3935 auctoritas
1055 3884 1195 3952 objectiva,
1215 3901 1270 3955 quo
1287 3882 1382 3938 referri
1401 3888 1517 3954 possunt
1534 3882 1611 3937 dicta
1626 3882 1736 3953 piorum
1755 3889 1890 3954 99199919,

193 3963 261 4034 ipsis
279 3964 433 4033 conciliata,
452 3965 501 4020 sed
520 3964 548 4018 in
569 3966 695 4022 orientali
714 3965 832 4022 ecclesia
848 3983 904 4021 non
916 3966 1030 4023 fuerunt
1055 3969 1156 4040 quibas
1174 3968 1341 4040 paucitatem
1360 3969 1493 4025 librorum
1516 3968 1709 4025 canonicorum
1728 3968 1889 4026 auctoritati

191 4049 332 4121 praelecti.
1055 4062 1083 4110 91
1101 4054 1265 4126 perfectioni
1287 4072 1381 4111 eorum
1404 4054 1473 4110 nihil
1494 4055 1643 4127 quicquam
1660 4054 1794 4128 derogare
1814 4071 1888 4113 9999·

229 4142 285 4193 1118,
304 4136 463 4209 Antequam
481 4137 517 4192 ad
534 4137 683 4209 specialem
703 4138 875 4211 singulorum
895 4138 1029 4195 librorum
1054 4149 1126 4198 runt.
1144 4141 1189 4197 De
1206 4157 1311 4197 canone
1322 4141 1356 4199 V.
1374 4141 1407 4196 T.
1420 4141 1595 4213 Augustinus
1605 4141 1654 4197 lib.
1669 4146 1708 4200 te.
1720 4141 1755 4197 de
1767 4139 1821 4197 919.
1835 4141 1889 4198 nst

191 4222 357 4279 bibIIcorum
385 4231 442 4278 tam
467 4223 675 4293 canonicorum,
701 4242 785 4295 quam
803 4225 1027 4297 apocryphorum
1054 4234 1140 4286 911,
1165 4227 1205 4282 919
1224 4227 1349 4283 dbserit:
1377 4229 1441 4297 Ipsi
1463 4245 1530 4282 rans
1545 4228 1637 4298 pauci
1651 4243 1709 4281 9999
1728 4228 1889 4301 debeam

192 4309 440 4366 considerationem
459 4310 673 4380 descendamus,
693 4311 874 4384 explicandae
893 4318 960 4367 sunt
976 4313 1028 4368 boc
1055 4333 1089 4368 ne
1103 4314 1279 4368 mulntuds‘ae
1291 4314 1441 4383 9119999999,
1461 4315 1539 4384 qnod
1555 4314 1663 4368 claram
1680 4314 1889 4383 reiipionessss

68 4398 128 4491 351¹·
137 4399 179 4490 ⁸thu
192 4396 254 4452 loco
278 4397 416 4468 quaedam
439 4397 619 4468 quaestiones.
662 4398 811 4463 Quaeritur
836 4405 857 4455 1.
892 4400 940 4453 Aa
962 4401 1031 4454 libri
1055 4408 1208 4472 oporteret,
1231 4418 1281 4454 nes
1304 4407 1396 4454 tamen
1419 4400 1461 4453 ita
1479 4401 1582 4469 pauci,
1605 4407 1636 4453 ut
1660 4417 1755 4454 soram
1777 4419 1836 4456 non
1852 4402 1889 4457 sit

67 4503 179 4552 osismo-
192 4483 285 4552 aliqas'
308 4484 438 4536 canonici
457 4484 617 4553 perierint!
642 4483 793 4540 Affirmant
815 4491 835 4540 1.
861 4485 974 4556 quidam
995 4504 1028 4542 ex
1055 4484 1888 4544 9199999999999919.Β9999999Ν.Τ.9ἰ999111111.199119199

66 4555 166 4648 lm}
192 4569 325 4639 patribus.
361 4568 572 4641 Chrysoetomus
596 4569 689 4625 homil.
712 4578 736 4627 9.
760 4570 790 4625 19
813 4570 913 4628 1191111.
941 4590 968 4642 p.
988 4578 1028 4630 85.
1054 4569 1889 4647 Αρ.2.11190111191.11.11βραχεῖςκαὶσύντομοιπαραὖῐοῦ

54 4671 120 4716 rm
129 4671 179 4723 [91]
193 4654 290 4710 Multa
308 4672 340 4708 99
358 4655 531 4724 propheticis
549 4656 662 4725 periere
678 4658 873 4727 monumentis,
900 4659 978 4727 quod
994 4660 1029 4712 de
1054 4659 1202 4733 (Χριστοῦ)
1221 4656 1299 4726 λόγοι
1316 4654 1473 4726 γεγόνασιν,
1491 4655 1591 4731 οὐγὰρ
1607 4662 1742 4730 σοφιστὴς
1756 4657 1888 4730 intimet,

191 4741 310 4795 historia
330 4741 571 4811 Paralipomenon
590 4743 715 4811 probare
728 4743 863 4812 possibile
887 4751 934 4797 est.
971 4747 1028 4799 De·
1055 4743 1123 4799 oillei
1147 4743 1265 4817 δυνάμει
1289 4747 1357 4797 θεοῦ
1383 4740 1399 4797 ὁ
1425 4741 1507 4812 λόγος
1533 4741 1619 4798 nisos)
1644 4740 1686 4812 ἦν.
1724 4751 1749 4800 2.
1767 4745 1828 4800 Alii
1846 4763 1889 4802 19·

190 4829 266 4882 sides
289 4827 361 4881 enim
388 4846 448 4881 essm
472 4835 559 4882 essent
580 4827 704 4897 ludaei,
731 4846 780 4883 nes
806 4830 916 4884 desides
935 4833 1027 4901 modo,
1053 4831 1197 4902 spondent,
1217 4829 1308 4885 Deum
1321 4827 1478 4901 Scripturae
1497 4837 1638 4887 auctorem
1655 4832 1771 4888 liberam
1783 4833 1888 4891 babere

190 4914 242 4966 ssd
261 4921 286 4968 91
309 4913 405 4982 impii,
432 4913 494 4967 alia
517 4914 628 4984 quidem
642 4915 832 4983 perdiderant
849 4917 1027 4987 neqlipenter,
1052 4922 1216 4988 potestatem
1238 4914 1350 4970 canonis
1374 4915 1417 4971 vel
1443 4917 1564 4989 augendi
1587 4918 1632 4974 991
1654 4919 1811 4990 minuendi,
1838 4920 1888 4993 qui

190 4999 252 5052 alia
265 5017 331 5054 sero
349 5008 405 5053 tum
424 5000 611 5068 incenderant,
631 5009 688 5053 mm
705 5001 894 5057 conciderant.
932 5005 971 5057 Et
992 5005 1027 5057 ds
1049 5005 1188 5074 jacturam
1210 5001 1357 5057 amissione
1382 5002 1514 5058 librorum
1539 5005 1711 5076 quorundam
1729 5005 1764 5062 V.
1783 5005 1817 5064 Τ.
1841 5021 1889 5063 ca·

186 5086 364 5153 profanitate
389 5086 500 5154 quidem
525 5086 580 5139 tali
597 5088 686 5153 refert
705 5086 861 5155 Jsremias,
887 5090 922 5141 de
940 5088 1026 5158 aepli-
1051 5089 1212 5144 nonicorum
1231 5088 1419 5145 additamento
1436 5089 1570 5145 librorum
1586 5091 1781 5146 canonicorum
1799 5090 1834 5151 ll.
1851 5091 1887 5148 Τ.

190 5171 284 5238 pontia
300 5188 366 5225 sero
382 5172 413 5224 s'n
432 5179 534 5240 quarto
552 5173 625 5226 libro
643 5189 737 5240 repam
752 5172 876 5241 lepimus,
895 5175 1024 5245 quoniam
1051 5175 1184 5230 resarcim
1207 5174 1335 5245 voluerit,
1362 5193 1395 5231 ac
1420 5176 1536 5248 proinde
1558 5193 1591 5234 ex
1612 5177 1745 5233 librorum
1768 5177 1886 5235 1919111111

188 5257 384 5324 postmultum
403 5259 534 5327 tempores
551 5259 597 5311 919
615 5258 830 5313 Demeronomis'
845 5260 881 5312 sit
899 5262 1026 5316 solamen
1050 5261 1196 5317 amissione
1213 5261 1325 5317 canonis
1343 5262 1496 5335 integritati
1514 5263 1583 5318 nibil
1601 5262 1749 5333 decedere,
1771 5263 1824 5320 sed
1840 5280 1887 5321 99·

190 5349 328 5411 repertun
353 5345 494 5409 defossssm
518 5344 642 5412 quodam
665 5344 695 5397 in
716 5343 778 5398 laco
803 5361 927 5415 copem
951 5347 1024 5401 siels-
1050 5363 1149 5404 nouem
1174 5363 1262 5421 aeque
1282 5349 1436 5421 perfectum
1460 5364 1520 5404 9999
1543 5348 1652 5404 amissis
1676 5348 1784 5420 aliquot
1807 5348 1887 5406 libris

190 5435 254 5481 tum
292 5428 326 5483 ss·
343 5438 434 5483 autem
452 5430 554 5500 absque
572 5429 633 5484 ulia
653 5430 809 5484 insessione
829 5433 937 5503 templi,
964 5435 1024 5488 abs·
1050 5450 1133 5506 quam
1156 5434 1211 5490 fnit
1232 5433 1311 5490 libris
1333 5433 1387 5488 illis
1405 5432 1496 5488 adhuc
1511 5433 1541 5489 iu
1558 5434 1677 5490 ecclesia
1694 5435 1886 5506 cannabum

189 5531 242 5585 qus
258 5514 318 5569 allo
337 5516 516 5585 impapnante
534 5517 656 5573 civitatis
674 5516 803 5586 19999119,
831 5519 910 5573 sacri
933 5528 1024 5575 tamsn
1049 5537 1112 5584 cum
1134 5521 1236 5594 qubus
1261 5518 1398 5576 consentit
1418 5518 1504 5591 illud,
1534 5521 1609 5593 quod
1634 5521 1682 5579 ulii
1707 5522 1888 5596 respoudeat,
