3984 6022
186 248 246 341 an
879 265 1169 328 recusemuas.

85 430 114 471 11.
126 425 172 472 ³⁷⁰·
186 431 245 488 Jos.
272 436 298 499 1,
320 448 345 484 v.
370 434 399 486 8:
427 430 493 484 Non
516 429 630 482 recedat
650 429 720 483 iiber
742 431 811 499 lepis
833 430 883 484 iste
907 431 942 484 ab
968 447 1015 484 are
1042 427 1123 481 tonus
1147 425 1263 497 exeipit:
1296 428 1319 481 1.
1341 423 1478 480 Christum
1497 439 1553 477 non
1570 424 1611 477 ad
1627 420 1738 489 turbas,
1761 420 1813 476 sed
1835 421 1950 477 adum

188 526 249 585 tuo,
274 519 326 570 sed
348 515 527 570 raeditaberis
550 516 580 570 in
603 533 635 571 eo
657 518 704 571 die
727 535 760 571 ae
783 525 870 574 noem.
906 517 1018 589 Excipit
1042 514 1215 568 Pharisaeos
1248 519 1274 566 et
1296 511 1444 583 principes
1473 510 1566 582 loqui,
1598 509 1668 565 dicit
1699 509 1789 565 adm.-
1821 508 1875 564 Vos

170 603 414 660 ·1.Bellarminus
435 601 497 656 libr.
516 607 540 658 2.
565 603 599 658 de
623 602 708 659 verbo
725 603 779 660 Dei
802 621 863 677 cap.
884 610 923 661 16.
944 622 1016 675 resp.
1043 600 1160 655 misistis
1191 601 1232 655 ad
1255 599 1422 654 Jobannem.
1462 601 1490 652 2.
1517 599 1590 653 Esse
1614 598 1666 653 boc
1693 597 1801 652 dictum
1823 612 1877 669 per

187 690 224 745 ad
245 695 267 745 6.
291 688 454 751 Pontificios
470 707 527 742 non
543 705 653 757 separe,
675 693 752 760 qaod
767 692 876 761 possint
894 690 1017 760 Scripta·
1044 686 1157 743 modum
1180 686 1382 756 indrdqsntiae,
1408 705 1464 742 non
1486 685 1626 756 perseralis
1646 683 1801 756 praecepti.
1840 682 1879 739 At

186 792 237 839 rae
253 777 324 829 verti
340 776 370 830 in
387 776 500 842 linquas
515 776 657 844 culparer,
686 778 728 844 (ut
747 793 765 831 s
782 776 860 832 laicis
879 776 962 832 etiam
978 776 1017 831 le·
1043 773 1096 830 hae
1115 773 1289 845 exceptiones
1310 772 1364 828 sibi
1382 772 1501 827 invicem
1518 770 1708 839 adversantur.
1735 768 1877 827 Pharisaei

186 863 297 935 gantur)
323 864 374 915 sed
393 861 444 915 boe
468 863 603 916 dantaaat
621 863 704 933 aelle,
728 865 804 932 quod
822 881 878 917 non
900 864 1018 917 debeant
1044 865 1073 916 et
1091 860 1230 932 principes
1255 877 1289 915 ex
1304 858 1397 915 officio
1415 857 1583 914 tenebantur
1602 856 1761 929 Scriptum
1777 855 1877 929 legere

182 947 294 1018 publice
322 949 379 1016 lapi
403 949 501 1016 linqua
527 948 654 1018 ampuri,
686 966 735 1004 nec
758 950 867 1019 passim
892 949 1018 1003 omnibus
1043 946 1077 1002 In
1103 953 1162 1002 toto
1186 963 1246 1019 oap-
1275 945 1441 1019 generaliter
1464 944 1641 1000 nominantur
1666 942 1785 1012 Judaei,
1816 959 1879 998 nus·

181 1035 308 1104 permitti
331 1034 431 1103 iinpaa
454 1035 569 1104 culpari
588 1036 730 1104 legendae.
762 1035 846 1106 Resp.
877 1034 1017 1090 imorem
1045 1050 1127 1105 qnam
1144 1032 1283 1105 principes
1301 1037 1350 1088 aut
1364 1031 1548 1088 Pharisaei.”

186 1120 308 1176 adducta
333 1118 494 1191 Scripturas
521 1120 597 1175 dicta
621 1120 789 1177 contrarium
816 1121 953 1176 educunt
989 1119 1018 1175 Si
1079 1124 1138 1175 483.
1162 1121 1189 1173 2.
1207 1119 1254 1173 Ea
1273 1119 1372 1172 diuina
1387 1118 1598 1188 approbatione.
1633 1115 1715 1185 Quod
1727 1112 1807 1170 Deus
1821 1113 1943 1208 imin?

187 1206 260 1261 enim
279 1222 371 1261 coram
390 1204 518 1261 omnibus
536 1206 648 1277 publice
665 1207 695 1261 in
712 1206 810 1279 lingua
826 1212 892 1262 nota
910 1223 942 1261 ac
960 1205 1019 1260 vul-
1045 1224 1101 1262 non
1117 1206 1206 1262 solum
1223 1204 1369 1278 praecipit,
1385 1203 1434 1260 sed
1453 1202 1537 1259 etiam
1556 1201 1693 1276 approbat
1705 1208 1734 1258 et
1744 1217 1880 1258 commen·
1892 1176 1950 1269 ‚osi

188 1292 249 1367 gari
261 1291 419 1363 Scripturae
435 1293 570 1362 jubentur
581 1291 713 1365 praelegi,
732 1293 828 1365 utique
840 1293 922 1348 etiarn
934 1292 1019 1346 omni·
1046 1294 1107 1360 dat,
1131 1292 1167 1347 ad
1192 1291 1261 1346 illud
1285 1291 1409 1346 homines
1431 1291 1529 1347 merito
1547 1295 1612 1345 sunt
1630 1288 1773 1345 invitandi.
1811 1271 1946 1343 Scri-¹¹⁰¹*

168 1379 237 1434 bns
264 1377 361 1450 lingua
384 1377 493 1449 vulgari
514 1378 649 1450 legendae
666 1385 731 1433 sunt
746 1378 954 1448 permittendae.
990 1377 1018 1434 Si
1046 1385 1142 1450 pturas
1161 1394 1253 1434 sacras
1271 1377 1308 1432 ab
1327 1375 1455 1432 omnibus
1472 1377 1529 1448 legi
1546 1374 1623 1432 Deus
1640 1375 1700 1448 ipse
1720 1389 1776 1431 non
1794 1372 1881 1430 solnm

186 1464 305 1537 epistola
320 1464 357 1518 ad
376 1463 635 1520 Tbessslonicenses
654 1464 757 1535 scripta
781 1481 873 1520 eoram
893 1464 1019 1520 omnibus
1046 1464 1189 1537 praecipit,
1211 1464 1362 1520 sedetiam
1380 1463 1563 1534 approbatet
1581 1461 1762 1519 commendat
1797 1460 1881 1533 Ergo.

185 1551 317 1606 iratribus
336 1551 420 1605 debet
437 1550 574 1621 praelegi,
591 1551 687 1621 utique
704 1551 831 1605 omnibus
848 1551 945 1623 lingua
961 1551 1019 1605 vul·
1046 1552 1208 1606 Assumtum
1234 1550 1368 1623 probatur
1385 1549 1460 1605 Psal.
1481 1557 1504 1617 1,
1528 1568 1554 1604 ι.
1574 1555 1603 1605 2:
1629 1548 1737 1605 Beatus
1756 1564 1882 1618 momen

186 1636 247 1711 gari
264 1636 399 1709 legendae
417 1642 483 1690 sunt
499 1636 627 1707 scriptae.
657 1636 691 1691 In
704 1637 915 1707 partibnsenim
928 1637 1019 1693 homo·
1046 1639 1141 1699 riatur,
1159 1639 1240 1707 cujus
1258 1636 1405 1691 delectatio
1422 1636 1452 1689 in
1474 1635 1534 1705 ieqe
1551 1634 1682 1704 Domini,
1700 1633 1751 1704 qui
1766 1632 1883 1689 medita·

186 1722 279 1796 geneis
299 1740 316 1777 a
333 1730 434 1778 natura
451 1723 539 1793 partis
564 1722 601 1776 ad
618 1728 746 1778 naturam
763 1723 847 1778 totius
865 1731 939 1778 recte
956 1740 1020 1778 con·
1047 1732 1092 1778 ner
1111 1725 1140 1777 in
1161 1741 1195 1777 ea
1212 1724 1259 1777 die
1279 1741 1314 1777 ac
1332 1730 1418 1779 noem,
1454 1721 1676 1790 Ρε.119,ν.2;
1709 1718 1811 1787 Beati,
1836 1719 1885 1790 qui

186 1809 331 1865 eludimus.
367 1815 391 1864 2.
411 1810 535 1865 Verbum
553 1809 679 1883 iqevrdrs
699 1812 727 1865 in
746 1810 820 1867 dicto
838 1810 938 1865 Christi
956 1810 1019 1866 Joh.
1047 1817 1207 1865 scrutantur
1225 1810 1382 1864 testimonia
1402 1817 1458 1864 tua.
1493 1806 1615 1871 Aetli,
1641 1823 1667 1861 v.
1687 1810 1715 1862 11
1734 1803 1884 1860 laudantur

187 1902 214 1963 5,
233 1915 258 1948 v.
280 1896 442 1967 39..,Beza,
468 1895 594 1950 Piscator
611 1902 640 1951 et
657 1896 811 1966 Tossanus,
834 1897 923 1952 secuti
938 1896 1019 1952 Eras-
1047 1898 1213 1967 Beroinses,
1240 1898 1316 1967 parad
1337 1896 1457 1949 reatori
1473 1895 1587 1962 suerint
1610 1893 1776 1962 Scripturas
1797 1890 1883 1960 quati·

186 2000 262 2037 mum
281 1980 417 2037 Johannis
434 1982 582 2048 Arianum,
607 1982 748 2054 accipiunt
763 1984 794 2036 in
812 1986 894 2038 modo
911 1984 1020 2037 indica·
1047 1984 1094 2038 die
1113 1984 1296 2053 inquirentes,
1322 2001 1359 2036 an
1383 1981 1515 2035 doctrina
1532 1979 1724 2049 apostoloram
1743 1995 1807 2031 cum
1825 1974 1884 2033 nat

186 2069 252 2135 tino,
272 2084 327 2138 qua
345 2065 451 2122 ratione
470 2074 649 2139 praeceptum
660 2068 770 2140 legendi
783 2068 952 2140 Scripturam
965 2088 1020 2124 non
1047 2077 1214 2138 conpenset.
1248 2069 1347 2124 Petrus
1366 2075 1390 2123 2.
1409 2067 1489 2139 epist.
1511 2073 1533 2136 1,
1550 2082 1576 2121 v.
1598 2071 1637 2122 18.
1655 2064 1754 2121 laudm
1773 2080 1829 2134 eos,
1848 2062 1884 2119 ad

187 2158 281 2225 posset
305 2170 338 2208 er
362 2153 436 2209 dicto
461 2154 509 2209 illo
532 2155 651 2226 probari.
688 2156 744 2212 Sed
766 2156 867 2211 rectius
885 2156 1022 2227 accipitur
1048 2174 1117 2228 qnos
1136 2156 1246 2224 scribit,
1268 2157 1343 2225 qaod
1359 2156 1481 2208 sermoni
1493 2153 1658 2222 prophetico
1677 2151 1708 2204 in
1729 2148 1884 2221 Sariptsris

187 2241 218 2295 in
241 2241 324 2293 modo
348 2241 521 2309 imperativo.
556 2241 627 2296 Nam
654 2248 674 2297 1.
692 2242 807 2310 Judaei,
836 2259 897 2296 curn
921 2241 1022 2314 quibus
1046 2245 1192 2313 proposito
1220 2244 1364 2296 attendant
1388 2241 1462 2294 relat
1488 2242 1618 2311 lucernae
1644 2237 1748 2291 lucenti
1770 2237 1801 2291 in
1824 2238 1884 2291 laco

188 2326 297 2382 Christo
327 2325 365 2382 ibi
396 2345 439 2383 res
472 2335 528 2396 est,
560 2328 688 2400 legerunt
717 2329 828 2400 quidem
856 2329 1020 2399 Scripturas,
1048 2331 1209 2399 calipinoso.
1246 2329 1334 2399 Apoc.
1355 2335 1377 2397 1,
1396 2347 1421 2384 v.
1441 2333 1469 2383 3:
1489 2331 1604 2394 Beatus,
1622 2326 1672 2395 qui
1689 2324 1885 2393 lepitetaudit

187 2413 276 2468 obiter
296 2412 409 2481 scilicet,
426 2414 583 2477 oscitanter,
598 2414 792 2484 perfunctorie,
808 2414 1021 2484 foventesprae-
1048 2419 1130 2470 rooba
1156 2417 1324 2486 prophetiae
1355 2417 1446 2484 bajas.
1494 2413 1598 2469 Contra
1626 2429 1691 2466 vero
1724 2410 1884 2482 reprehensi

188 2504 338 2569 conceptas
356 2516 420 2552 suas
437 2499 596 2569 opiniones,
615 2501 663 2556 sed
681 2518 737 2555 non
754 2501 867 2556 fuerunt
884 2518 930 2556 eas
947 2518 1021 2555 scru-
1048 2503 1173 2572 inerunt,
1198 2503 1246 2574 qui
1269 2502 1407 2573 quomodo
1432 2502 1523 2556 minus
1541 2500 1701 2571 Scripturas
1718 2499 1884 2570 legerentur,

186 2586 237 2640 tati
262 2584 361 2640 Matth.
386 2591 432 2655 22,
456 2604 482 2640 ν.
509 2592 549 2643 29.
586 2585 632 2656 (In
660 2603 729 2642 voce
761 2589 875 2662 ipsarir
908 2587 1021 2658 quidam
1048 2591 1077 2646 in
1095 2606 1179 2644 causa
1198 2589 1310 2643 fuerunt
1328 2594 1352 2643 2.
1372 2589 1442 2660 Reg.
1458 2593 1501 2656 22,
1519 2606 1544 2640 v.
1564 2592 1589 2643 8.
1609 2602 1694 2641 causa
1712 2583 1884 2641 idololatriae

186 2676 312 2724 statuunt
335 2670 524 2741 metaphoram
551 2690 570 2724 a
597 2690 696 2725 canum
724 2675 879 2741 capacitate
895 2681 1021 2742 sumtum,
1049 2676 1188 2743 statuitur,
1221 2674 1295 2746 quod
1314 2673 1416 2728 librum
1442 2673 1511 2745 legis
1537 2678 1595 2726 tam
1618 2686 1681 2724 raro
1706 2668 1950 2741 inspexerinaua

187 2762 219 2811 ut
237 2751 375 2826 significet
396 2757 535 2828 sagaciter
557 2757 662 2829 aliquid
684 2757 822 2829 inquirere
845 2766 928 2831 atque
950 2779 964 2815 e
983 2760 1021 2815 ls-
1049 2782 1074 2816 v.
1103 2767 1141 2817 18.
1177 2760 1236 2833 regi
1268 2767 1366 2815 autem·
1386 2760 1481 2815 Josiae
1506 2758 1621 2813 dicitnr:
1648 2757 1709 2810 Pro
1736 2774 1784 2821 eo,
1811 2758 1885 2827 quod

186 2841 274 2898 tebris
293 2841 401 2910 eiuere,
426 2842 476 2896 sed
499 2848 624 2913 praestat
647 2862 667 2897 a
689 2845 811 2899 metaliis
834 2846 1022 2917 metaphoram
1050 2848 1186 2902 audienti
1201 2848 1286 2901 acrba
1303 2846 1452 2900 uoluminis
1471 2853 1496 2898 et
1513 2845 1597 2898 molle
1612 2845 1671 2909 suit
1687 2861 1737 2896 eor
1749 2853 1826 2899 tuum
1839 2850 1884 2898 ets.

188 2929 300 2984 ductam
318 2928 424 2997 dicere,
442 2928 470 2982 in
489 2946 521 2983 eo
540 2928 613 2984 enim
629 2947 711 2985 sensu
726 2932 841 2988 verbum
861 2933 1024 3005 ipsasciret
1049 2955 1104 2989 non
1134 2935 1264 2988 sidebant
1293 2934 1370 2988 oculi
1396 2933 1438 2986 tui
1459 2932 1551 3000 mala,
1578 2947 1649 3001 qaae
1675 2931 1886 2985 introducturus

187 3013 334 3086 ἐξερευνᾶν
354 3014 470 3069 aLXX
488 3014 608 3086 interpp.
626 3025 782 3087 usurpatur.
820 3024 843 3073 2.
863 3019 897 3073 Ιιι
916 3019 1024 3076 Graeco
1050 3039 1116 3073 sam.
1153 3025 1177 3076 2.
1199 3018 1290 3074 Paral.
1313 3023 1361 3086 31,
1381 3036 1406 3070 ν.
1427 3022 1472 3072 19:
1497 3017 1629 3070 Mittebat
1647 3015 1709 3069 illis
1724 3016 1887 3086 propbetas,

187 3118 243 3157 11011
268 3108 310 3157 est
335 3101 462 3156 additum
485 3118 637 3172 pronomen
661 3102 746 3176 ὑμεῖς.
782 3109 807 3159 3.
831 3105 1025 3175 Interpretatio
1051 3125 1119 3177 qrtas
1142 3112 1328 3176 protestantes
1353 3104 1400 3157 ilii
1423 3104 1525 3156 audire
1547 3103 1684 3156 nolebant.
1719 3103 1822 3158 Jerem.
1847 3106 1886 3170 36,

187 3206 238 3260 per
256 3187 437 3242 indicativum
456 3194 498 3242 est
516 3187 707 3258 roaroloyarri,
728 3189 769 3244 sic
787 3190 859 3244 enim
877 3190 1024 3246 informan—
1052 3212 1075 3247 v.
1096 3198 1142 3247 23:
1169 3191 1236 3244 Cam
1255 3190 1365 3257 lepisset
1381 3190 1462 3243 Juda
1479 3198 1535 3242 tres
1547 3189 1680 3258 papeilas
1698 3190 1742 3244 aei
1760 3197 1886 3259 quatuar,

143 3296 147 3313 ·
189 3275 240 3328 due
269 3280 341 3329 esset
366 3280 457 3329 textus
486 3272 564 3342 ὑμεῖς
589 3274 729 3346 speivan,
756 3276 799 3330 <in
818 3276 894 3351 ipsic
912 3279 1024 3334 clareins.
1051 3279 1134 3331 scidit
1158 3277 1233 3329 iilud
1254 3277 1345 3346 (jussu
1366 3275 1449 3347 regis)
1475 3276 1611 3346 scalpello
1635 3276 1745 3329 scribae
1772 3283 1797 3329 et
1820 3293 1886 3345 pro·

189 3359 217 3415 Si
236 3360 384 3430 utrobique
402 3377 552 3430 pronomen
571 3360 716 3430 omissum,
741 3363 862 3434 suspicio
886 3363 921 3418 de
943 3364 1025 3418 modo
1045 3366 1115 3432 jecit
1137 3365 1165 3415 in
1186 3363 1285 3431 ipram.
1316 3381 1341 3415 v.
1362 3369 1406 3419 20:
1432 3363 1511 3415 Haec
1531 3364 1602 3416 dicit
1621 3363 1762 3415 Donsinus
1781 3363 1822 3415 ad
1837 3360 1886 3416 Jo

189 3445 337 3500 indicativo
355 3445 465 3499 facilius
486 3445 576 3499 locum
596 3444 698 3501 habere
715 3454 817 3518 posset.
854 3457 878 3505 4.
903 3450 1024 3520 impera·
1052 3450 1142 3502 acirim
1161 3467 1268 3516 repsm:
1293 3450 1334 3500 Ta
1352 3449 1525 3501 eorrrbnssisti
1540 3449 1666 3502 solamen
1686 3449 1770 3501 istud.
1794 3466 1821 3502 v.
1841 3452 1902 3504 3⁰2·

188 3531 238 3586 tivi
255 3531 314 3585 sine
333 3530 541 3600 pronominibus
560 3529 612 3585 hoe
632 3532 713 3587 modo
731 3534 909 3589 enuntiantur
927 3535 1024 3589 Matth.
1054 3537 1117 3589 Non
1135 3536 1187 3588 erit
1205 3552 1236 3588 ee
1255 3543 1294 3601 te,
1316 3536 1364 3603 qrti
1382 3536 1478 3587 sedeat
1496 3552 1581 3603 saper
1598 3535 1700 3588 solitam
1719 3535 1828 3588 Dauid.

189 3623 217 3686 5,
234 3635 259 3670 ν.
281 3622 325 3670 12;
349 3621 461 3689 χαίρετε
487 3615 730 3685 corcyritanae.
761 3637 787 3673 v.
809 3626 854 3674 ll:
880 3621 919 3693 μὴ
946 3627 1025 3693 aopi·
1087 3627 1145 3676 184.
1164 3625 1190 3674 3.
1211 3622 1258 3673 Ea
1278 3620 1335 3672 Dei
1353 3627 1378 3672 et
1397 3628 1556 3673 sanctarum
1569 3621 1628 3673 Dei
1643 3620 1785 3673 leoninum
1803 3616 1945 3674 dan-²⁸¹

188 3717 259 3768 σητε.
291 3719 313 3755 e.
340 3708 369 3764 6,
396 3721 422 3755 v.
442 3707 489 3756 33:
515 3705 620 3769 inseite.
651 3720 675 3758 o.
697 3710 719 3772 7,
743 3723 767 3757 v.
791 3711 819 3759 1:
849 3706 889 3777 μὴ
913 3713 1025 3777 κρίνειε,
1053 3708 1171 3761 natione.
1208 3706 1314 3772 Quibus
1338 3705 1415 3759 Deus
1441 3711 1469 3760 et
1493 3707 1579 3761 sancti
1598 3706 1651 3760 Dei
1671 3705 1796 3760 homines
1816 3673 1950 3761 Seri-iiiii

189 3793 212 3844 1.
230 3787 328 3842 Thess.
350 3795 373 3853 5,
391 3806 415 3840 v.
439 3794 481 3842 16:
520 3788 635 3842 adorare
651 3795 762 3859 χαίρετε
782 3798 834 3846 etc.
870 3799 892 3846 5.
910 3792 1025 3847 Veteres
1053 3799 1161 3862 pturam
1180 3792 1364 3858 destinarunt,
1382 3792 1421 3845 illi
1438 3791 1520 3846 etiam
1539 3792 1709 3864 Scriptorum
1729 3792 1823 3864 legere
1840 3774 1950 3864 duffii,¹

187 3879 215 3930 et
239 3874 406 3928 recentiores
430 3874 545 3944 interpp.
571 3874 611 3928 sie
630 3882 778 3945 exponunt.
816 3876 1025 3948 chrysostomus
1053 3880 1127 3934 bent.
1163 3879 1218 3935 Sed
1243 3879 1319 3933 Deus
1343 3885 1371 3933 et
1389 3879 1478 3933 sancti
1497 3878 1551 3932 Dei
1571 3877 1693 3933 homines
1715 3877 1950 3948 scripturaram

187 3960 279 4015 homil.
300 3966 340 4014 «10.
359 3960 388 4013 in
405 3960 468 4016 Joh.
508 3961 634 4015 Obsistere
657 3963 785 4016 Judaeos
806 3965 847 4016 ad
866 3963 1025 4034 Scriptura·
1052 3965 1179 4020 omnibus
1204 3965 1384 4019 destinarunt.
1420 3965 1494 4035 Ergo
1520 3982 1614 4019 omnes
1638 3980 1698 4018 eam
1722 3964 1816 4038 legere
1840 3964 1884 4020 de·

188 4066 249 4101 ram
268 4066 323 4100 nora
342 4046 494 4116 sinqslieem
519 4047 676 4115 lectionem,
700 4051 752 4101 sed
774 4034 1025 4119 ad'iaoestipatio·
1052 4052 1124 4106 bent.
1160 4051 1322 4105 Assumtum
1340 4051 1474 4122 probatur
1494 4056 1515 4105 1.
1535 4050 1621 4104 Erod.
1639 4055 1685 4119 24,
1711 4069 1736 4105 v.
1760 4057 1799 4106 12.
1820 4050 1886 4106 dicit

187 4153 248 4188 nem
257 4152 397 4204 perquam
415 4134 575 4200 dr'lipentcm
593 4136 740 4192 revocarit.
778 4137 843 4189 Non
862 4137 949 4191 (tion.-
974 4139 1024 4191 Le—
1051 4137 1127 4192 Deus
1145 4138 1182 4192 ad
1203 4137 1332 4208 Moysen:
1366 4138 1450 4190 Dabo
1467 4137 1519 4190 tibi
1536 4139 1608 4190 duas
1625 4137 1737 4191 tabulas
1755 4137 1884 4207 lapideas

186 4223 241 4289 pite
257 4220 429 4290 Scripturas,
449 4221 684 4276 sedseratamini.
714 4222 906 4276 Diuinaenim
918 4241 1024 4278 samma
1051 4234 1075 4275 et
1100 4224 1185 4292 leqem
1211 4241 1245 4275 ac
1264 4224 1411 4291 risaadata,
1436 4238 1507 4291 qaae
1526 4222 1628 4291 scripsi
1646 4222 1735 4292 diqito
1754 4241 1831 4294 meo,
1857 4230 1885 4277 at

186 4309 313 4377 indiqcnt
343 4306 499 4375 dilipantia.
541 4307 655 4379 631Οιίς.
680 4307 781 4363 Hamil.
809 4314 833 4364 2.
863 4309 892 4363 in
915 4309 1021 4365 Eccles.
1050 4311 1152 4362 doceas
1170 4326 1203 4362 sa
1220 4307 1295 4374 filios
1312 4308 1413 4361 Israii.
1448 4307 1533 4363 Dent
1552 4313 1594 4379 21,
1610 4326 1635 4362 v.
1655 4312 1683 4363 8:
1713 4308 1826 4364 Scribas
1843 4328 1885 4364 su·

190 4396 301 4449 Utinam
320 4412 412 4449 omnes
428 4396 594 4462 diceremus,
616 4398 692 4464 quod
708 4397 843 4464 saraptam
863 4405 919 4449 est:
940 4396 1023 4451 Scru-
1048 4414 1100 4465 per
1123 4395 1234 4465 lapides
1260 4395 1354 4449 omnia
1373 4395 1457 4448 uerba
1481 4395 1550 4463 lepis
1576 4395 1659 4463 bajus
1684 4396 1751 4451 bene
1775 4404 1800 4451 et
1821 4413 1884 4467 per·

187 4483 287 4535 tantini
309 4481 490 4551 Scriptraas,·
518 4479 639 4535 Basilius
664 4481 711 4536 lib.
734 4488 757 4537 2.
786 4482 821 4537 de
845 4481 920 4553 bapt.
945 4501 967 4538 c.
991 4490 1022 4539 4:
1049 4482 1156 4552 spicae,
1180 4489 1210 4534 ut
1231 4481 1335 4534 seilicet
1361 4484 1396 4534 ab
1415 4482 1539 4535 omnibus
1557 4483 1614 4552 lapi
1626 4485 1745 4552 possint.
1782 4481 1883 4539 Psalm

189 4568 358 4623 Obcdiamas
375 4568 500 4623 Domina
522 4567 641 4620 diremi:
662 4566 835 4621 Scrutamini
851 4569 1023 4639 Scripturas.
1055 4572 1114 4634 102,
1138 4584 1164 4622 ν.
1187 4573 1230 4623 19:
1258 4566 1425 4621 Scribuntur
1449 4569 1518 4621 baec
1542 4569 1571 4622 in
1592 4569 1800 4637 perorationem
1818 4567 1886 4625 alte·

187 4655 309 4728 Cyrillus
331 4656 387 4707 sair
412 4654 566 4726 γλαφυρῶν
604 4658 625 4706 1.
656 4653 829 4707 Scrutamini
861 4656 1023 4724 Scripturas
1050 4671 1113 4706 ram
1128 4661 1153 4706 et
1166 4657 1300 4723 populus,
1329 4654 1379 4723 qai
1399 4654 1553 4722 creabitur,
1578 4654 1706 4708 laudabit
1725 4655 1886 4711 Dominam

187 4742 313 4795 Juriaica
337 4740 446 4810 papale
474 4740 601 4794 Christus
626 4740 795 4794 inclamavit.
839 4740 917 4795 idem
942 4759 1022 4798 serm.
1050 4741 1114 4794 Esa
1139 4743 1168 4808 8,
1192 4758 1218 4794 v.
1245 4745 1272 4794 1:
1310 4740 1393 4794 Dinis
1418 4743 1558 4796 Dominus
1581 4743 1622 4795 ad
1646 4757 1706 4794 me:
1734 4740 1820 4796 &me
1837 4738 1888 4796 tabi

188 4833 229 4883 15.
248 4829 283 4882 de
299 4829 375 4882 verb.
393 4825 506 4881 Domini
525 4825 553 4879 in
571 4843 689 4896 persona
710 4827 885 4884 sceleriter*
902 4827 1023 4899 August.
1050 4828 1176 4882 volumen
1194 4828 1311 4896 prande,
1330 4827 1418 4880 scribe
1435 4827 1465 4880 in
1484 4844 1515 4882 eo
1533 4828 1598 4883 stilo
1615 4827 1736 4881 beminis
1756 4826 1886 4897 (humano

188 4916 216 4969 in
235 4914 309 4971 Psal.
332 4921 389 4970 168.
413 4914 537 4967 serutari
551 4914 641 4982 jussit
668 4912 831 4982 Scripturas
855 4932 910 4968 non
934 4914 964 4968 in
981 4931 1024 4966 su-
1051 4918 1079 4969 et
1094 4920 1227 4968 consueto
1244 4913 1345 4980 modo).
1380 4913 1480 4970 Erech.
1501 4919 1542 4983 13,
1561 4932 1586 4967 v.
1610 4920 1653 4969 ll:
1680 4914 1822 4981 mauron
1839 4916 1886 4969 do-

187 5003 300 5072 perficie
314 5001 495 5071 pertransiri.
526 4999 672 5068 Lutherus,
690 4998 895 5069 Melanohthon,
913 4998 1024 5070 liugan·
1051 5019 1111 5053 mus
1135 5008 1160 5052 et
1179 5003 1308 5068 formam
1338 5002 1398 5070 ejus
1425 5001 1512 5054 caitus
1536 5009 1562 5054 et
1586 5000 1715 5054 introitus
1736 5008 1763 5055 et
1781 5016 1886 5055 amnas

188 5086 287 5160 hagius
311 5088 339 5141 in
362 5088 443 5142 modo
470 5086 632 5157 imperativo
650 5085 838 5141 reddiderunt.
875 5092 898 5141 6.
918 5085 1024 5140 Textus
1052 5086 1263 5156 descriptionem
1286 5086 1347 5154 ejas
1368 5095 1393 5139 et
1410 5087 1539 5139 universa
1553 5094 1709 5156 praecepta
1726 5087 1802 5158 ejas,
1823 5104 1885 5142 esss-

190 5172 319 5245 Syriaens
340 5174 436 5229 eodem
456 5175 537 5228 modo
557 5173 666 5245 accipit.
703 5179 726 5228 1.
743 5171 786 5225 Ex
804 5171 871 5242 ipsis
889 5171 1024 5227 Calvinia-
1052 5179 1177 5241 stumque
1200 5172 1324 5226 ordinem
1348 5173 1408 5243 ejas
1426 5179 1452 5226 et
1472 5189 1564 5228 omnes
1587 5173 1660 5240 iopes
1688 5174 1750 5245 ejus
1774 5174 1885 5229 ostende

190 5258 232 5313 nis
250 5259 377 5331 Tigurini
396 5269 423 5315 ct
441 5260 499 5315 Leo
516 5260 607 5315 dudae
624 5261 655 5314 in
673 5277 724 5313 sna
742 5259 879 5327 versione,
897 5258 1024 5314 Witake·
1052 5258 1092 5310 eis
1111 5263 1136 5308 et
1153 5257 1256 5310 scribes
1275 5258 1306 5311 in
1324 5259 1413 5313 ousiis
1432 5275 1540 5322 eoram,
1566 5268 1595 5313 at
1616 5260 1777 5315 cratodiant
1795 5274 1887 5317 omnes

189 5364 236 5399 rns
255 5344 284 5398 in
304 5352 424 5400 controv.
449 5345 607 5417 descript.
631 5344 753 5417 quinimo
773 5346 832 5416 ipse
851 5346 978 5400 Piscator
996 5345 1025 5398 in
1052 5344 1244 5397 ordinationes
1271 5345 1339 5414 ejus.
1381 5344 1488 5400 Hebae.
1512 5351 1542 5415 2,
1569 5364 1593 5400 v.
1621 5349 1650 5401 2:
1680 5347 1720 5400 Et
1741 5344 1887 5418 respondit

189 5431 291 5488 volum.
319 5429 436 5487 thesium
464 5452 489 5503 p.
522 5439 562 5488 13.
599 5431 638 5487 th.
666 5439 703 5487 18.
736 5433 880 5509 nobiscnm
911 5432 1025 5486 faciunt.
1052 5429 1122 5483 miti
1137 5431 1278 5484 Dominus
1295 5438 1321 5485 et
1340 5432 1426 5485 dicit:
1460 5430 1557 5486 Scribe
1574 5431 1707 5489 maerens
1722 5440 1749 5487 et
1767 5430 1888 5505 wissa

190 5516 232 5575 Ex
250 5514 403 5574 Pontifieiis
420 5518 551 5574 Emserus
571 5524 599 5576 et
615 5516 859 5590 Distenbergerus.
882 5515 1026 5588 ”Stsple
1053 5534 1114 5572 eam
1131 5534 1215 5589 asper
1231 5514 1355 5582 rotoma
1378 5525 1409 5571 ut
1427 5526 1586 5588 percurrat,
1610 5518 1660 5590 qai
1676 5516 1776 5589 lepers‘t
1796 5516 1888 5576 snare
