3984 6022
199 290 261 349 526
890 280 1012 338 Locus
1029 280 1210 347 QUARTUS
1241 369 1244 376 Ι

201 432 281 492 Haec
299 436 415 491 Lumen
434 434 571 489 sententia
594 434 741 504 probatur:
771 439 795 488 1.
816 451 849 487 ea
876 436 1037 502 definitione
1065 453 1114 490 nes
1131 436 1288 506 personales
1304 437 1342 491 ad
1360 438 1561 507 paronymicas.
1596 444 1618 492 l.
1638 437 1722 502 Quod
1740 437 1771 490 in
1786 436 1902 508 vulgari·

202 525 422 592 deiparatoram.
457 521 647 576 Damascenus
672 521 719 576 lib.
747 521 783 576 de
808 521 872 576 dial.
896 539 920 578 c.
945 530 985 577 37.
1010 529 1038 576 et
1065 523 1116 576 bus
1141 529 1169 576 et
1195 522 1369 577 naturalibus
1393 523 1524 593 exemplis
1549 530 1592 577 est
1615 525 1809 592 mappositara,
1835 523 1864 576 id
1878 523 1904 577 in

86 609 398 681 n1.4etttt.irrpori‹ia
429 607 540 676 definit,
572 608 647 678 qnod
677 607 806 678 διαφέρει
835 611 871 676 τῷ
894 607 968 677 λόγῳ
993 611 1038 673 τῆς
1065 609 1116 663 hoc
1139 609 1271 678 mysterio
1299 616 1340 663 est
1364 627 1497 678 persona
1531 609 1572 665 Ut
1594 610 1668 663 enim
1692 610 1735 663 ibi
1761 608 1819 662 duo
1839 609 1903 662 arai·

201 692 304 754 uiator.
334 692 397 748 Jam
411 709 475 747 vero
488 700 515 749 et
527 693 615 748 deitas
628 699 657 748 et
673 692 831 747 humanitas
849 693 982 748 differunt
1000 694 1036 762 τῴ
1065 694 1159 748 dentia
1186 695 1215 748 in
1234 695 1372 749 communi
1392 694 1520 765 subjecto
1539 694 1682 762 uniuntur,
1701 711 1778 766 quae
1797 694 1903 765 quidem

199 780 272 849 λόγῳ
289 777 384 839 οὐσίας
398 780 457 833 sive
469 778 636 834 definitione.
660 780 736 850 Ergo
747 786 812 834 sunt
824 779 966 849 oppositae
981 780 1037 832 sive
1065 780 1092 833 in
1111 780 1249 835 abstracto
1272 782 1308 835 do
1331 798 1362 836 se
1385 781 1503 835 invicem
1526 780 1682 850 praedicari
1701 797 1759 834 non
1783 789 1903 849 possunt,

203 866 360 935 disparatae
377 866 500 934 species3
534 868 559 920 2.
580 883 611 918 ec
630 867 781 920 collatione
799 866 932 918 similium
951 882 1037 918 eaem·
1064 865 1237 921 inconcreta
1255 882 1333 933 vero,
1360 873 1496 936 quatenus
1519 865 1637 935 subjecti
1658 865 1798 920 unitatem
1824 866 1903 920 inclu-

194 951 319 1019 ploram.
349 951 464 1005 Ferrum
485 956 513 1006 et
531 951 604 1020 ignis
624 958 736 1005 manent
755 951 896 1021 disparata
908 950 990 1006 etiarn
1008 951 1037 1002 in
1064 951 1146 1019 dunt,
1170 958 1302 1022 possunt;
1324 952 1364 1006 sic
1389 951 1461 1006 dnae
1484 952 1513 1005 in
1533 949 1643 1005 Christo
1667 956 1787 1005 naturae
1806 951 1837 1005 in
1855 969 1903 1006 una

196 1037 269 1090 ferro
288 1037 383 1107 ignito,
404 1054 504 1106 corpus
517 1044 545 1092 et
563 1037 654 1092 anima
672 1036 785 1092 manent
800 1037 1036 1106 disparataetiam
1063 1038 1200 1091 communi
1224 1037 1368 1107 hypostasi
1392 1037 1538 1104 uniuntur,
1564 1052 1636 1106 quae
1659 1035 1688 1089 in
1708 1034 1854 1091 abstracto
1873 1037 1903 1092 de

197 1119 226 1175 in
244 1120 367 1191 homine,
393 1124 434 1176 sio
453 1123 525 1177 duae
548 1132 664 1178 naturae
682 1131 746 1178 sunt
765 1129 793 1178 et
812 1129 926 1177 manent
944 1123 1035 1192 diepa·
1063 1140 1092 1177 se
1116 1121 1234 1177 invicem
1256 1122 1411 1194 praedicari
1431 1139 1486 1176 non
1504 1127 1632 1192 possunt,
1658 1121 1686 1175 in
1706 1130 1838 1177 concreto
1858 1140 1902 1176 au·

196 1215 273 1263 ratae
300 1208 330 1261 in
355 1209 475 1278 unione;
510 1214 537 1263 3.
563 1227 595 1263 ea
621 1211 796 1263 elietiactioae
820 1211 1034 1279 proprietatum.
1062 1217 1117 1262 tem
1142 1215 1267 1278 possunt
1320 1209 1361 1264 Ut
1386 1225 1442 1262 non
1471 1213 1546 1263 recte
1573 1207 1649 1262 dico:
1679 1206 1839 1279 Theologia
1865 1214 1902 1263 est

197 1296 320 1358 Quorum
347 1295 529 1364 proprietates
553 1303 618 1350 sunt
644 1295 801 1366 disparatae
832 1301 860 1349 et
883 1294 1036 1365 oppositae,
1062 1294 1252 1365 philosophia,
1279 1295 1330 1348 sed
1350 1294 1496 1364 theologus
1516 1300 1558 1348 est
1576 1293 1774 1364 philosophus,
1794 1295 1835 1348 ita
1852 1312 1902 1349 nou

197 1381 245 1434 illa
269 1380 331 1449 ipsa
357 1397 467 1451 quoque
492 1387 556 1434 sunt
584 1383 724 1452 disparata
750 1387 777 1436 et
801 1380 936 1451 opposita.
981 1380 1035 1435 Sed
1062 1386 1135 1435 recte
1160 1381 1235 1440 dico:
1263 1380 1403 1434 Divinitas
1421 1385 1470 1435 est
1492 1380 1662 1444 humanitas,
1686 1380 1740 1433 sed
1762 1380 1842 1434 Deus
1864 1386 1902 1435 est

198 1468 313 1521 duarum
339 1472 499 1521 naturarum
523 1467 705 1538 proprietates
734 1475 799 1522 sunt
826 1467 983 1538 disparatae
1009 1475 1036 1521 et
1062 1467 1149 1521 homo.
1187 1473 1210 1522 2.
1233 1466 1353 1521 Nomina
1372 1466 1504 1520 abstracti
1522 1473 1550 1520 et
1567 1465 1690 1521 concreti
1709 1466 1825 1536 propria
1842 1474 1902 1520 snut

198 1553 353 1624 oppositae,
376 1553 464 1607 deitas
482 1553 554 1607 enirn
574 1560 615 1608 est
634 1553 751 1622 infinita,
770 1554 928 1609 humanitas
950 1553 1035 1619 finita,
1063 1551 1341 1619 denominativorum,
1365 1552 1537 1606 amurcam
1555 1558 1598 1605 est
1615 1551 1814 1620 denominans,
1840 1570 1900 1606 con·

199 1641 288 1695 deitas
308 1634 351 1695 est
367 1639 528 1708 invisibilis,
548 1640 704 1695 humanitas
722 1640 854 1708 visibilis;
876 1648 900 1695 4.
921 1658 953 1693 aa
972 1659 1035 1693 con·
1062 1645 1166 1693 cretum
1187 1637 1427 1704 denominativum,
1446 1636 1512 1707 qnia
1526 1654 1593 1706 ergo
1610 1637 1723 1692 termini
1737 1637 1841 1708 proprii
1857 1638 1900 1692 de·

198 1727 338 1779 amatione
360 1727 556 1780 absurdarum.
592 1725 653 1781 Nisi
672 1725 701 1779 in
720 1726 955 1796 propositionibus
975 1744 1035 1795 per·
1063 1723 1294 1778 nominativorum
1318 1724 1348 1776 in
1376 1723 1426 1778 hoc
1450 1722 1583 1792 mysterio
1607 1723 1816 1791 conceduntur,
1843 1724 1901 1778 ideo

199 1811 341 1867 sonalibns
371 1813 514 1883 disparata
541 1812 577 1868 de
602 1829 632 1867 se
657 1812 774 1866 invicem
800 1811 1036 1882 praedicarentur,
1063 1810 1263 1880 propositiones
1288 1809 1340 1864 hoc
1364 1809 1528 1880 mysterium
1547 1807 1721 1878 explicantes
1739 1810 1776 1863 ad
1794 1810 1899 1864 modum

198 1899 291 1954 forent
302 1900 525 1970 praedicationes
538 1898 684 1968 identicae,
703 1916 735 1953 ac
753 1905 842 1953 totum
856 1899 964 1953 unionis
977 1916 1035 1968 my·
1062 1895 1241 1965 praedicandi
1259 1895 1495 1950 denominativum
1512 1894 1606 1949 reduci
1624 1901 1756 1965 possunt
1793 1901 1818 1952 3.
1837 1896 1899 1950 Val-

200 1985 316 2040 sterium
336 1990 524 2039 evacuaretur.
553 1983 727 2039 Contrarium
740 1990 865 2039 statuunt
877 1985 990 2054 quidam
1002 2001 1034 2038 ex
1060 1989 1127 2053 gata
1144 1982 1241 2052 regula
1258 1983 1293 2037 de
1310 1980 1563 2051 praedicationibus
1581 1980 1808 2049 denominativis,
1828 1981 1897 2053 qnod

202 2071 364 2137 Pontificiis,
376 2070 505 2125 Bellarm.
518 2069 565 2125 lib.
577 2076 602 2125 3.
614 2070 649 2125 de
660 2070 778 2125 Euchar.
793 2076 864 2137 alt,
876 2070 925 2125 ubi
938 2072 1034 2139 diepa·
1060 2067 1193 2138 quicquid
1215 2085 1277 2122 cnm
1295 2068 1381 2122 altero
1405 2065 1473 2120 κατὰ
1493 2064 1647 2121 cardiacis
1665 2067 1764 2120 nnitm
1783 2073 1812 2122 et
1829 2083 1897 2122 com·

200 2165 294 2210 ratam
306 2158 342 2209 de
352 2156 502 2225 disparata
514 2157 658 2226 affinitate
669 2156 839 2224 praedicari
844 2174 929 2225 paese
942 2163 1034 2227 negat,
1061 2155 1227 2220 municatur,
1254 2151 1429 2226 παρωνύμως
1453 2153 1488 2207 de
1512 2169 1545 2208 eo
1568 2153 1761 2223 praedicetur,
1793 2153 1898 2208 adhoc

198 2242 366 2312 ecquidem
386 2258 419 2296 ex
436 2241 616 2296 Calvinianis:
652 2239 766 2296 Goelen
785 2242 847 2297 libr.
871 2250 892 2297 1.
911 2249 1033 2297 controv.
1061 2239 1221 2309 mysterium
1242 2239 1405 2309 applicatur.
1442 2248 1464 2295 4.
1490 2239 1591 2294 Modus
1612 2239 1799 2310 praedicandi
1824 2240 1898 2295 deno·

197 2326 279 2399 logic.
304 2344 327 2383 c.
351 2333 554 2399 laqueasse
580 2334 651 2399 part
672 2335 693 2383 l.
724 2328 840 2384 Miscell.
859 2346 886 2398 p.
906 2336 948 2384 71.
968 2346 1034 2399 quo·
1060 2325 1207 2380 minativus
1237 2325 1374 2395 generalis
1405 2331 1447 2380 est
1476 2332 1505 2379 et
1534 2325 1675 2388 formalis,
1707 2324 1845 2380 fundatus
1872 2325 1898 2378 in

197 2431 258 2467 rum
288 2414 458 2485 argumentis
490 2414 574 2469 facile
606 2419 697 2485 potest
724 2414 854 2469 satisfieri
881 2414 1034 2470 observatis
1060 2411 1149 2480 prima
1165 2411 1271 2466 anuum
1290 2409 1524 2473 consideratione,
1552 2427 1609 2480 qua
1626 2410 1843 2465 considerantur
1859 2410 1898 2465 vel

196 2499 272 2555 hisce
289 2499 506 2570 hypothesibus:
531 2506 553 2555 l.
572 2499 654 2554 Duae
667 2499 818 2554 mchristo
836 2507 952 2555 naturae
970 2509 1034 2556 sunt
1061 2504 1092 2550 ut
1117 2504 1193 2565 sunt,
1222 2497 1266 2552 vel
1291 2504 1323 2552 ut
1348 2498 1442 2552 insunt
1471 2512 1637 2568 quocunque
1664 2497 1784 2550 tandem
1814 2497 1954 2554 modomt

197 2587 372 2654 disparatae,
397 2586 447 2641 sed
466 2603 523 2641 non
541 2592 606 2641 aunt
624 2586 668 2640 vel
685 2584 840 2640 subsistunt
861 2588 1033 2655 disparatae.
1061 2583 1191 2648 Quamvis
1203 2602 1269 2655 ergo
1287 2585 1382 2638 modus
1395 2582 1576 2654 praedicandi
1587 2582 1748 2652 materialis,
1769 2583 1898 2638 naturalis

197 2676 222 2726 2.
240 2670 476 2742 Distinguendum
499 2671 570 2727 inter
595 2674 672 2740 qaod
689 2677 717 2726 et
734 2679 869 2740 emanas
889 2673 947 2727 sive
964 2673 1035 2727 inter
1061 2687 1094 2725 ac
1112 2670 1239 2741 specialis
1262 2670 1291 2724 in
1313 2669 1546 2740 propositionibus
1569 2669 1765 2740 personalibus
1784 2688 1841 2724 non
1857 2670 1897 2726 de

196 2755 410 2826 praedicationis
434 2757 580 2810 maerere
604 2766 630 2811 et
653 2757 786 2820 fmmale.
822 2758 903 2813 Duae
919 2765 1034 2813 naturae
1060 2764 1112 2824 tur,
1131 2764 1224 2811 mmcn
1242 2756 1378 2827 generalis
1397 2763 1425 2810 et
1442 2755 1575 2824 formalis,
1595 2753 1824 2810 denominativas
1833 2756 1897 2810 scili·

196 2839 227 2894 in
246 2840 354 2894 Christo
378 2848 491 2895 manent
510 2841 657 2897 dransae
675 2841 704 2896 in
722 2842 836 2910 unione,
866 2860 933 2914 ergo
951 2844 1034 2900 etiam
1060 2850 1105 2898 cet
1130 2842 1160 2896 in
1184 2841 1237 2896 illis
1264 2841 1447 2896 animadverti
1473 2847 1572 2912 potest.
1615 2847 1639 2896 5.
1664 2840 1895 2896 Denominativus

197 2932 311 2981 manent
330 2926 474 2997 disparata
490 2927 520 2981 in
538 2927 757 2997 praedicatione,
776 2928 825 2982 sed
844 2937 980 2998 quatenns
999 2930 1033 2984 de
1060 2930 1157 2985 modus
1175 2945 1230 2983 non
1248 2933 1355 2982 tantum
1376 2934 1417 2984 est
1432 2928 1624 2991 accidentium,
1636 2927 1685 2981 sed
1700 2927 1807 2981 dantm
1818 2928 1896 2982 etiam

197 3030 228 3068 se
254 3010 372 3067 invicem
398 3012 427 3065 in
453 3018 582 3067 concreto
605 3012 815 3083 praedicantur,
842 3021 957 3070 eatenus
979 3032 1034 3069 non
1059 3018 1119 3087 ejus
1138 3015 1271 3085 exempla,
1291 3014 1320 3067 in
1339 3014 1438 3084 quibus
1456 3012 1691 3068 denominativum
1710 3017 1740 3068 et
1756 3013 1897 3083 praediea·

197 3105 262 3154 snnt
289 3098 461 3169 disparatae,
489 3098 539 3154 sed
562 3098 715 3154 arctissime
734 3115 784 3168 per
809 3100 955 3155 terminum
974 3102 1032 3157 iro·
1060 3109 1119 3156 turn
1137 3107 1179 3156 est
1196 3100 1360 3168 substantia,
1379 3106 1410 3154 ut
1426 3116 1527 3170 corpus
1546 3106 1588 3153 est
1605 3098 1769 3154 animatum.
1799 3099 1898 3154 Distin-

197 3182 280 3241 ποιὸν
311 3183 488 3260 inscripsere
517 3201 671 3248 connexae,
702 3185 777 3239 unde
807 3186 891 3241 etiam
920 3205 976 3241 non
1004 3189 1033 3241 ia
1059 3188 1200 3259 guendum
1222 3188 1295 3241 eninr
1315 3187 1386 3241 inter
1410 3187 1541 3240 accidens
1559 3185 1758 3254 praedicabile
1779 3195 1807 3240 et
1819 3202 1898 3256 prae·

197 3272 353 3341 abstracto,
389 3270 439 3326 sed
467 3273 497 3324 ia
528 3280 656 3325 cosmeta
687 3270 723 3326 de
752 3288 782 3326 sc
811 3272 928 3328 invicem
956 3291 1033 3345 prae·
1061 3273 1261 3335 duomantala·
1285 3273 1338 3327 hoc
1367 3277 1446 3328 notat
1472 3271 1615 3342 quidpiam
1645 3270 1811 3340 inhaerens,
1836 3271 1899 3325 illud

197 3356 333 3412 dicantur.
385 3361 408 3411 3.
441 3357 481 3412 Ut
509 3356 639 3411 identitas
672 3355 849 3419 ὑποστάσεως
877 3376 933 3414 non
961 3360 1034 3414 tollit
1060 3377 1155 3421 omne,
1174 3358 1249 3430 quod
1268 3359 1302 3412 de
1320 3357 1447 3429 subjecto
1465 3356 1654 3426 praedicatur,
1676 3355 1736 3411 sive
1756 3357 1784 3412 ei
1804 3357 1898 3411 adhue

196 3451 357 3497 naturarum
376 3441 569 3508 differentiam,
587 3443 627 3497 ita
642 3459 754 3513 quoque
768 3461 823 3498 non
839 3443 962 3515 impedit,
979 3464 1034 3517 quo
1060 3453 1119 3500 reat
1139 3445 1197 3499 sive
1221 3444 1362 3498 inhaereat
1389 3443 1448 3496 sive
1473 3443 1526 3496 alio
1551 3443 1632 3496 modo
1658 3441 1733 3496 insit
1772 3442 1898 3499 Pleuaria

125 3558 129 3567 ·
197 3528 288 3583 minus
323 3534 442 3583 naturae
478 3529 512 3583 de
543 3547 573 3584 se
601 3529 718 3584 invicem
744 3530 773 3584 in
800 3537 929 3585 concreto
956 3548 1034 3602 prae·
1060 3537 1153 3586 tamen
1170 3529 1361 3585 convenientia
1379 3528 1451 3582 inter
1467 3525 1687 3596 praedicationes
1705 3529 1899 3599 paronymicas

198 3613 308 3667 dicame
347 3613 505 3683 disparatae
534 3621 699 3669 statuantur.
747 3621 771 3673 4.
797 3616 1034 3687 Distinguendum
1060 3625 1088 3672 et
1101 3616 1302 3687 propositiones
1315 3613 1472 3685 personales
1491 3613 1574 3667 statui
1585 3613 1691 3683 nequit,
1713 3621 1733 3668 l.
1750 3614 1899 3684 quiaduae

195 3700 268 3752 inter
288 3699 432 3767 judiciam
455 3701 611 3754 intellectus
635 3719 666 3755 er
686 3702 838 3770 principiis
857 3704 1034 3756 naturalibus
1059 3708 1176 3757 naturae
1202 3703 1230 3756 in
1248 3701 1358 3757 Christo
1378 3700 1473 3754 unitae
1499 3717 1555 3754 non
1578 3705 1643 3752 sunt
1665 3698 1723 3753 duo
1746 3700 1901 3755 accidentia

197 3785 257 3839 sine
268 3783 347 3838 verbi
359 3784 462 3839 lumine
477 3785 638 3855 judicantis,
661 3786 709 3858 qui
721 3787 934 3858 propositionem
948 3789 1034 3843 hanc:
1060 3788 1088 3842 in
1107 3787 1244 3843 communi
1263 3787 1388 3857 subjecto
1405 3785 1489 3853 unita,
1505 3785 1577 3839 sicut
1590 3783 1769 3855 philosophia
1787 3794 1817 3841 et
1829 3785 1900 3841 theo

196 3873 278 3924 Deae
297 3877 338 3924 est
356 3870 446 3934 homo,
463 3886 525 3923 cnm
544 3872 580 3925 sit
599 3872 802 3942 disputatorum
821 3873 986 3931 affirmative
998 3874 1034 3928 de
1060 3876 1135 3946 logia
1154 3875 1185 3929 in
1202 3879 1293 3928 mente
1311 3871 1445 3937 hnmana,
1465 3871 1514 3925 sed
1534 3876 1598 3925 sunt
1618 3870 1690 3924 duae
1710 3877 1832 3927 naturae
1849 3889 1901 3926 uus

197 3973 227 4010 se
249 3954 368 4009 invicem
384 3954 602 4022 enuntiatorum,
627 3961 686 4011 tam
705 3957 902 4028 impossibilem
916 3960 1033 4030 judicat,
1059 3960 1201 4032 hypostasi
1220 3959 1329 4027 unitae;
1350 3964 1373 4014 2.
1390 3973 1491 4028 corpus
1510 3963 1539 4012 et
1556 3955 1656 4022 anima,
1677 3973 1751 4026 quae
1770 3958 1808 4012 de
1823 3975 1851 4013 se
1863 3959 1899 4012 in·

196 4059 280 4113 quam
298 4040 387 4095 illam:
408 4043 500 4094 Homo
519 4049 559 4095 eet
579 4044 684 4111 asiaca,
704 4050 729 4095 et
747 4044 820 4096 irater
831 4045 974 4112 judiciam
992 4048 1033 4100 ia·
1059 4047 1147 4102 vicem
1165 4044 1339 4117 supersapere
1357 4043 1568 4114 praedicantur,
1583 4059 1643 4107 ,non
1661 4048 1729 4096 sunt
1746 4043 1822 4099 duae
1840 4045 1899 4100 sub

195 4128 321 4182 tellectaa
344 4127 428 4180 Verbi
447 4135 472 4180 et
492 4127 657 4194 spiritura.
678 4128 782 4183 lamine
800 4131 967 4198 collzutruti,
986 4132 1033 4200 qui
1059 4133 1178 4187 stantiae
1199 4131 1367 4200 completae,
1393 4146 1444 4184 nec
1467 4127 1630 4183 naturaliter
1647 4127 1779 4185 &versae
1797 4132 1899 4201 specim

195 4213 410 4284 propositionem
431 4212 503 4267 hanc
527 4212 633 4268 ratione
650 4213 760 4268 unionis
782 4215 933 4285 personalis
952 4218 1033 4271 aesti-
1060 4225 1137 4285 sunt,
1163 4217 1212 4272 sed
1237 4217 1272 4269 ad
1297 4233 1383 4271 unum
1408 4207 1553 4270 essentiale
1577 4214 1808 4270 constituendum
1832 4217 1900 4271 ordi·

195 4307 297 4354 matam
320 4315 413 4354 veram
434 4298 552 4370 judicat
590 4307 615 4354 5.
645 4299 675 4355 Si
699 4301 840 4371 disparata
860 4301 1033 4371 definiantur,
1060 4310 1124 4359 nata
1148 4309 1226 4370 sunt;
1254 4309 1277 4357 3.
1300 4301 1502 4372 propositiones
1526 4300 1684 4372 personales
1705 4308 1840 4384 constrmt
1857 4318 1899 4356 vo

195 4402 268 4456 quae
292 4386 375 4456 plane
395 4391 461 4440 sunt
478 4386 649 4455 disseparata
669 4392 698 4441 et
714 4388 790 4442 nullo
808 4388 947 4442 communi
965 4388 1034 4443 reali
1060 4388 1184 4456 cabalio,
1211 4404 1265 4442 non
1284 4386 1442 4457 adjectivis,
1467 4385 1540 4440 sicut
1559 4401 1658 4454 corpus
1678 4385 1785 4441 dicitur
1800 4389 1918 4464 animas

195 4471 377 4540 conveniunt,
406 4489 541 4544 negamus
561 4488 592 4526 eo
610 4488 692 4527 senen
712 4473 780 4526 duas
801 4472 903 4528 Christi
920 4480 1033 4529 naturas
1059 4482 1129 4542 tum,
1158 4475 1208 4530 sed
1233 4473 1412 4528 substantivis
1431 4473 1518 4542 ipsam
1535 4472 1665 4526 unionem
1684 4472 1809 4528 duarum
1825 4482 1899 4529 natu·

196 4573 256 4612 esse
280 4557 451 4627 disparatas,
480 4558 546 4631 quia
566 4563 631 4612 sunt
649 4575 734 4612 unum
753 4559 782 4612 in
801 4576 933 4628 persona,
962 4578 1034 4631 quae
1059 4578 1152 4615 rarum
1176 4560 1203 4613 in
1230 4577 1285 4614 una
1312 4575 1430 4629 persona
1455 4556 1679 4628 exprimentibus.
1724 4557 1822 4614 Homo
1847 4552 1900 4613 non

194 4646 227 4696 nt
244 4643 386 4714 quoddam
409 4643 540 4698 ἑνοποιὸν
563 4644 717 4700 intervenit.
755 4643 881 4716 Itemque
899 4646 924 4700 si
942 4646 1033 4716 dispa—
1060 4646 1161 4701 dicitur
1183 4650 1292 4701 tantum
1314 4645 1424 4700 divinus
1449 4645 1506 4700 sive
1533 4643 1691 4710 deificatus,
1717 4646 1769 4699 sed
1789 4645 1900 4713 DEUS;

195 4736 256 4782 rata
274 4729 304 4783 in
324 4727 506 4808 rationalibus
525 4730 654 4784 dicantur
672 4728 727 4782 duo
746 4730 790 4784 vel
807 4730 889 4800 plura
905 4748 1033 4801 persona·
1059 4733 1136 4787 Deus
1165 4751 1221 4787 non
1250 4739 1355 4787 tantum
1374 4732 1475 4786 dicitur
1494 4731 1646 4797 humanus,
1672 4731 1900 4802 ἒνανθρωπὴσας,

193 4813 257 4870 liter
275 4814 414 4882 dhfincta,
436 4831 570 4886 negamus
590 4815 686 4871 itidem
704 4814 757 4869 hoc
776 4833 857 4871 sensu
876 4817 946 4871 duas
956 4817 1033 4872 Chri·
1060 4818 1109 4873 sed
1135 4818 1217 4874 etiam
1235 4818 1332 4887 homo,
1359 4825 1383 4872 4.
1401 4833 1512 4888 prorsus
1535 4816 1667 4870 inusitata
1686 4822 1728 4871 est
1748 4817 1825 4872 etin
1844 4825 1900 4872 tota

194 4899 231 4957 sti
248 4906 362 4956 naturas
381 4916 441 4955 esse
464 4901 632 4971 disparatas,
658 4900 725 4970 qnia
747 4918 801 4955 non
825 4902 1034 4974 distinguuntur
1059 4923 1150 4972 rerum
1167 4905 1345 4960 universitate
1362 4904 1468 4958 nullum
1487 4903 1593 4958 habens
1611 4902 1770 4972 exemplum
1784 4904 1900 4959 duarum

189 4987 390 5054 personaliter,
409 4986 460 5042 sed
478 4987 657 5041 naturaliter.
759 4989 761 4994 “
1059 5000 1220 5047 naturarum
1245 4990 1427 5060 perfectarum
1452 4990 1488 5043 ad
1511 5007 1597 5044 unum
1616 4985 1812 5060 descripsere
1829 4990 1900 5057 nnio,

231 5078 288 5128 lil.
324 5071 376 5136 Qu.
405 5078 428 5128 4.
469 5075 516 5127 Aa
538 5074 750 5142 propositiones
777 5073 945 5142 personales
978 5075 1034 5155 siat
1060 5094 1126 5147 ergo
1153 5077 1250 5132 modus
1274 5075 1453 5146 praedicandi
1480 5092 1514 5130 ex
1540 5074 1642 5129 unione
1668 5074 1809 5130 resultans
1826 5081 1900 5130 recte

188 5162 394 5226 paroapmiaae
419 5177 453 5213 ac
476 5161 720 5213 denominativae!
748 5159 902 5230 Schegkius
926 5160 955 5213 in
974 5160 1034 5214 libr.
1062 5162 1347 5230 dicitur-inusitatum
1375 5169 1398 5217 5.
1416 5162 1445 5215 in
1463 5160 1577 5231 reliquis
1593 5160 1722 5215 omnibus
1740 5161 1898 5217 denomina-

195 5241 231 5296 de
254 5259 309 5299 nna
326 5262 433 5315 person.
460 5251 488 5300 et
509 5246 538 5299 in
555 5262 626 5315 resp.
647 5246 683 5300 ad
700 5241 824 5299 libellum
844 5245 975 5314 anonymi
992 5245 1033 5299 af·
1060 5249 1123 5302 tivis
1147 5249 1326 5319 praedicandi
1349 5250 1438 5303 modis
1463 5248 1589 5303 cohaesio
1615 5247 1736 5317 sanecti
1765 5264 1798 5304 aa
1824 5264 1899 5319 prae·

193 5327 299 5396 firmat,
326 5346 409 5399 quem
431 5330 478 5385 alii
503 5335 663 5403 sequuntur.
698 5329 936 5402 Distinguendum
961 5331 1033 5386 inter
1059 5334 1144 5389 dicati
1164 5341 1207 5389 est
1226 5335 1421 5402 accidentalis,
1441 5334 1491 5390 sed
1510 5334 1540 5388 in
1558 5333 1753 5404 personalibus
1774 5334 1900 5405 proposi·

193 5414 410 5487 qademcaaqae
435 5419 625 5471 redactionem
649 5422 679 5471 et
705 5417 776 5471 inter
791 5418 953 5486 plenariam
970 5434 1033 5470 coa·
1058 5420 1180 5476 tionibus
1206 5421 1307 5479 DEUS
1331 5422 1366 5477 de
1389 5420 1512 5488 homine,
1541 5425 1570 5474 et
1595 5419 1677 5474 homo
1704 5420 1739 5474 de
1758 5420 1821 5476 Deo
1848 5438 1900 5475 non

137 5500 139 5503 ’
192 5502 377 5569 mmmmm
395 5503 490 5558 reduci
509 5500 627 5574 possunt
645 5503 850 5573 qmdammodo
867 5501 1030 5574 propositio·
1059 5508 1236 5576 praedicatur
1253 5507 1479 5575 accidentaliter,
1497 5504 1547 5560 sed
1564 5505 1767 5575 personaliter3
1794 5511 1817 5562 6.
1837 5523 1902 5563 cum
