3984 6022
707 291 759 347 DE
778 289 1139 357 00010100Αο0οΜ
1730 303 1767 363 ῃ

79 445 179 502 llessia
196 445 402 518 proferentibus
419 445 550 501 0011οἰ010
567 464 618 502 sna
635 447 786 503 annotandi
798 447 911 502 manda-
938 448 1038 502 mundi
1061 448 1226 502 emtionem
1252 447 1393 502 cmditam
1418 463 1476 501 ease
1501 449 1609 504 duobru
1632 467 1770 507 annorum

78 541 133 588 tum
153 550 315 603 expressum
335 532 422 604 dedit,
440 551 495 605 quo
511 533 655 605 pertinent
666 535 769 592 (1100010
780 536 912 590 mandata
938 535 1061 590 0011111οσ
1078 553 1112 589 00
1125 536 1215 589 literis
1228 535 1317 603 ipneis
1327 536 1357 588 in
1372 537 1456 589 dorso
1468 535 1541 603 19010
1553 536 1673 591 condicti
1681 538 1770 606 arip

78 619 167 691 bloysi
186 627 216 675 et
239 619 381 692 propbetis
399 621 428 675 in
445 621 480 679 V.
491 621 524 678 T.
539 621 611 677 data
626 623 677 677 Ex.
695 629 733 687 11,
751 640 777 678 r.
793 627 830 678 tt.
858 623 910 676 Di·
938 631 1009 693 tom,
1040 622 1069 677 id
1095 620 1213 693 quilibet
1239 621 1397 693 parabolice
1421 621 1525 678 dictim
1549 639 1609 679 esse
1632 623 1769 696 intelligit.

77 706 115 761 ait
132 706 275 762 Dominus
294 709 335 763 ad
353 710 479 778 Moysen.
516 709 612 765 Scribe
632 711 684 764 ltoc
702 709 862 765 memoriale
881 710 909 762 in
939 709 1074 766 Nimirum
1096 726 1146 779 pro
1169 725 1245 766 more
1262 728 1312 765 sno
1330 716 1524 766 converterunt
1543 708 1696 767 (1001010010
1714 726 1770 765 ma·

79 794 149 848 libro
169 811 193 848 c.
214 799 265 864 34,
281 812 306 849 v.
327 800 368 850 m.
406 796 573 851 8001101111
589 798 673 851 cerba
690 797 768 866 laec,
785 796 852 866 puio
869 812 910 849 se·
935 797 1027 866 jorum
1053 797 1088 853 de
1113 801 1225 852 aaaron
1246 803 1275 851 et
1298 797 1413 851 immota
1434 796 1504 868 legis
1521 813 1618 852 norma
1634 796 1663 852 in
1680 812 1770 868 nugas

79 882 198 934 cundem
216 882 301 936 serbo
320 883 376 936 sista
390 884 491 954 pepipi
499 885 608 952 foedere
625 892 712 938 mcum
729 891 754 937 et
772 882 912 952 cumflliis
939 890 968 937 et
993 882 1112 938 fabulas.
1155 883 1292 954 «Iosephus
1317 882 1380 938 libr.
1407 890 1428 939 1.
1452 883 1579 957 antiquit.
1604 901 1629 941 o.
1653 889 1678 940 3.
1696 899 1770 938 meu·
1804 946 1813 961 ,

78 968 179 1024 Israel.
217 968 318 1024 Εο0100
335 969 404 1024 dicit
419 968 554 1025 Dominus
572 987 596 1025 c.
616 975 640 1039 8,
657 988 682 1025 r.
702 977 724 1026 1.
766 970 845 1024 Tolle
860 969 912 1023 tibi
938 970 1040 1026 tionem
1062 969 1130 1025 facit
1153 971 1337 1042 quorundam,
1368 987 1438 1041 quae
1460 986 1478 1024 a
1497 970 1581 1028 Setbo
1599 969 1707 1025 duabus
1726 986 1770 1025 00

78 1053 204 1108 volumen
227 1056 351 1123 900010,
380 1064 405 1109 et
430 1057 620 1111 naiteinos
640 1057 858 1126 styloiominis.
886 1074 910 1113 0.
939 1055 1039 1112 lamnis
1069 1064 1133 1114 ante
1165 1057 1301 1112 (111001οι0
1325 1059 1438 1114 sumunt
1459 1057 1548 1113 incisa
1573 1064 1601 1115 ct
1627 1057 1772 1128 inscripta,

80 1144 120 1208 to,
138 1160 164 1196 r.
176 1147 200 1198 8.
231 1142 330 1196 Scribe
349 1142 424 1197 illud
441 1144 470 1197 in
488 1144 584 1197 tabula
596 1145 644 1213 eis,
662 1153 687 1199 et
700 1145 729 1197 ia
740 1144 811 1198 libro
825 1160 912 1198 ecura
938 1144 988 1199 sed
1006 1161 1040 1200 ea
1057 1162 1113 1200 000
1131 1143 1323 1215 pertinuerunt
1339 1144 1376 1199 ad
1393 1143 1553 1214 scriptume
1570 1161 1719 1214 canonem,
1738 1160 1772 1200 ac

79 1228 162 1291 011οά,
181 1236 207 1282 01
224 1229 278 1282 erit
294 1229 324 1282 in
343 1229 390 1284 die
405 1230 554 1284 0001001000
574 1231 605 1284 in
623 1230 810 1295 testimonium
828 1248 912 1300 00000
938 1228 1021 1286 hodie
1041 1231 1160 1301 amplius
1176 1248 1232 1287 non
1248 1236 1364 1295 exstant,
1381 1249 1430 1286 nos
1450 1246 1515 1287 vero
1532 1232 1584 1287 hoo
1598 1232 1658 1287 loco
1673 1230 1709 1287 de
1720 1231 1771 1286 ori·

80 1314 253 1370 insecuium.
280 1313 382 1371 Jerena
395 1313 786 1384 &denominassent
815 1317 911 1372 Scribe
938 1316 1004 1388 gine
1030 1316 1189 1390 scripturae
1211 1317 1360 1372 canonicae
1383 1317 1500 1389 agimus.
1538 1317 1688 1390 Augustin.
1707 1317 1771 1373 libr.

79 1403 130 1455 tibi
148 1403 244 1456 omnio
262 1402 361 1469 00010,
380 1421 452 1472 quoe
470 1421 531 1457 sum
550 1404 657 1459 1000100
677 1405 719 1457 ad
737 1411 762 1457 te
779 1403 809 1457 in
827 1404 909 1458 libro.
942 1411 980 1460 15.
997 1404 1032 1460 de
1046 1404 1105 1460 civ.
1117 1403 1171 1460 Dei
1188 1421 1211 1459 0.
1230 1409 1271 1460 23.
1282 1403 1321 1458 de
1338 1403 1446 1458 Enoobi
1462 1404 1572 1475 scriptis
1590 1406 1630 1461 sic
1652 1404 1771 1461 deruit

80 1505 103 1545 o.
119 1493 166 1556 36,
185 1506 213 1544 s.
232 1493 257 1544 2.
297 1488 378 1544 Tolle
394 1489 447 1544 tibi
461 1489 589 1545 uolumen
608 1490 689 1557 libri,
717 1497 744 1545 et
761 1490 864 1544 scribes
882 1490 912 1543 in
940 1490 1093 1561 8001001000
1110 1492 1222 1562 quidem
1239 1490 1376 1545 00000110
1394 1492 1492 1546 cimino
1505 1491 1603 1546 Enosis
1619 1490 1702 1544 illum
1713 1506 1773 1559 sep-

81 1592 111 1629 00
128 1576 225 1630 omnia
242 1576 335 1644 serbo,
352 1593 425 1646 quoe
442 1576 550 1630 1000100
561 1595 622 1631 sum
634 1579 676 1631 ad
685 1584 712 1630 te
722 1592 807 1646 sospes
818 1575 913 1630 [00001
939 1580 1033 1632 timum
1051 1579 1087 1631 ab
1107 1579 1204 1632 Adam
1219 1595 1323 1646 aspare
1341 1596 1397 1633 non
1408 1595 1573 1648 possumus,
1592 1595 1654 1631 oum
1672 1578 1724 1632 boc
1743 1577 1774 1630 is

82 1670 106 1715 et
123 1678 210 1732 amer
226 1662 307 1716 Juda
325 1670 350 1715 et
369 1679 454 1733 super
469 1681 562 1718 omnes
578 1671 671 1733 pentes
689 1682 707 1716 o
726 1664 780 1730 (110,
798 1681 855 1732 qua
870 1663 911 1716 io·
941 1664 1074 1735 Epistola
1094 1665 1229 1720 canonica
1248 1666 1345 1719 Judos
1363 1665 1507 1735 apostolus
1526 1664 1611 1718 diem.
1645 1664 1704 1719 Sed
1716 1680 1772 1717 noo

83 1757 159 1803 00100
177 1766 239 1803 sum
258 1751 299 1802 od
316 1756 349 1805 te.
383 1747 524 1805 Ezechieli
542 1749 610 1805 dicit
628 1749 764 1804 Dominus
782 1767 806 1804 c.
828 1754 870 1817 m,
887 1767 912 1802 v.
934 1753 1050 1818 feretra
1072 1768 1129 1805 non
1153 1760 1217 1805 sunt
1240 1753 1270 1806 in
1289 1770 1321 1807 eo
1339 1768 1446 1806 canone
1467 1751 1695 1821 &sicomorum
1723 1749 1773 1818 qui

80 1840 104 1890 2
137 1835 202 1890 Fili
217 1835 345 1905 lomins's,
362 1837 452 1890 scribe
468 1837 521 1889 tibi
536 1854 635 1891 nomen
654 1836 720 1901 diei,
737 1854 791 1906 quo
810 1853 912 1905 oppro-
939 1838 1102 1891 sanabatur
1128 1838 1158 1892 in
1181 1838 1282 1907 templo
1300 1838 1426 1894 Hebraei
1446 1839 1550 1909 populi
1570 1837 1773 1892 accedentium

77 1922 224 1992 pinqucoit
246 1938 296 1976 rea
319 1923 411 1978 Bobel
439 1924 481 1977 od
500 1922 674 1988 Jerusalem,
701 1939 723 1978 0
744 1929 790 1981 43.
817 1940 843 1975 v.
871 1925 911 1978 11.
940 1924 1089 1992 (1111900110
1113 1925 1296 1979 sacerrimum.
1341 1924 1397 1979 Gur
1420 1932 1511 1979 001000
1534 1924 1599 1992 boc,
1625 1924 1683 1978 nisi
1706 1922 1772 1993 quio

80 2009 280 2079 &mactiones
303 2010 402 2064 0100000
429 2018 455 2064 01
478 2028 571 2065 omnes
597 2010 671 2078 lepos
694 2010 754 2078 ejus
773 2009 844 2062 scire
856 2009 913 2075 sae
940 2010 973 2064 ob
998 2011 1191 2080 antiquitatem
1218 2018 1345 2080 suspecta
1366 2011 1440 2080 fidei
1456 2011 1592 2080 judicata
1617 2018 1693 2078 0001,
1722 2025 1773 2063 nec

80 2112 126 2150 eos
151 2096 285 2150 01000110
303 2097 334 2149 in
351 2096 441 2151 oculis
458 2112 564 2152 comm.
602 2096 753 2152 Habacuoo
771 2095 840 2150 dicit
856 2094 912 2150 Do·
940 2104 1031 2151 atram
1049 2097 1118 2152 boec
1136 2105 1238 2164 essent,
1256 2114 1329 2166 mooe
1346 2098 1397 2152 ille
1414 2096 1584 2166 seripss’ssst,
1597 2103 1712 2166 potant
1731 2095 1773 2149 in·

80 2181 170 2237 001000
189 2198 215 2237 0.
234 2188 258 2250 2,
274 2200 301 2236 v.
314 2188 339 2240 1.
378 2182 475 2237 Scribe
491 2184 624 2238 os'sioaem
641 2192 667 2238 et
683 2184 853 2254 0010100010
871 2190 912 2235 m·
939 2184 1110 2248 assisinos
1129 2184 1232 2238 talibus
1247 2183 1470 2253 proferentibus,
1489 2183 1538 2252 qui
1556 2199 1590 2237 aa
1603 2199 1658 2252 per
1675 2183 1774 2237 0001000
1870 2243 1878 2253 „

80 2270 166 2338 osto,
193 2276 224 2323 ut
236 2277 403 2339 percurrat,
426 2271 476 2339 qui
491 2270 590 2338 lecerit
608 2287 677 2326 eom.
712 2269 776 2325 Huc
794 2269 914 2340 pertinet
940 2271 1121 2326 000000010οὼ
1147 2270 1321 2341 reperientur
1346 2271 1400 2324 rite
1425 2286 1557 2323 seruasse.
1609 2270 1688 2324 Unde
1711 2269 1774 2333 ilia,

81 2355 156 2428 quod
180 2355 278 2427 lingua
294 2355 412 2411 Doridis
436 2356 536 2412 dicitur
559 2358 646 2426 malus
659 2358 787 2428 prompti
805 2357 913 2411 scribom
940 2373 1012 2427 puae
1028 2358 1077 2410 sut
1096 2357 1157 2426 ejus
1174 2357 1283 2413 nomine
1296 2357 1493 2426 prosecuntur,
1512 2365 1538 2410 et
1555 2357 1693 2410 contineat
1704 2356 1776 2409 10100

79 2440 125 2496 Ρο.
143 2448 190 2509 45,
217 2459 242 2496 v.
260 2447 285 2498 2
306 2444 355 2514 qui
371 2443 463 2500 scriba
475 2463 531 2500 non
547 2452 589 2499 est
605 2444 675 2501 alius
692 2463 776 2516 quam
794 2442 912 2514 Spiritus
940 2445 975 2497 de
992 2443 1152 2512 pipomibue
1167 2443 1300 2509 fabulas,
1323 2445 1401 2512 quod
1417 2459 1473 2496 non
1490 2443 1636 2496 1101000101
1652 2443 1775 2496 homines

81 2534 195 2583 0000100
212 2545 334 2585 summm
353 2528 512 2600 Scriptorum
530 2537 625 2593 antor,
647 2540 679 2587 ut
696 2533 777 2588 docet
792 2530 912 2586 Basilius
938 2538 1049 2600 potres,
1075 2539 1148 2585 recte
1170 2548 1189 2584 a
1203 2529 1387 2600 prudentibus
1409 2529 1590 2598 jssds‘contur,
1607 2546 1663 2582 non
1685 2528 1774 2597 spese

80 2613 110 2669 in
129 2631 220 2671 enm.
240 2613 324 2685 hujus
341 2616 441 2687 psalmi
457 2624 522 2673 tom.
545 2626 566 2686 l,
589 2635 617 2688 p.
636 2623 694 2674 ate.
733 2618 778 2673 De
796 2633 912 2688 evange
940 2633 996 2671 ecee
1014 2618 1165 2680 medendo,
1184 2618 1255 2671 sicut
1272 2617 1362 2671 multo
1379 2617 1429 2670 001
1447 2617 1604 2671 nominibus
1615 2623 1641 2670 et
1652 2615 1775 2669 oliorum

79 2700 151 2755 listis
173 2701 352 2771 etapostolis
369 2702 398 2756 10
415 2702 450 2760 Ν.
469 2701 501 2758 Τ.
520 2702 605 2774 poulo
621 2704 729 2775 postia
747 2703 912 2776 quaestioni·
937 2704 1139 2773 propbetamm
1163 2711 1188 2757 et
1213 2705 1370 2758 recentiora
1393 2703 1443 2756 sub
1461 2702 1617 2757 semissibus
1634 2701 1775 2773 apostolo·

79 2787 133 2843 bus
146 2786 386 2855 demonstrabitur,
405 2788 480 2860 quod
498 2788 637 2844 scribendi
650 2790 811 2860 manantem
822 2788 913 2844 aDeo
939 2808 1001 2843 rum
1019 2791 1054 2844 ab
1072 2790 1222 2845 liceretieis
1235 2792 1436 2859 proferuntur,
1459 2806 1530 2859 quoe
1549 2789 1643 2844 omnia
1660 2789 1709 2842 001
1727 2806 1776 2842 no·

79 2873 244 2945 acceperint
261 2871 304 2927 Er
316 2872 418 2945 quibus
429 2874 557 2930 omnibus
567 2874 607 2930 sic
616 2876 814 2932 concludimus.
827 2876 912 2947 Cujus
940 2877 1013 2930 mine
1024 2877 1248 2947 apocryphorum
1260 2877 1410 2930 0100001010
1421 2876 1558 2930 conamen
1569 2876 1701 2944 adipem·
1710 2892 1775 2929 aaa·

76 2963 161 3032 jnssu
185 2966 214 3015 et
231 2960 363 3017 mandato
381 2961 533 3033 prophetae
550 2962 579 3018 in
595 2963 632 3021 V.
649 2963 682 3028 Τ.
702 2968 730 3018 01
749 2962 868 3035 apostoli
885 2963 914 3017 10
942 2963 1092 3018 minatione
1109 2971 1216 3018 remoto
1233 2971 1302 3018 0001.
1329 2962 1407 3018 Haec
1419 2962 1602 3034 Augustinus.
1618 2959 1775 3019 Seilinda·

79 3046 831 3120 00001μο001,ἱεωιειιωωωεοιῑρωιωωοωι.
850 3050 914 3105 dam
941 3068 996 3106 nou
1014 3049 1094 3118 dicit,
1120 3051 1267 3106 Enocbum
1283 3049 1441 3120 scripsisse,
1465 3050 1515 3105 sed
1532 3055 1640 3103 1001000
1654 3049 1775 3118 prople-

78 3150 145 3190 soro
161 3134 217 3189 Dei
235 3134 368 3204 jussum
392 3135 521 3191 mandato
543 3136 632 3193 sancti
654 3135 696 3190 illi
712 3135 766 3190 Dei
790 3134 915 3208 hominm
942 3145 1029 3204 tasse,
1053 3137 1128 3209 quod
1145 3154 1196 3207 per
1212 3135 1444 3207 praedicationem
1463 3134 1540 3189 vivae
1558 3134 1633 3190 vocis
1649 3133 1711 3188 fieri
1727 3151 1782 3209 pofa

78 3221 258 3293 conponunt
275 3219 351 3291 Ergo
361 3220 440 3277 Deos
450 3228 493 3277 eat
504 3239 627 3278 summus
641 3221 800 3293 scripturae
812 3220 915 3279 auctor.
942 3224 1010 3294 tuit,
1034 3241 1066 3279 00
1083 3222 1173 3279 Judas
1190 3223 1243 3278 hoc
1260 3223 1366 3278 Enocbi
1384 3221 1547 3277 vaticinium
1564 3219 1668 3276 babere
1684 3220 1776 3290 potuit

116 3314 157 3365 u.
178 3313 204 3363 3.
223 3309 269 3362 Ea
288 3310 396 3363 interno
415 3310 651 3379 adscriptionem
669 3310 798 3380 impulsu.
838 3309 916 3366 Siout
942 3329 976 3367 ex
997 3309 1154 3366 indubitata
1175 3309 1336 3375 traditione,
1366 3309 1439 3363 sicut
1454 3307 1560 3363 Paulus
1585 3305 1697 3361 nomina
1719 3323 1775 3361 ma·

78 3395 188 3466 Spiritu
205 3400 301 3450 saneto
322 3393 489 3468 occiperes,
509 3395 636 3466 inspirati
654 3404 682 3452 et
699 3395 812 3467 impulsi
830 3395 915 3450 locuti
942 3414 1040 3470 goram
1058 3398 1166 3451 Jonner
1185 3405 1211 3450 et
1227 3399 1359 3451 Jombres
1377 3401 1401 3451 2.
1419 3394 1489 3449 'lina
1508 3400 1533 3458 3,
1552 3412 1578 3449 s.
1596 3400 1620 3448 8.
1657 3392 1776 3457 Quidam

78 3487 145 3537 sunt
167 3480 259 3536 sancti
275 3479 327 3536 Dei
351 3480 476 3537 homines
499 3488 522 3538 1.
539 3481 613 3538 Petr.
635 3489 661 3551 1,
688 3502 713 3538 r.
735 3489 772 3540 11.
791 3483 831 3539 110
849 3501 916 3555 quo-
944 3485 978 3541 de
996 3483 1064 3540 reali
1082 3482 1174 3554 potius
1193 3500 1277 3554 quam
1289 3481 1395 3538 verbali
1405 3480 1615 3552 prophetiaboc
1627 3479 1777 3550 accipiunt.
1884 3552 1887 3559 ⁴

80 3585 136 3640 que
152 3567 278 3639 01000100
296 3567 419 3638 impulsu
436 3574 465 3623 et
476 3568 612 3640 inspiratu
623 3570 801 3641 scripserunt.
833 3569 916 3625 Ratio
943 3572 1021 3629 Siout
1038 3587 1110 3626 mors
1130 3568 1278 3640 corporalis
1297 3569 1326 3623 in
1343 3585 1390 3624 sex
1410 3569 1515 3640 priores
1529 3575 1621 3639 patres
1636 3565 1776 3635 ecelesiae,

81 3663 139 3725 sn,
157 3655 226 3727 qnia
245 3671 301 3710 non
318 3655 407 3710 solum
426 3655 456 3710 in
475 3656 679 3726 praedicatione
697 3656 838 3712 doetrinae
855 3672 915 3712 coe·
943 3659 1072 3715 videlicet
1089 3657 1117 3712 in
1136 3656 1289 3724 Adamum,
1307 3655 1388 3725 Seth,
1405 3655 1493 3722 Eoos,
1512 3655 1621 3724 Kenan,
1639 3653 1778 3709 Mabaleill

80 3741 173 3810 lestis,
200 3740 249 3796 sed
272 3740 355 3796 011010
377 3741 406 3796 10
432 3742 582 3813 scriptione
602 3743 715 3799 inerunt
731 3743 786 3800 Dei
802 3759 915 3814 organa,
944 3753 972 3800 et
988 3745 1076 3801 iared
1098 3750 1210 3815 propter
1233 3749 1378 3814 peceatum
1400 3741 1550 3797 efficaciter
1569 3742 1710 3797 dominata
1728 3747 1777 3808 est,

81 3827 157 3883 nnde
178 3827 208 3881 in
232 3826 299 3896 ipsis
323 3826 457 3882 librorum
480 3828 598 3884 exordiis
625 3847 684 3886 sese
700 3829 754 3887 Dei
778 3846 871 3886 servos
889 3835 917 3884 01
941 3831 971 3887 10
997 3830 1144 3901 septimum
1172 3847 1236 3884 vero
1260 3828 1355 3883 Enoch
1384 3845 1462 3882 suam
1488 3828 1544 3882 vim
1571 3833 1600 3882 ct
1626 3827 1778 3898 potentiam

83 3912 187 3971 Christi
209 3913 348 3983 apostolos
373 3921 481 3970 vocant
520 3901 686 3986 Cumprimis
712 3934 777 3972 vero
795 3915 917 3987 peculia·
943 3933 1071 3974 exercere
1085 3934 1142 3972 non
1160 3914 1263 3986 potuit:
1284 3914 1324 3970 ita
1342 3931 1451 3986 quoque
1469 3931 1519 3984 per
1536 3931 1583 3969 sex
1596 3913 1777 3969 001111000οο-

82 4001 152 4057 riter
165 4005 285 4070 notetur,
305 4000 380 4071 qnod
400 3999 542 4071 Scriptura
562 4017 641 4056 saera
657 4009 772 4059 vocetur
786 4001 916 4057 sconsio·
943 4022 1016 4072 rom,
1044 4002 1144 4075 quibus
1167 4001 1285 4056 mundns
1304 4001 1349 4055 bie
1367 4000 1469 4069 stabit,
1496 4001 1525 4055 in
1543 4018 1635 4057 omnes
1653 4001 1777 4057 homines

81 4092 188 4148 croci.
205 4085 325 4142 'l'imotb
346 4092 370 4144 3.
389 4093 470 4143 016.
510 4087 598 4160 Atqui
616 4097 764 4161 augustam
782 4089 851 4147 illud
870 4108 917 4145 no·
943 4088 1145 4155 dominabitur,
1172 4087 1221 4143 sed
1239 4087 1267 4141 in
1285 4086 1402 4158 septimo
1420 4087 1586 4156 millenario,
1604 4088 1651 4159 qui
1670 4088 1777 4144 initium

80 4191 148 4230 men
167 4172 291 4230 obtinere
306 4173 420 4228 minime
438 4182 541 4244 posset,
558 4175 611 4230 nisi
630 4174 724 4232 divina
737 4175 917 4247 inspiratione
943 4183 1072 4232 aeternae
1089 4193 1122 4230 ae
1141 4175 1268 4232 coelestis
1286 4174 1358 4229 vitae
1377 4173 1486 4228 futurus
1500 4179 1550 4243 est,
1569 4164 1669 4229 {amisso
1681 4174 1778 4228 000100

82 4267 158 4315 00001
173 4267 286 4315 morata
303 4265 331 4316 et
347 4260 425 4316 Deus
447 4262 508 4340 ejus
525 4279 648 4316 summus
666 4271 763 4319 auctor
781 4271 862 4319 esset.
942 4281 993 4318 suo
1011 4279 1122 4335 prorsus
1137 4260 1299 4328 abolebitur,
1319 4265 1403 4331 atque
1415 4277 1447 4316 eo
1459 4260 1597 4331 respicere
1608 4260 1778 4317 arbitrantur

120 4354 161 4403 15.
190 4353 215 4403 4.
236 4349 282 4402 Ea
305 4355 424 4415 aupusto
449 4349 610 4418 scriptionis
634 4349 725 4403 initio.
762 4350 839 4406 Dens
863 4367 917 4406 non
943 4350 1059 4414 iudam,
1087 4348 1199 4419 qnando
1216 4347 1360 4402 Euocbnm
1384 4345 1530 4417 septimum
1556 4346 1592 4401 ab
1609 4346 1717 4400 Adamo
1741 4344 1777 4399 de

81 4432 174 4490 solnm
196 4432 311 4488 verbnm
335 4450 416 4489 snum
442 4433 598 4490 bominibus
621 4435 768 4505 patefecit,
797 4437 827 4490 in
844 4435 917 4492 Sori-
940 4435 1049 4506 judicio
1067 4441 1189 4490 extremo
1207 4432 1385 4489 vaticinatum
1405 4451 1465 4490 esse
1483 4432 1587 4488 scribit

81 4529 182 4593 ptores
208 4518 277 4574 illud
302 4520 392 4592 redigi
415 4520 572 4591 praecepit,
601 4526 629 4575 et
654 4520 762 4577 interno
782 4522 918 4593 inspiratu
981 4528 1019 4578 16.
1038 4521 1149 4577 Certarm
1168 4519 1446 4591 igituretimmotum
1460 4525 1528 4586 esto,
1545 4517 1695 4591 canonicae
1706 4517 1776 4574 Scri·

80 4607 121 4663 ad
147 4604 325 4662 scribendnm
348 4605 496 4677 prophetas
515 4613 544 4661 et
561 4606 700 4677 apostolos
720 4608 849 4679 impulit,
869 4607 917 4662 sed
944 4615 1042 4678 pturae
1065 4606 1174 4661 initium
1200 4606 1294 4661 aDeo
1319 4604 1379 4675 ipso
1397 4604 1429 4658 iu
1444 4604 1551 4683 solenni
1570 4604 1639 4676 legis
1658 4603 1777 4674 promul-

81 4692 170 4749 etiarn
195 4692 271 4747 verbi
298 4693 341 4747 sui
369 4692 546 4763 scriptionem
571 4711 621 4749 suo
644 4693 719 4751 facto
744 4701 772 4749 et
793 4694 918 4764 exemplo
944 4693 1055 4765 gerione
1074 4691 1256 4760 essefaotnm,
1276 4690 1594 4762 quodadantoritatem,
1613 4690 1776 4762 dignitatem

10 4797 68 4845 ,x
82 4779 213 4850 initiavit,
231 4779 370 4835 dedicant
387 4784 416 4836 et
431 4779 610 4850 consecravit,
628 4780 740 4851 quando
752 4781 836 4837 verba
848 4779 919 4852 legis
944 4797 977 4837 00
996 4781 1168 4850 majestatem
1182 4778 1340 4850 Scripturas
1358 4777 1549 4832 illustrandam
1561 4777 1709 4848 plurimum
1720 4793 1777 4832 om·

83 4882 155 4923 suae
171 4864 275 4921 tabulis
292 4866 410 4937 lapideis
429 4866 546 4937 ipsemet
563 4866 709 4938 inscripsit.
727 4874 759 4923 ut
776 4868 815 4922 sie
829 4867 919 4938 prima
945 4868 1010 4923 nino
1027 4866 1102 4922 facit.
1134 4865 1211 4931 Quae
1230 4865 1303 4920 enim
1322 4867 1356 4917 dc
1369 4864 1441 4918 libro
1454 4865 1524 4918 Jobi
1535 4864 1572 4918 ab
1584 4863 1703 4935 Origene
1715 4863 1777 4920 libr.

82 4951 246 5024 Scdptnrae
263 4953 341 5025 origo
358 4953 449 5009 Deum
467 4952 558 5024 ipsum
574 4959 713 5010 auctorem
730 4953 918 5010 immediatum
949 4961 969 5009 1.
988 4954 1017 5008 10
1028 4952 1131 5010 Joburn
1148 4956 1177 5006 01
1195 4951 1362 5024 quibusdam
1373 4949 1434 5004 aliis
1446 4950 1608 5018 afferuntur,
1626 4950 1776 5021 quodcum

81 5045 229 5113 03000001.
239 5039 329 5096 Exod.
340 5045 382 5107 rt,
399 5058 424 5095 v.
442 5045 464 5096 1.
495 5041 579 5094 Dicit
591 5040 730 5094 Dominus
741 5043 783 5095 od
793 5042 919 5108 Moysen
945 5041 1056 5109 Moyses
1080 5039 1155 5110 apud
1173 5038 1270 5093 101100
1294 5053 1417 5092 scemam
1435 5054 1515 5091 snum
1534 5036 1562 5090 in
1581 5042 1655 5091 terra
1672 5037 1779 5095 Midian

82 5127 216 5184 secam
240 5129 282 5182 aa
300 5145 343 5182 ms
358 5127 388 5182 0
405 5134 522 5181 nonem
540 5135 588 5181 sn.
607 5135 632 5181 a
650 5128 723 5181 aas
740 5128 792 5182 aar
808 5085 1083 5196 asculenses,
1102 5132 1131 5179 n
1148 5141 1240 5181 snum
1259 5123 1295 5178 so
1307 5121 1379 5177 filios
1391 5122 1479 5177 Israel
1490 5122 1519 5177 u
1531 5122 1778 5194 0031000000-

81 5213 220 5285 lapideos
237 5222 264 5268 et
281 5215 369 5283 100000
387 5221 412 5268 01
423 5214 594 5281 marmorum,
613 5229 684 5281 quoe
698 5215 803 5284 0001001
813 5216 855 5268 ad
868 5216 918 5272 do:
945 5213 1020 5281 lerit,
1043 5219 1075 5267 ut
1092 5211 1216 5281 exemplo
1232 5208 1299 5266 tobi
1318 5207 1505 5265 Pharaonioao
1523 5209 1714 5279 oppressiones
1731 5227 1778 5281 pn

83 5301 206 5356 00001000
222 5318 276 5355 eos.
311 5299 399 5356 Exod.
420 5301 462 5369 31,
480 5317 506 5354 r.
521 5304 561 5356 16.
592 5300 631 5353 Et
650 5300 763 5354 tabulae
783 5319 853 5371 opus
864 5301 923 5357 Dei
945 5299 1045 5356 tienter
1061 5297 1133 5354 ferre
1151 5296 1293 5362 1110000001,
1312 5311 1368 5349 ooo
1386 5301 1504 5364 possunt
1521 5294 1603 5350 certis
1621 5304 1649 5352 et
1659 5297 1780 5353 immotis

83 5396 176 5445 mat.
202 5395 228 5442 et
240 5387 389 5457 Scriptura
403 5385 551 5456 Scriptura
569 5385 625 5438 Dei
643 5393 712 5441 erot.
747 5385 826 5450 Quod
843 5386 919 5442 Rab-
945 5384 1114 5458 argumentis
1140 5380 1301 5438 confirmari.
1351 5379 1453 5435 Confer
1479 5379 1548 5436 sixt.
1574 5380 1637 5437 Sen.
1664 5382 1725 5438 libr.
1755 5387 1777 5438 1.

83 5473 147 5529 bini
170 5472 308 5537 referente
331 5470 462 5528 Galatino
488 5470 550 5526 libr.
575 5478 597 5527 1.
621 5472 657 5527 de
681 5488 773 5528 aroau
797 5490 820 5528 c.
847 5480 870 5530 1.
893 5480 921 5528 et
944 5470 1077 5528 Bibliotb.
1100 5473 1214 5523 0000100
1237 5467 1281 5523 tit.
1304 5466 1370 5522 iob.
1394 5484 1422 5538 p.
1447 5472 1471 5520 t.
1510 5466 1613 5524 101001
1636 5485 1671 5524 ex
1694 5474 1778 5525 014.

78 5557 244 5619 choblino
262 5556 325 5614 libr.
340 5562 365 5634 3.
399 5557 523 5615 Osbalae
539 5555 646 5626 dicunt,
671 5556 760 5628 100000
778 5559 837 5614 Dss'
856 5567 920 5615 ants
945 5558 1033 5615 Enod.
1051 5576 1076 5611 v.
1095 5563 1120 5613 1.
1137 5552 1187 5612 ubi
1211 5553 1314 5609 mentio
1337 5550 1369 5607 111
1391 5553 1540 5609 missurio
1558 5555 1689 5620 foederis
1712 5559 1781 5610 aute

954 5668 955 5673 ’
1434 5659 1451 5713 t
