3984 6022
780 302 1012 361 ornamina
1027 303 1103 358 nn1.
1213 339 1216 348 .
1708 311 1769 373 26,

67 457 181 528 aliquod
194 459 284 530 magis
301 477 349 514 ens
365 475 400 512 ac
418 458 510 512 minua
529 475 585 515 ens.
613 458 654 512 At
670 459 723 513 hoc
739 475 796 512 non
815 464 907 527 potest
934 455 1041 511 tullian.
1059 456 1088 511 in
1107 458 1218 529 apolog.
1236 474 1261 512 c.
1282 463 1325 513 ta:
1356 457 1416 520 Quo
1434 457 1545 527 plenius
1565 466 1590 512 ct
1607 459 1770 529 impressius
1782 481 1891 531 ..Wes-

68 543 97 596 in
116 544 232 598 dismia
253 544 387 599 bonoram
405 546 556 600 atentiam
576 546 725 616 generibus
744 546 834 600 locum
860 546 907 600 ha·
935 550 993 596 tam
1013 544 1103 612 ipsam
1122 544 1238 613 (Deum)
1258 563 1342 614 quam
1365 545 1563 622 dispositiones
1587 547 1650 615 ejas
1674 555 1699 600 st
1723 565 1770 601 oo·
1782 533 1891 626 mii.

68 630 147 693 bere,
168 630 222 684 nisi
248 637 331 701 prout
356 631 502 702 quodlibet
527 649 620 686 eorum
646 631 735 702 magia
753 631 798 686 vel
817 630 907 684 minus
934 629 1053 683 luutatas
1072 632 1224 698 odirsmua
1244 631 1453 683 instrumentum
1470 632 1578 699 adjecit
1594 632 1769 700 literaturae,
1783 641 1908 707 tityru-

69 717 275 786 appropinquat
302 717 385 771 alicui
410 734 517 772 summo
543 716 616 771 bono
644 733 678 770 ac
705 733 812 770 summo
840 717 906 783 enti,
933 715 961 767 ai
976 716 1048 784 qaid
1062 716 1129 768 satit
1147 717 1182 768 da
1199 716 1287 769 DEO
1304 716 1447 784 inquirere
1470 723 1497 768 at
1514 717 1677 785 inquisitum
1696 719 1769 771 inos-
1782 709 1853 781 “tua

20 840 33 850 .
68 809 177 871 oportet
195 819 263 873 ergo
284 819 344 857 esse
368 803 475 874 aliquid
495 803 630 872 optimum
654 808 683 857 et
706 802 905 857 nobilissimum
933 801 994 854 aire
1013 802 1158 854 etinoeoto
1176 803 1290 855 cresim
1306 810 1332 855 at
1350 801 1458 854 credito
1471 803 1618 859 dormire.
1648 801 1771 858 Possunt

68 905 128 956 ena,
145 888 220 959 quod
242 890 381 944 communi
399 907 535 944 consensu
546 889 638 945 Deum
656 906 793 944 vocamus.
818 888 905 942 Anah.
933 893 1026 941 autam
1038 886 1107 940 haec
1119 886 1302 941 fundamenta
1317 886 1441 941 revocari
1453 887 1488 940 ad
1507 888 1652 958 sequentia
1668 889 1770 958 capita

68 974 98 1027 in
116 975 216 1028 monol.
234 990 258 1028 c.
277 982 299 1031 1.
318 974 383 1030 Huc
402 976 523 1045 pertinet
541 975 624 1030 etiam
644 992 677 1031 aa
696 974 906 1030 demonstratio:
936 976 958 1023 1.
979 973 1021 1024 ad
1044 973 1108 1040 ipsa
1133 973 1232 1038 diviua
1257 973 1383 1027 oracula
1418 972 1454 1026 In
1475 972 1592 1044 singulis
1615 972 1674 1028 fere
1699 974 1771 1028 Scri·

69 1059 258 1131 Quaecunque
283 1066 361 1130 aunt,
388 1078 422 1116 ea
439 1046 488 1115 aut
504 1061 596 1115 omnia
614 1068 680 1114 sunt
697 1059 842 1129 possibilia
858 1065 908 1113 aut
933 1062 1033 1125 pturae
1045 1073 1139 1112 sacrae
1158 1058 1267 1128 paginis
1286 1060 1322 1114 de
1340 1058 1432 1119 verbis
1451 1065 1480 1112 et
1496 1058 1694 1128 operibust
1711 1059 1771 1130 agi·

69 1162 134 1200 non.
160 1144 190 1200 Si
201 1147 295 1200 omnia
309 1154 374 1201 sunt
385 1146 537 1216 possibilia,
556 1147 681 1216 sequitur
693 1147 767 1217 quod
783 1144 905 1216 quando·
933 1148 987 1208 tur,
1004 1158 1038 1195 ac
1049 1142 1127 1196 Deus
1144 1144 1180 1198 da
1194 1161 1224 1199 ae
1233 1144 1293 1214 ipso
1308 1143 1558 1198 luculentissimum
1573 1145 1631 1198 edit
1646 1145 1770 1199 testimo·

69 1247 124 1302 que
142 1230 237 1292 sintae
255 1231 324 1286 nihil
342 1231 434 1298 fuerit,
452 1231 585 1301 possibile
603 1231 676 1286 onim
696 1229 838 1301 estquod
858 1247 906 1300 po·
933 1226 1017 1294 nium,
1038 1244 1102 1281 cum
1122 1235 1151 1283 et
1167 1228 1283 1284 idoneus
1302 1236 1330 1284 et
1345 1229 1489 1284 sufficiens
1506 1230 1542 1283 sit
1561 1229 1711 1300 suiipsius
1729 1237 1766 1284 te·

69 1322 112 1370 est
129 1333 204 1381 asae,
223 1316 419 1388 utaliquando
436 1335 491 1371 non
510 1315 577 1384 fuit,
594 1333 657 1370 nam
677 1316 699 1370 si
719 1332 828 1385 semper
844 1316 906 1383 fuit,
933 1312 991 1366 stin
1011 1316 1036 1366 2.
1055 1315 1154 1367 diviua
1173 1316 1296 1383 uomina,
1316 1315 1417 1386 quibua
1434 1314 1536 1371 DEUS
1554 1332 1584 1369 se
1602 1315 1693 1384 ipsum
1710 1323 1770 1369 tum

69 1419 126 1455 non
144 1402 293 1472 possibile,
311 1404 360 1458 sed
377 1402 564 1458 necessarium
582 1402 645 1456 fnit.
679 1401 719 1455 At
736 1401 830 1454 multis
850 1417 906 1455 rno-
934 1397 1102 1466 immediate,
1122 1405 1181 1452 tum
1198 1401 1320 1453 mediata
1339 1417 1389 1470 per
1406 1405 1478 1454 viros
1498 1406 1607 1456 sanctos
1625 1401 1766 1470 describit,

69 1487 113 1541 dis
130 1487 286 1543 absurdum
305 1496 349 1544 est
365 1487 516 1559 aliqnando
534 1487 698 1558 simpliciter
721 1486 789 1541 nihil
813 1486 912 1540 fuisse.>
933 1480 987 1535 illis
1008 1483 1080 1537 enim
1100 1488 1209 1554 oportet
1220 1484 1335 1555 aliquod
1348 1503 1485 1540 summum
1497 1504 1546 1541 ena
1557 1502 1622 1541 rere
1634 1487 1767 1542 exsistens

69 1573 144 1644 lisga
156 1575 283 1644 sequitur
298 1591 354 1629 non
376 1574 468 1629 omnia
487 1591 547 1629 esse
565 1571 717 1643 possibilia,
736 1572 785 1627 aed
803 1572 839 1625 ad
857 1570 905 1624 mi-
933 1569 1098 1637 raspondere
1116 1572 1142 1623 3.
1163 1571 1261 1623 diviua
1280 1571 1419 1640 benficia,
1438 1588 1511 1643 quae
1529 1571 1606 1626 Deus
1617 1579 1676 1626 tum
1688 1590 1767 1640 paue-

68 1659 173 1713 nimum
186 1677 295 1729 semper
310 1660 417 1731 aliquid
434 1660 529 1726 fnisse,
548 1659 624 1729 quod
641 1658 696 1712 fuit
713 1658 905 1713 neceesarium.
932 1653 1035 1706 raliter
1053 1654 1083 1707 in
1102 1660 1192 1708 totum
1208 1672 1296 1726 genus
1313 1655 1472 1724 humanum,
1490 1663 1549 1710 tum
1567 1658 1730 1727 specialiter
1738 1659 1768 1713 in

67 1744 131 1799 Hoc
148 1749 243 1799 antem
263 1745 307 1799 vel
326 1745 414 1800 habet
431 1744 602 1800 necessitatis
624 1760 751 1811 causam,
777 1743 821 1797 vel
840 1759 904 1797 non.
932 1738 1078 1793 ecclesiam
1087 1741 1202 1809 comem
1212 1741 1261 1795 ubi
1270 1741 1521 1797 notandumDeum
1529 1743 1656 1799 omnibus
1668 1744 1769 1798 seculis

69 1829 99 1884 Si
117 1829 217 1899 habet,
243 1831 356 1886 tandem
375 1830 552 1887 deveniemus
572 1830 608 1885 ad
629 1829 747 1900 aliquid,
772 1828 846 1900 quod
864 1835 906 1882 ast
932 1824 1118 1892 peculiaribus
1133 1826 1301 1897 quibusdam
1313 1825 1455 1884 beneficiis
1469 1845 1536 1899 erga
1551 1828 1696 1883 ecclesiam
1707 1845 1768 1885 sese

67 1916 254 1970 necessarium
271 1934 321 1986 per
338 1934 382 1984 aa,
406 1933 469 1970 curn
487 1932 649 1986 progressus
667 1913 696 1968 in
715 1913 853 1968 infinitum
870 1914 906 1968 sit
932 1909 1097 1978 patefecisse
1125 1911 1280 1984 iisdemque
1309 1913 1425 1968 verbum
1454 1915 1642 1984 promissionis
1671 1916 1769 1971 confir

68 2001 255 2070 impossibilia.
291 2003 321 2058 Si
339 2020 390 2072 per
407 2021 436 2058 se
454 2011 497 2056 est
513 2000 707 2068 necessarium,
725 2016 837 2054 causam
858 2016 904 2053 ne·
933 2011 1028 2051 masaa.
1061 1997 1193 2053 SicinV.
1204 1997 1237 2052 Τ.
1249 1999 1383 2069 populum
1395 1998 1580 2055 israeliticum
1594 2018 1628 2057 ex
1636 2001 1769 2074 Aegypto

69 2087 209 2142 cessitatia
227 2104 283 2142 non
301 2087 400 2152 habet,
420 2089 469 2144 aad
487 2088 580 2158 potius
598 2094 639 2142 eat
656 2102 742 2141 causa
758 2085 904 2140 necessita·
932 2080 1035 2150 eduxit,
1051 2081 1082 2136 in
1100 2082 1135 2140 N.
1153 2081 1187 2139 T.
1213 2083 1316 2138 Filium
1333 2086 1409 2141 misit
1428 2092 1458 2141 et
1474 2104 1525 2157 par
1544 2105 1608 2142 sum
1624 2081 1770 2143 mdemtio·

67 2173 105 2226 tia
121 2172 150 2227 in
167 2173 246 2241 aliia,
266 2173 296 2227 id
314 2174 405 2243 ipsum
424 2180 516 2228 autem
534 2179 577 2226 est
594 2189 730 2226 summum
749 2189 812 2240 cns,
831 2169 904 2242 quod
932 2167 974 2222 nia
992 2185 1062 2238 opus
1080 2169 1227 2238 praestitit.
1262 2176 1287 2224 1.
1306 2173 1462 2241 miracuta,
1490 2180 1716 2245 taopoersvpytm
1741 2179 1771 2230 at

69 2256 161 2314 Deum
181 2275 319 2314 vocamus.
354 2258 434 2314 Rich.
450 2258 498 2313 lib.
522 2264 544 2313 1.
559 2259 595 2312 de
613 2257 688 2311 'Prin
710 2263 781 2327 part.
804 2264 825 2311 1.
843 2273 865 2310 c.
882 2262 904 2309 1.
932 2253 1080 2325 magnifica
1092 2254 1147 2309 Dei
1158 2272 1251 2326 opera,
1269 2257 1370 2327 quibua
1388 2259 1564 2328 majestatem
1577 2266 1605 2315 et
1616 2261 1769 2331 potentiam
1847 2314 1851 2324 ,

68 2349 93 2402 1.
114 2363 147 2398 aa
165 2354 241 2399 certa
259 2354 377 2416 propter
388 2347 475 2414 finem
493 2346 663 2413 operatione.
695 2343 831 2399 Videmus
850 2359 904 2394 non
932 2357 1011 2394 suam
1028 2341 1155 2397 omnibus
1173 2342 1345 2413 temporibus
1363 2343 1504 2414 patefecit
1536 2351 1560 2399 5.
1581 2347 1680 2400 divina
1698 2348 1768 2400 eati·

68 2431 159 2485 solum
177 2431 252 2486 entia
263 2432 368 2486 ratione
386 2430 522 2502 praedita,
543 2429 693 2485 sedetiam
712 2446 753 2498 ea,
772 2445 844 2499 quae
860 2443 904 2482 co·
932 2427 1008 2480 ciria
1028 2432 1057 2481 et
1075 2428 1189 2482 immota
1207 2445 1302 2483 eorum
1319 2430 1473 2496 certitudo,
1494 2431 1561 2502 quia
1576 2432 1671 2486 multia
1690 2449 1768 2487 ascu-

46 2569 48 2572 r
68 2518 194 2588 gnicione
212 2524 321 2582 carent,
346 2517 454 2588 operari
471 2523 584 2587 propter
601 2523 707 2570 certum
723 2514 819 2584 finem,
839 2514 905 2585 quia
932 2512 965 2566 lia
983 2529 1033 2583 per
1052 2513 1201 2584 prophetas
1219 2515 1366 2585 praedixit,
1387 2533 1459 2587 quae
1476 2523 1575 2587 postea
1591 2518 1768 2590 contigerunt

67 2620 178 2674 semper
197 2611 247 2659 aut
271 2604 444 2676 frequentius
469 2604 566 2660 eodem
592 2603 674 2658 modo
696 2606 847 2673 operantum
871 2617 904 2655 ac
932 2599 1007 2653 Esai.
1028 2605 1068 2664 41,
1088 2618 1113 2654 v.
1134 2605 1174 2655 22.
1194 2605 1246 2655 etc.
1282 2603 1307 2654 6.
1329 2602 1480 2671 impiorum
1497 2603 1647 2672 supplicia,
1666 2604 1767 2676 quibus

67 2689 137 2744 tinea
155 2708 220 2746 auos
239 2707 290 2761 per
307 2691 403 2746 debita
421 2691 513 2746 media
530 2697 746 2761 consequuntur,
763 2689 839 2742 unde
855 2704 905 2757 pa·
928 2686 1067 2755 justitiam
1089 2703 1168 2741 auam
1181 2686 1370 2743 manifestavit
1385 2704 1470 2760 seque
1483 2689 1768 2746 vindicemacelsrum
1869 2730 1876 2735 -

66 2782 118 2844 tet,
138 2777 214 2849 quod
233 2793 289 2831 non
307 2777 421 2831 fortuito
440 2793 473 2832 ac
493 2792 561 2830 casu
580 2782 674 2846 agant,
692 2775 741 2830 sed
760 2774 797 2829 ab
816 2775 904 2830 inten·
932 2789 992 2828 esse
1009 2771 1160 2829 clarissime
1179 2773 1378 2829 demonstravit
1398 2774 1500 2830 Psalrn
1519 2781 1565 2841 58,
1591 2795 1616 2830 v,
1637 2783 1682 2833 12:
1712 2794 1785 2848 qno¹

66 2863 144 2918 tione
171 2862 290 2932 alicujus
313 2863 471 2918 intellectus
494 2879 541 2917 eas
566 2861 710 2933 dirigentia
729 2862 904 2932 operationes
932 2859 1052 2929 pertinet
1077 2860 1227 2930 aunuum,
1255 2861 1457 2918 Sodomitarum
1482 2863 1635 2933 excidium,
1661 2879 1768 2934 poenae

67 2948 134 3004 illae
158 2949 325 3018 procedant,
354 2966 436 3020 quem
462 2948 634 3003 intellectum
653 2965 785 3003 vocamm
804 2949 902 3003 Deum.
931 2945 1119 3001 Israiilitarum
1137 2946 1167 3000 in
1187 2948 1297 3003 deserto
1315 2955 1366 3004 etc.
1407 2955 1431 3005 t.
1457 2949 1588 3021 Denique
1605 2951 1767 3005 divinarum

66 3033 154 3088 Arist
179 3040 218 3090 12.
237 3034 357 3106 metaph.
382 3042 409 3090 t.
428 3041 469 3091 52.
495 3042 524 3090 ct
548 3052 581 3091 ex
606 3051 639 3089 eo
663 3034 760 3090 Thoan
784 3040 855 3105 part
880 3040 903 3091 1.
929 3034 1151 3100 patefactionem
1166 3035 1345 3103 frequentiu,·
1365 3035 1496 3105 apparuit
1508 3036 1581 3089 enim
1592 3035 1766 3105 patriarchia,

68 3137 96 3189 q.
116 3126 140 3175 2.
158 3127 212 3176 art.
232 3125 257 3179 3.
293 3127 319 3175 5.
340 3139 373 3176 aa
390 3123 518 3175 naturali
536 3122 725 3176 inclinatione.
760 3121 847 3177 Nulla
864 3120 904 3175 in·
931 3117 994 3173 iniit
1010 3135 1074 3173 eum
1088 3119 1144 3173 illia
1160 3118 1267 3189 foedas,
1287 3120 1362 3174 misit
1372 3120 1530 3191 prophetas,
1549 3121 1664 3177 tandem
1681 3122 1766 3175 1111111

66 3204 182 3261 abundo
198 3207 332 3262 naturalis
349 3214 441 3277 potest
458 3224 518 3263 esse
536 3207 701 3262 frustrmea
736 3208 776 3262 At
793 3214 904 3262 natura-
932 3204 1022 3274 ipsum
1042 3205 1145 3259 Filium
1164 3223 1252 3275 auum,
1272 3206 1302 3260 in
1319 3208 1399 3278 cujus
1417 3205 1556 3277 baptismo
1573 3206 1649 3262 circa
1664 3205 1766 3263 Jorda-

56 3290 133 3368 klitcr
152 3308 247 3348 omnes
263 3293 389 3349 homines
407 3293 576 3349 inclinantur
595 3294 631 3347 ad
651 3293 836 3363 medendum,
855 3293 904 3349 ali·
932 3308 994 3345 nem
1013 3291 1147 3348 mirabilia
1165 3285 1322 3363 θεοφᾶνεὶα
1338 3292 1464 3364 contigit.
1728 3303 1736 3323 ‘

67 3395 152 3450 quam
168 3395 229 3435 asae
246 3380 330 3452 hujus
348 3381 468 3437 universi
478 3382 700 3453 gubernatorem,
719 3396 802 3451 quem
812 3380 904 3436 Deum
967 3382 1008 3432 tt.
1036 3376 1118 3433 Circa
1133 3377 1205 3433 hanc
1222 3379 1376 3434 neutralem
1393 3379 1448 3435 Dei
1465 3379 1592 3435 notitiam
1611 3386 1634 3436 1.
1652 3378 1766 3451 quidam

68 3471 186 3534 vocam,
204 3467 280 3537 qnod
298 3474 393 3523 autam
412 3468 538 3523 omnibus
560 3474 588 3522 et
607 3467 683 3521 omni
699 3472 823 3537 tempore
841 3484 904 3522 con·
931 3463 1093 3532 peccantia
1110 3464 1231 3534 defectu,
1249 3465 1298 3536 qui
1316 3481 1377 3521 eam
1396 3465 1480 3537 plane
1499 3472 1611 3538 negant,
1631 3469 1707 3538 quod
1724 3467 1765 3522 fa·

68 3551 154 3618 venit,
174 3553 302 3607 natnmle
320 3570 380 3608 esse
398 3553 516 3608 videtur.
544 3553 695 3608 Praeterea
713 3553 741 3606 in
755 3552 904 3622 repentinis
932 3549 1009 3603 ciant
1020 3548 1243 3620 Neophotiniani,
1262 3551 1392 3622 (quorum
1404 3561 1517 3626 πρῶτον
1528 3554 1633 3623 ψεῦδος
1643 3557 1672 3608 et
1686 3554 1765 3626 origo

69 3638 208 3708 cujusque
225 3637 337 3693 habitus
355 3646 384 3693 et
402 3638 546 3693 inclinatio
566 3639 698 3693 naturalis
723 3639 840 3693 maxime
865 3640 904 3693 di·
931 3635 1030 3691 emona
1048 3635 1158 3690 videtur
1175 3655 1208 3692 ex
1227 3653 1260 3700 eo
1275 3637 1411 3708 pmdare,
1431 3641 1506 3711 quod
1523 3646 1630 3712 negant
1646 3639 1765 3712 primam

70 3724 230 3796 gnoamtnr,
250 3731 282 3780 at
297 3727 327 3779 in
343 3726 474 3795 periculis
492 3725 642 3796 repentinis
659 3741 753 3780 omnes
770 3724 903 3791 homines,
930 3719 1070 3776 hominem
1086 3722 1123 3775 ad
1140 3723 1374 3778 immortalitatem
1392 3725 1611 3780 esse-conditum
1631 3732 1659 3781 et
1681 3727 1765 3797 justi·

68 3809 119 3865 ubi
136 3826 165 3865 aa
183 3810 305 3867 humano
321 3811 425 3866 auxilio
444 3812 590 3866 destitutos
619 3818 803 3881 cognoscunt,
825 3817 904 3867 natu·
931 3807 997 3861 tiam
1026 3809 1167 3878 quandam
1194 3808 1356 3880 originalem
1381 3809 1519 3880 habrusse,
1547 3815 1627 3884 cujus
1654 3813 1765 3868 divinae

66 3895 122 3951 raii
151 3896 273 3967 quodam
300 3897 435 3952 instinctu
462 3896 500 3951 ad
529 3896 672 3967 superiora
699 3893 903 3965 consumatur,
930 3892 1058 3964 imaginis
1075 3894 1210 3965 reliquiae
1226 3903 1293 3949 aunt
1308 3895 1425 3951 notitiae
1442 3897 1595 3959 naturales)
1626 3899 1667 3952 sic
1691 3899 1764 3953 enim

68 3999 137 4054 ergo
154 3983 317 4038 naturaliter
328 3983 397 4054 ipsis
410 3983 531 4051 insitum,
549 3983 625 4054 quod
643 3983 679 4038 sit
697 3982 901 4053 aliquod'aum-
932 3978 1024 4035 Socin.
1040 3980 1070 4035 in
1086 3982 1172 4052 prael.
1189 3999 1212 4036 c.
1223 3988 1247 4038 2.
1267 4001 1295 4052 p.
1308 3988 1339 4036 ³:
1359 3985 1509 4053 Receptior
1527 3984 1611 4038 todia
1628 3987 1764 4038 semonia
1782 4027 1786 4033 .

10 4081 54 4126 ‚tt
67 4086 146 4124 mum
163 4084 255 4125 rerum
274 4069 441 4140 principium
461 4075 490 4123 et
506 4069 675 4140 gubernator
692 4068 818 4124 nniverai.
854 4067 902 4124 Sa-
931 4074 969 4120 ast
992 4067 1099 4120 homiui
1120 4068 1288 4122 naturalior
1312 4070 1426 4137 ejusque
1453 4071 1547 4124 auimo
1570 4072 1686 4124 insitam
1705 4088 1765 4125 assa

66 4171 133 4213 van.
151 4155 187 4209 da
203 4154 281 4210 verit
301 4154 349 4212 fid.
368 4156 415 4211 lib.
437 4163 459 4211 1.
486 4172 510 4211 c.
525 4160 555 4211 o.
592 4153 627 4207 D.
647 4154 788 4224 apostolus
806 4153 901 4209 Actor.
930 4153 1087 4206 etaetatis
1105 4154 1229 4223 alicujus
1252 4153 1419 4223 opinionem,
1444 4156 1524 4224 cajus
1547 4157 1577 4210 si
1599 4164 1698 4210 amaa
1720 4172 1764 4210 rs·

69 4249 110 4311 tt,
129 4259 155 4298 v.
177 4248 217 4297 17.
242 4246 377 4297 monstrat
394 4240 477 4296 hosce
494 4241 584 4296 fontes
602 4241 772 4296 naturalium
790 4240 901 4295 demon·
927 4246 1032 4306 eantur
1049 4256 1083 4292 ac
1099 4240 1300 4308 paternoster,
1323 4256 1450 4309 quaeque
1465 4241 1650 4295 humanarum
1668 4259 1767 4296 rerum·

65 4326 248 4395 cantionum,
275 4345 309 4383 ax
335 4328 437 4398 quibus
461 4325 552 4381 Deum
580 4343 640 4381 esse
665 4325 777 4396 probari
797 4325 901 4397 possit:
929 4325 1060 4394 inprimis
1077 4342 1174 4378 auam
1184 4333 1272 4394 parat,
1290 4325 1446 4379 bominibus
1457 4328 1586 4382 maraht
1601 4334 1684 4397 atque
1693 4346 1762 4398 pro·

65 4419 90 4468 1.
113 4431 134 4466 a
151 4430 245 4467 rerum
256 4414 461 4482 modenana,-
496 4421 522 4466 2.
541 4432 560 4465 a
578 4413 800 4481 commestam
835 4417 862 4467 3.
881 4431 901 4465 a
927 4411 1044 4479 apiciat,
1069 4429 1153 4479 psam
1179 4411 1343 4465 sostenium
1368 4429 1420 4466 uos
1438 4413 1555 4481 falsam
1580 4415 1761 4471 arbitramur.

62 4499 283 4568 mmmmm
307 4503 331 4554 t.
351 4516 369 4550 a
388 4499 582 4565 beneficiorem
599 4499 630 4551 iu
648 4516 734 4566 penus
752 4500 901 4552 humanum
928 4494 1034 4551 Similia
1058 4503 1206 4552 occurrunt
1222 4496 1252 4551 in
1274 4513 1346 4570 resp.
1369 4498 1405 4552 ad
1429 4497 1598 4569 objectiones
1618 4501 1717 4558 Cuteni
1736 4511 1760 4572 t,
1794 4562 1797 4567 .

63 4585 236 4649 rotatum
270 4590 335 4639 aa
355 4586 454 4637 mertis
472 4586 610 4658 trasmundo
628 4587 802 4651 conditioue;
837 4590 862 4640 t'.
882 4604 901 4637 a
926 4600 953 4653 p.
974 4588 1016 4639 86.
1052 4582 1264 4654 Osterod.1nat
1283 4601 1307 4638 c.
1326 4591 1349 4651 t,
1369 4603 1396 4655 p.
1419 4587 1863 4660 reverendissimarum

58 4671 186 4742 putates
202 4673 414 4735 remansurus,
432 4672 536 4742 quade
553 4689 582 4727 re
599 4659 683 4742 paulo
702 4678 766 4743 post
782 4672 900 4743 plenius
928 4680 981 4726 tou
1007 4669 1075 4727 usit
1098 4671 1159 4725 etet
1183 4679 1236 4726 butt
1260 4672 1304 4726 bct
1323 4671 1444 4742 (81111111
1472 4675 1558 4730 anas
1581 4674 1683 4745 tritten,
1709 4677 1760 4732 bat

62 4756 231 4814 umnam
255 4757 303 4811 lib.
326 4764 347 4813 1.
372 4758 427 4810 div.
454 4757 539 4812 instit.
563 4775 586 4813 c.
609 4764 637 4812 2:
666 4760 755 4811 Nemo
779 4768 819 4813 est
843 4767 901 4812 tam
928 4757 1010 4827 tatas
1028 4758 1062 4826 [tc
1078 4757 1144 4826 siut
1160 4766 1214 4813 toa
1239 4759 1403 4823 1112111111,
1428 4762 1487 4831 uoq
1512 4766 1566 4817 aut
1584 4763 1760 4832 serraquae

61 4845 155 4909 raab,
175 4851 233 4898 tam
249 4845 323 4909 feris
335 4841 464 4913 madeas,
483 4846 532 4913 qai
547 4846 642 4898 oniba
662 4863 727 4897 suos
747 4847 777 4897 tn
795 4845 901 4898 costam
928 4845 972 4898 bct
990 4832 1154 4913 &attissa
1173 4842 1283 4912 [tubera
1302 4853 1362 4900 scm
1378 4845 1552 4916 eteulogia,
1572 4848 1693 4916 §tubuas
1714 4848 1768 4919 tq·
1846 4911 1850 4920 ¹

63 4931 176 4992 tollens,
194 4931 304 4984 tametu
315 4932 429 4998 nesciat,
449 4932 530 4999 mque
550 4933 609 4985 Dei
620 4932 802 5000 procidentia
821 4949 901 4998 repa·
929 4930 997 4987 usit
1014 4937 1067 4984 butt
1087 4929 1194 4999 11111119
1214 4931 1261 4985 beu
1279 4931 1413 5001 illenitittu
1431 4933 1574 5000 1111111111
1597 4935 1651 5003 but.
1688 4933 1761 4988 Phu-

63 5026 111 5072 tar
128 5018 182 5071 boc
194 5034 272 5070 omas
283 5019 503 5087 quodcernitur,
522 5036 578 5071 uon
599 5017 721 5085 aliquem
740 5025 832 5071 tamea
844 5035 902 5071 csse
929 5015 1040 5070 tiniania
1060 5022 1184 5086 exparte
1197 5015 1387 5087 suffragantur
1404 5017 1448 5072 rel
1466 5026 1541 5074 carte
1558 5018 1681 5074 fomenta
1698 5036 1762 5092 sup·

60 5104 207 5172 intsliiput
234 5110 259 5158 1.
277 5122 309 5157 sn
328 5105 391 5174 ipsa
414 5123 507 5157 rerum
526 5105 734 5172 neapuitadiuc,
770 5110 795 5157 2.
820 5115 901 5163 mota.
928 5102 1055 5173 peditant
1077 5108 1098 5157 1.
1118 5102 1259 5170 Teutanis,
1277 5102 1325 5172 qui
1346 5102 1374 5155 in
1393 5118 1417 5158 c.
1436 5111 1461 5159 5.
1486 5105 1572 5159 Exod.
1592 5105 1648 5161 late
1668 5106 1764 5178 dispu-

61 5195 92 5245 3.
110 5191 305 5259 depensum,
340 5196 364 5244 d.
383 5190 555 5256 constantia,
591 5195 617 5247 5.
637 5191 765 5254 utilitate,
801 5198 825 5245 t.
843 5193 902 5261 pte·
928 5194 977 5253 tat,
997 5207 1036 5242 aa
1052 5189 1089 5241 sit
1102 5207 1157 5258 per
1170 5207 1203 5265 'aa
1220 5197 1322 5254 uotum,
1342 5206 1400 5243 asse
1417 5191 1517 5244 Deum.
1552 5191 1679 5248 Tandem
1698 5210 1762 5250 con·

60 5278 201 5345 testudine,
239 5283 261 5331 7.
280 5279 486 5346 temperatione
927 5274 1015 5329 cludit
1029 5292 1114 5343 possa
1132 5293 1165 5328 en·
1181 5284 1286 5328 natura
1303 5275 1402 5343 coliipi
1417 5293 1475 5329 cass
1490 5277 1611 5346 aliquod
1629 5297 1762 5335 murmura

10 5416 30 5448 Ι
99 5368 142 5420 112.
178 5368 201 5416 1.
229 5362 313 5416 Liber
332 5364 497 5433 Scripturas
515 5369 544 5417 et
559 5362 640 5433 plura
655 5366 684 5417 et
704 5363 822 5417 camora
837 5381 901 5435 snp-
928 5379 975 5415 aaa
991 5363 1112 5415 omnium
1130 5362 1264 5431 optimum
1283 5376 1377 5415 retum
1394 5364 1693 5435 aspernantium,
1711 5369 1765 5421 scd

54 5449 370 5534 peditatfundamenta,
382 5449 628 5520 quibusprobatur
639 5448 730 5504 Deum
743 5465 810 5518 esse,
828 5451 902 5506 unde
924 5464 1009 5516 possa
1027 5448 1165 5516 ipaorari,
1185 5464 1223 5501 au
1240 5447 1315 5501 utra
1331 5448 1369 5501 sit
1385 5450 1587 5521 incommuta,
1607 5454 1701 5507 omnia
1718 5454 1768 5506 iss-¹

10 5572 23 5605 ι
54 5535 163 5596 notar
177 5535 304 5593 musa
320 5537 467 5609 perfectior
484 5543 513 5592 ot
538 5535 641 5591 tirmior
662 5533 797 5591 redditur.
833 5536 900 5594 Ter·
927 5535 1070 5605 1111191111,
1088 5535 1174 5590 libas-s
1191 5551 1291 5606 noem,
1310 5535 1421 5607 infinita
1434 5545 1572 5607 Pomm
1585 5541 1763 5618 mmm,
