3984 6022
523 310 527 317 ,
607 255 659 310 Dii
680 253 856 313 PERSONA
873 254 923 310 ΕΤ
940 253 1093 312 orricio
1112 254 1273 311 CHRISTI.
1733 268 1792 328 601

91 416 197 484 sponte
222 413 403 475 memsam,
428 415 488 464 tum
511 411 600 472 θέσιν,
623 409 752 466 videlicet
777 410 929 482 plenariam
960 419 1002 466 tat
1022 412 1052 465 in
1069 413 1132 481 ipso
1153 410 1341 481 corporaliter
1358 409 1417 466 Col.
1439 417 1468 479 2,
1487 431 1512 466 v.
1534 420 1563 481 ⁹³
1591 414 1745 471 diruerat
1759 414 1795 470 ob

92 497 305 569 usurpationem
333 503 361 553 et
385 494 652 551 administrationem
676 496 790 551 dominii
818 498 848 552 in
872 503 931 552 tota
957 497 1090 567 nominis,
1116 497 1191 568 quod
1211 501 1253 552 est
1276 513 1361 567 supra
1380 512 1461 552 omne
1479 515 1593 566 nomen,
1620 500 1796 556 donationem

93 584 242 654 univerm,
267 599 341 655 quae
369 583 462 639 omnia
485 599 543 637 non
561 581 687 638 simulate
704 576 749 639 vel
768 585 836 637 rari
857 583 931 655 φάν-
957 583 1043 640 Hebr.
1065 590 1094 644 1,
1112 600 1138 639 v.
1162 590 1195 652 ις
1215 583 1292 639 dives
1311 588 1374 638 erat
1393 585 1430 648 ob
1450 586 1680 642 communicatam
1700 595 1795 658 poten·

93 689 204 746 ιασμα,
229 669 279 725 sed
302 686 367 724 vere
386 666 496 723 Christo
516 667 690 737 tribuuntur;
720 673 745 723 2.
764 667 865 743 κρύψις
884 671 932 725 illa
957 669 1024 723 tiam
1050 670 1087 725 ad
1109 669 1181 723 coeli
1206 674 1350 741 terraeque
1382 670 1611 740 gubernationem
1634 672 1733 729 hlatth.
1754 680 1795 745 28,

93 756 193 813 referri
217 759 310 828 petest
329 759 390 810 tum
414 757 454 807 art
471 755 628 823 majestatis
646 756 930 825 communicationem,
956 774 982 809 v.
1003 762 1050 827 183
1078 757 1155 813 dives
1177 763 1236 812 erat
1260 756 1297 811 ab
1320 754 1445 810 infinitae
1471 773 1503 811 ac
1531 757 1641 814 divinae
1661 760 1793 817 scientiae

91 850 155 900 tum
196 845 237 897 ad
270 842 491 897 communicatae
519 841 678 910 majestatie
709 845 929 911 contemtionem.
956 843 1215 914 participationem,
1240 842 1306 912 quia
1331 860 1426 897 omnes
1450 844 1577 898 thesauri
1592 847 1749 915 sapientiae
1769 859 1795 903 et
1811 861 1850 902 111.
1863 860 1885 903 at

94 930 236 1000 Respecto
256 927 341 1000 priori
362 922 438 983 recte
450 927 491 981 ita
501 926 704 998 vocaripotsst,
722 929 788 999 quia
800 931 930 999 maJcstas
958 930 1092 983 scientiae
1110 939 1191 983 erant
1208 930 1238 981 in
1256 930 1320 997 ipm
1339 931 1480 983 reconditi
1495 929 1552 984 Col.
1575 936 1598 1000 2,
1617 950 1641 985 v.
1663 938 1692 1002 33
1718 934 1795 991 dives

94 1016 191 1071 divina
202 1015 367 1070 inassumta
377 1028 461 1068 carne
472 1011 707 1078 iuitabscondita,
720 1031 776 1068 non
790 1020 883 1070 autem
895 1014 931 1069 ab
957 1023 1016 1072 erat
1032 1021 1146 1087 propter
1165 1016 1287 1070 omnium
1308 1014 1507 1086 subjectionem
1526 1017 1625 1072 Matth.
1648 1025 1692 1087 11,
1709 1037 1735 1074 v.
1754 1026 1794 1076 26.

95 1118 129 1158 sa
146 1101 258 1172 pentura
278 1103 421 1170 centrata,
440 1115 472 1153 ac
490 1114 586 1153 omnes
603 1097 726 1154 thesauri
738 1101 892 1172 sapientiae
904 1107 932 1155 et
957 1089 1020 1158 lob.
1040 1110 1069 1172 3,
1087 1120 1111 1156 r.
1131 1109 1172 1159 35.
1208 1103 1294 1157 Hisce
1314 1101 1419 1157 divitiis
1442 1104 1502 1173 jam
1524 1103 1588 1159 inde
1614 1121 1632 1160 a
1649 1105 1737 1177 primo
1755 1107 1796 1161 in-

92 1188 228 1245 scientiae
241 1186 373 1242 dicuntur
384 1185 413 1241 in
427 1185 487 1256 ipso
497 1186 655 1239 absconditi
665 1185 723 1242 cot
735 1192 787 1251 2,ι.
798 1192 822 1241 3.
836 1186 930 1242 Ροιιι·
958 1188 1124 1243 metionis
1143 1196 1282 1243 momento
1301 1187 1406 1243 ditatus
1425 1193 1485 1243 erat
1501 1188 1639 1259 Christus,
1656 1197 1689 1247 ut
1705 1199 1795 1248 osten·

94 1274 160 1328 riori
178 1275 390 1343 veru-respectu
409 1288 465 1326 non
478 1271 532 1326 fuit
543 1277 653 1326 tantum
668 1272 778 1343 ιριιψις,
798 1274 847 1327 sed
864 1290 931 1328 vers
959 1275 1001 1329 dit
1018 1281 1078 1329 tum
1096 1275 1248 1345 personalis
1267 1275 1348 1343 unio,
1372 1278 1433 1329 tum
1451 1275 1645 1331 miraculorum
1663 1279 1794 1347 operatio,

93 1376 126 1415 ae
143 1359 227 1416 realis
238 1363 361 1422 κένωσις,
375 1365 407 1413 ut
420 1358 542 1413 ostendit
554 1359 686 1413 msumtio
698 1357 803 1414 formae
815 1359 930 1424 servilis,
958 1367 1018 1415 tnm
1039 1360 1216 1431 particularis
1241 1360 1378 1431 quaedam
1402 1361 1485 1431 hujus
1504 1363 1656 1432 majestatis
1674 1371 1702 1418 et
1719 1371 1794 1435 pote

94 1463 180 1518 quam
198 1444 228 1501 in
247 1445 413 1501 exaltatione
432 1443 559 1499 Christus
576 1445 753 1516 postmodum
771 1445 907 1516 deposuit.
958 1447 1038 1501 statis
1062 1446 1274 1516 demonstratio,
1299 1446 1348 1502 sed
1372 1462 1479 1517 pauper
1504 1446 1595 1502 iactus
1614 1454 1658 1503 est
1675 1451 1795 1506 exinani-

128 1538 188 1589 311.
225 1530 278 1596 Qu.
298 1537 321 1587 2.
361 1531 421 1593 Qeeo
440 1548 522 1583 senaa
540 1531 742 1600 accipiendum,
762 1535 839 1600 qnod
851 1531 931 1585 Cli-ri·
957 1534 1041 1601 hone,
1059 1531 1265 1600 humiliatione,
1283 1530 1388 1586 formae
1407 1530 1514 1586 servilis
1531 1535 1712 1600 assumtione,
1730 1537 1795 1592 inde

93 1627 153 1674 stru
171 1620 203 1673 in
219 1626 297 1672 statu
315 1618 512 1672 eainmritionie
530 1625 593 1671 aaut
607 1617 704 1686 primo
725 1619 830 1671 elicitur
845 1619 931 1671 omni·
959 1637 1065 1691 pauper
1088 1619 1213 1673 nascitur
1235 1617 1264 1672 in
1286 1616 1409 1687 stabulo,
1436 1618 1464 1672 in
1491 1621 1677 1690 pauperculae
1700 1623 1795 1679 matris

89 1713 200 1777 poterae,
219 1704 360 1758 Domima
380 1704 453 1758 coeli
470 1711 610 1757 aeternae
625 1710 676 1758 etc.
706 1704 931 1775 Respondemus:
960 1705 1078 1776 quiescit
1107 1703 1226 1775 gremio,
1254 1703 1283 1757 in
1309 1720 1431 1773 paupere
1456 1705 1605 1760 reclinatur
1628 1708 1752 1780 tugurio,
1779 1728 1797 1764 a

93 1797 176 1846 setus
192 1789 299 1862 priurus
313 1789 480 1861 quandoque
493 1788 633 1861 signifieat
649 1792 755 1842 nucmm
765 1792 931 1860 potentiam,
959 1791 1047 1862 magis
1066 1790 1186 1845 donatur
1203 1805 1271 1844 auro
1288 1788 1448 1855 honorario,
1465 1798 1658 1860 praesentatur
1676 1795 1795 1849 Domino

94 1877 142 1932 cui
161 1877 310 1948 opponitur
328 1882 417 1945 aetus,
437 1883 469 1931 ut
487 1877 599 1947 quando
617 1876 689 1945 dico,
707 1893 776 1946 puer
787 1885 829 1931 est
841 1895 930 1949 gram·
958 1895 1022 1931 cum
1043 1875 1103 1947 pari
1127 1882 1279 1944 turturum,
1306 1876 1381 1947 quod
1406 1893 1558 1948 pauperum
1584 1887 1656 1948 erat,
1689 1898 1795 1951 pauper

95 1964 214 2019 maticus
233 1967 300 2017 actu
320 1962 421 2033 primo,
439 1961 504 2033 quia
524 1978 673 2033 progressu
691 1963 822 2032 temporis
840 1969 931 2033 potest
958 1964 1094 2018 educatur
1116 1962 1145 2016 in
1166 1965 1312 2032 parentum
1334 1961 1486 2030 domicilio,
1509 1981 1559 2034 pro
1579 1966 1703 2036 paupelli
1721 1966 1793 2021 fabri

93 2049 155 2107 fieri
178 2048 389 2122 grammaticum
414 2047 581 2120 quandoque
603 2066 669 2103 vero
694 2048 833 2119 siguificat
854 2049 930 2101 tatt—
955 2047 1075 2102 habctur
1089 2047 1164 2115 lilio,
1183 2052 1376 2118 paupertatem
1395 2049 1481 2104 sentit
1498 2049 1526 2103 in
1541 2051 1663 2121 jejunio,
1682 2053 1794 2123 proprio

94 2146 162 2204 tam,
181 2137 228 2208 qui
248 2152 278 2191 se
296 2142 409 2191 ιιιιιιιο
428 2151 511 2206 opere
525 2152 579 2189 non
597 2136 706 2198 exserit,
724 2136 770 2189 cui
782 2136 930 2206 opponitur
956 2133 1064 2205 indiget
1088 2132 1263 2202 habitaculo,
1287 2134 1315 2188 in
1341 2150 1424 2190 eruce
1442 2137 1552 2191 exuitur
1571 2138 1736 2194 vestimento
1760 2157 1794 2196 ac

93 2230 172 2279 acuis
192 2221 331 2277 secundus
350 2221 407 2276 sive
425 2221 560 2292 operatio,
584 2227 616 2275 nt
636 2222 747 2292 quando
767 2221 842 2276 dico:
870 2222 930 2277 Pri·
956 2221 985 2274 in
1002 2218 1149 2290 sepulchro
1166 2221 1280 2274 tandem
1298 2221 1412 2291 ponitur
1429 2221 1533 2290 alieno,
1557 2240 1629 2294 quae
1647 2224 1739 2280 omnia
1757 2228 1793 2283 ad

94 2310 205 2365 scianus
224 2308 307 2364 etiam
324 2309 354 2363 in
372 2324 468 2363 somno
487 2315 529 2363 est
544 2309 742 2379 grammat-icus
755 2314 819 2363 actu
832 2310 929 2380 primo,
956 2306 1058 2362 christi
1075 2311 1267 2376 paupertatem
1288 2312 1316 2360 et
1334 2307 1545 2364 exinanitionem
1564 2310 1711 2380 pertinent.
1737 2312 1793 2368 Sed

92 2396 162 2452 licet
187 2395 259 2450 hanc
279 2394 427 2458 seientiam
447 2395 642 2466 grammatices
664 2411 718 2449 non
737 2402 845 2450 exserat
864 2401 929 2450 actu
954 2393 1007 2448 hac
1029 2398 1193 2464 paupertate
1218 2392 1284 2447 fecit
1308 2410 1357 2447 nos
1381 2394 1488 2449 divites.
1525 2394 1604 2451 Sicut
1627 2403 1715 2453 morte
1742 2415 1793 2454 sua

92 2482 224 2539 secundo.
262 2480 380 2545 Quando
406 2479 548 2535 Christum
575 2480 603 2534 in
632 2487 707 2550 statu
736 2481 930 2537 exinanitionis
955 2479 1041 2534 vitam
1058 2477 1138 2534 nobis
1159 2478 1324 2550 promeruit,
1351 2478 1391 2533 ita
1408 2485 1573 2550 paupertate
1592 2498 1642 2536 sua
1660 2482 1793 2541 coelestes

92 2568 214 2625 dicimus
231 2568 449 2639 omnipotentem
472 2583 505 2622 sc
522 2567 673 2622 Dominum
691 2567 761 2623 coeli
780 2584 813 2622 ac
831 2574 930 2631 terrae,
957 2565 1069 2620 divitias
1087 2564 1167 2621 nobis
1187 2564 1323 2632 restituit,
1347 2565 1420 2619 unde
1437 2571 1587 2637 paupertas
1610 2568 1670 2638 ejus
1688 2576 1720 2623 nt
1737 2569 1794 2626 lae-

91 2661 160 2709 actu
183 2654 286 2726 primo,
311 2657 371 2707 tum
393 2669 460 2707 usus
483 2652 567 2723 hujus
585 2653 694 2707 termini
714 2654 803 2726 magis
822 2653 931 2709 accedit
956 2652 1035 2707 titiae
1053 2650 1170 2706 materia
1187 2649 1267 2706 nobis
1283 2650 1448 2721 proponitur
1467 2651 1550 2707 Zach.
1561 2659 1585 2722 9,
1598 2669 1624 2707 v.
1640 2660 1663 2710 9.
1692 2653 1794 2712 Christi

93 2740 132 2796 ad
148 2740 328 2811 pastoratem
341 2754 424 2809 quam
436 2737 555 2808 priorem
569 2737 807 2809 significationem.
827 2741 928 2805 Quam·
957 2743 1105 2809 paupertas
1130 2744 1255 2792 nostrum
1280 2737 1490 2807 patrimonium,
1515 2738 1544 2792 in
1563 2739 1621 2795 vita
1645 2741 1794 2813 peculium,

91 2827 136 2881 vis
155 2826 229 2881 enim
244 2824 443 2897 omnipotentia
460 2822 640 2880 habitualiter
658 2829 685 2879 et
703 2825 857 2896 subjective
874 2844 929 2881 non
956 2826 985 2879 in
1008 2829 1096 2880 morte
1119 2823 1264 2892 viaticum,
1295 2822 1362 2894 quia
1388 2823 1441 2878 hac
1470 2831 1636 2895 paupertate
1662 2826 1795 2884 coelestes

93 2917 237 2983 competat
252 2916 390 2966 assumtae
408 2910 494 2979 carni,
513 2915 606 2965 tamen
623 2927 687 2965 vere
707 2927 740 2965 ac
757 2911 870 2967 realiter
880 2930 931 2983 per
956 2911 1067 2966 divitias
1084 2909 1165 2966 nobis
1182 2908 1338 2980 acquisivit.
1358 2915 1381 2965 2.
1402 2912 1623 2977 Informatorins
1635 2912 1671 2966 ad
1686 2912 1795 2968 imitan-

92 3001 225 3055 unionem
250 2998 424 3069 personalem
449 2997 503 3068 ipsi
531 2996 670 3068 competit.
707 2996 827 3052 Proinde
854 2999 928 3069 quod
956 2999 1020 3053 dam
1054 2996 1158 3052 Christi
1192 2993 1385 3051 humilitatem.
1432 2995 1516 3050 Hunc
1550 3015 1629 3051 usum
1660 3006 1795 3055 monstrat

93 3085 222 3142 Christus
244 3083 325 3138 homo
349 3082 451 3137 dicitnr
476 3083 650 3154 omnipotens
669 3082 697 3137 in
715 3088 789 3138 statu
808 3084 927 3138 exinani·
956 3083 1097 3154 apostolus
1114 3081 1217 3151 Philip.
1234 3086 1266 3150 2,
1285 3098 1310 3135 v.
1330 3088 1359 3135 5:
1382 3083 1462 3135 τοῦτο
1487 3088 1647 3154 aparciate
1669 3083 1699 3138 iu
1717 3085 1793 3158 ὑμῖν,

92 3170 177 3227 tionis
203 3176 267 3224 actu
290 3169 392 3240 primo,
420 3186 476 3223 non
500 3174 543 3223 ιιι
568 3184 601 3224 ιο
625 3185 708 3224 sensu
727 3170 929 3241 accipiendum,
955 3172 981 3224 is
999 3171 1036 3223 rit
1054 3170 1085 3223 in
1101 3168 1178 3222 eoba
1194 3169 1321 3238 affectus,
1341 3168 1391 3237 qui
1400 3167 1507 3234 suitin
1520 3168 1631 3223 Cbntto
1644 3170 1717 3225 Jeme
1727 3176 1793 3242 ιιι,

92 3256 169 3329 quod
187 3270 336 3327 progressu
355 3253 465 3309 demum
482 3256 613 3327 temporis
632 3255 742 3311 Christo
761 3256 853 3311 danda
869 3257 928 3312 ine-
955 3255 1085 3327 proponit
1114 3253 1193 3308 nobis
1231 3259 1251 3307 1.
1279 3255 1434 3322 irruptum
1464 3253 1570 3310 Christi
1601 3255 1792 3331 ἀξιομίμητον.

92 3344 130 3398 rit
154 3341 368 3412 omnipotentia,
397 3340 446 3394 sed
470 3343 545 3412 quod
568 3349 627 3397 tota
645 3340 790 3412 plenitudo
809 3342 934 3413 deitatis,
956 3342 1113 3395 Erubescat
1131 3340 1276 3408 superbire
1294 3341 1417 3394 humana
1434 3340 1599 3410 infirmitas,
1625 3361 1687 3395 eum
1704 3344 1745 3397 ita
1763 3362 1793 3398 se

91 3446 126 3485 ac
151 3427 268 3500 proinde
292 3427 376 3481 stiam
400 3427 599 3498 omnipotentia
619 3429 803 3500 personaliter
820 3429 928 3484 habita-
956 3427 1146 3481 liramiliaoerit
1178 3426 1275 3479 diuina
1304 3427 1446 3494 majestas.
1491 3426 1612 3498 August.
1643 3445 1722 3483 serm.
1752 3434 1793 3486 39.

91 3516 165 3573 verit
190 3515 220 3568 in
248 3518 373 3569 assumta
400 3530 497 3582 carne,
529 3515 654 3584 quamvis
684 3515 698 3568 ὁ
729 3516 826 3587 Λόγος
856 3517 928 3572 hanc
955 3516 990 3570 de
1003 3514 1079 3569 verb.
1092 3512 1189 3570 Dom:
1208 3513 1342 3580 Dipnare
1359 3512 1474 3566 humilis
1491 3522 1680 3584 essepropter
1691 3517 1794 3586 Deum,

92 3600 321 3672 omnipotentiam
355 3600 431 3655 carni
468 3587 698 3656 communicatam
736 3621 792 3659 non
821 3621 929 3677 semper
956 3602 1024 3672 quia
1055 3602 1134 3654 Deus
1164 3600 1297 3667 dipnatas
1326 3606 1365 3651 est
1391 3598 1505 3651 boemiis
1531 3615 1589 3653 esse
1613 3610 1734 3670 propter
1760 3612 1792 3659 te.

91 3688 177 3761 plena
194 3689 257 3743 luce
276 3686 439 3750 exseruerit,
458 3686 508 3740 sed
526 3686 619 3742 radios
638 3687 772 3744 duntaxat
793 3693 927 3760 quosdam
955 3686 1080 3742 Christus
1098 3703 1129 3741 se
1148 3684 1307 3754 exinanivit,
1328 3689 1360 3739 ut
1376 3700 1465 3754 paene
1483 3683 1713 3757 videreturnihil,
1733 3689 1792 3745 sine

91 3775 121 3830 in
138 3768 278 3829 mhaculis
296 3772 447 3844 aliquando
465 3772 594 3829 emiserit.
956 3792 1011 3847 quo
1034 3773 1139 3827 factum
1163 3777 1205 3826 est
1230 3770 1313 3841 nihil,
1339 3776 1368 3826 et
1384 3777 1416 3825 tu
1435 3770 1463 3824 in
1482 3771 1646 3828 immensum
1665 3775 1792 3845 gloriaris

128 3862 186 3917 318.
222 3860 274 3925 Qu.
296 3866 319 3914 3.
355 3860 402 3913 An
424 3858 552 3914 Christau
576 3860 606 3913 in
630 3868 706 3914 statu
731 3858 929 3918 exinanitionis
955 3867 984 3916 et
1009 3859 1149 3916 existimas
1171 3863 1200 3912 te
1227 3873 1288 3912 esse
1311 3856 1418 3929 aliquid
1438 3874 1502 3913 cum
1525 3859 1561 3913 sis
1580 3859 1658 3918 nihil.
1702 3863 1792 3927 Quam
1819 3866 1825 3874 ‘

92 3965 157 4002 osce
184 3948 323 4017 quaedam
349 3947 543 4015 iquoraoeriti
577 3946 709 4002 Affirmat
731 3947 870 4004 Lutherus
900 3952 929 4005 in
956 3946 1107 4002 absurdum
1131 3960 1164 3998 ac
1189 3950 1398 4015 praeposterum
1423 3952 1466 4001 est
1490 3944 1632 4001 humiliari
1657 3965 1793 4003 summam

95 4036 171 4090 Post.
191 4033 286 4089 eccles.
307 4032 336 4086 in
353 4032 442 4103 Epist.
459 4031 521 4087 fest
539 4033 640 4088 nativa
670 4035 810 4105 Qeeamois,
831 4036 930 4109 inquit,
957 4031 1154 4087 sublimitatem
1170 4035 1199 4086 et
1215 4030 1346 4086 extollere
1361 4030 1473 4087 revelle
1487 4050 1622 4088 summam
1634 4034 1791 4088 vilitatem?

94 4121 255 4175 humanitas
277 4119 384 4174 Christi
405 4119 577 4172 domicilium
600 4121 638 4174 eit
661 4130 687 4175 et
705 4141 839 4190 oryauum
860 4126 930 4178 dioi-
957 4123 984 4172 2-
1007 4120 1184 4188 Canopum
1205 4117 1374 4171 11111111ίαί18
1393 4121 1560 4188 praemium·
1598 4117 1725 4174 0111181111
1741 4119 1790 4176 hu·

93 4198 192 4262 nitati
215 4207 323 4275 illaque
343 4205 532 4274 personaliter
556 4223 616 4260 cum
641 4209 718 4261 omni
734 4228 788 4264 aaa
807 4211 929 4281 planetu.
957 4205 1075 4259 miliavit
1092 4218 1136 4273 se,
1154 4203 1217 4259 ideo
1235 4202 1313 4258 Deus
1330 4204 1423 4273 ipsum
1441 4204 1586 4258 exaltarit:
1609 4204 1671 4275 pari
1685 4206 1791 4262 ratione

94 4295 162 4347 dine
179 4294 209 4346 in
234 4309 318 4347 carne
343 4300 476 4360 tanquam
502 4293 533 4346 in
550 4295 672 4364 proprio
691 4312 743 4350 suo
759 4300 864 4368 templo
881 4299 929 4352 aa.
956 4307 1012 4346 non
1030 4288 1174 4361 pervenies
1193 4290 1231 4344 ad
1249 4288 1460 4357 celsitudinem,
1486 4289 1540 4343 nisi
1558 4308 1609 4360 per
1625 4290 1791 4347 humilitatis

95 4382 175 4444 bitot,
197 4387 290 4433 tamen
314 4380 345 4432 in
370 4386 444 4432 statu
461 4380 661 4435 exinanitionis
677 4401 733 4437 non
751 4387 847 4454 qaoos'a
864 4395 929 4441 tem·
956 4377 1054 4443 vitam,
1080 4374 1177 4450 11111011
1202 4373 1269 4436 ὁδὸς
1288 4373 1423 4444 ῧψῶσεως
1445 4373 1461 4441 tl
1482 4381 1653 4436 ῐᾱπέίνωσις.
1688 4376 1790 4432 Beruh.

88 4458 164 4537 piore
190 4467 284 4519 orama
310 4466 456 4534 copitaoit,
486 4466 637 4537 intellexit,
667 4470 760 4539 scivit,
794 4488 825 4526 eo
853 4474 929 4541 qaod
955 4478 1035 4516 1111111·
1055 4467 1078 4517 2·
1099 4462 1223 4518 1111111118·
1242 4460 1367 4516 0111181118
1392 4475 1456 4516 tum
1475 4477 1526 4531 per
1545 4467 1673 4517 1111118111
1693 4464 1791 4518 (1111111-

92 4552 230 4607 airanteas
246 4569 327 4605 nean
348 4553 490 4626 tempor
507 4571 563 4606 non
581 4569 690 4623 seraper
708 4574 765 4626 per
783 4557 865 4611 ittam
885 4575 928 4612 er·
954 4548 1020 4602 aas
1047 4566 1104 4603 non
1123 4546 1253 4617 haberet,
1280 4564 1335 4619 quo
1362 4551 1511 4610 marceret,
1540 4565 1590 4619 per
1618 4549 1789 4619 demensum,

91 4639 220 4694 ιιιιιιιιι.
256 4637 336 4694 Hane
366 4639 483 4694 Lutheri
511 4641 677 4696 sententiam
706 4642 927 4699 confirmavimus
955 4634 1093 4707 quomodo
1116 4640 1266 4703 cresceret,
1292 4633 1410 4688 invenit:
1439 4633 1501 4705 pari
1525 4634 1632 4690 ratione
1658 4654 1714 4691 non
1737 4638 1791 4692 nisi

92 4725 221 4798 superius
239 4739 263 4780 c.
284 4731 323 4781 12.
349 4744 375 4797 q.
397 4733 421 4781 9.
442 4742 476 4780 ex
494 4724 579 4780 Marc.
597 4732 627 4794 6,
649 4745 673 4780 v.
691 4733 714 4783 6.
738 4744 761 4784 c.
784 4734 822 4800 13,
839 4749 865 4787 v,
886 4737 927 4787 32,
955 4740 1005 4794 per
1023 4720 1138 4776 humilia
1157 4720 1209 4776 tibi
1226 4718 1335 4791 patebit
1353 4719 1446 4774 aditus
1465 4720 1500 4775 ad
1519 4720 1657 4778 sublimia.
1731 4724 1738 4730 '

91 4814 161 4869 Luc.
182 4818 206 4882 2,
224 4831 249 4871 r.
273 4819 313 4870 10.
344 4812 416 4869 Phil.
440 4818 465 4882 2,
482 4832 507 4867 v.
527 4819 551 4867 1.
578 4813 665 4868 Hehr.
688 4819 713 4882 2,
731 4833 756 4868 v.
778 4814 815 4871 11.

36 4928 52 4958 a
126 4906 185 4957 eta.
216 4900 287 4954 Usus
300 4901 464 4970 practicus:
487 4900 701 4955 Consolatorias
716 4900 753 4955 ad
772 4905 927 4972 expenden-
1271 4916 1479 4925 -m-

36 4971 74 5059 'm'
92 4987 156 5041 dam
181 4985 284 5042 Christi
308 4989 526 5058 φιλανθρωπίαν
547 5001 580 5040 ac
599 4984 807 5058 benignitatem.
843 4989 927 5046 Hunc

91 5090 172 5127 usum
190 5077 328 5128 monstrat
343 5072 485 5143 apostolus
504 5078 527 5128 2.
545 5071 607 5129 Gor.
626 5077 651 5140 t,
670 5089 696 5126 v.
716 5079 745 5128 9:
764 5073 849 5128 Scitis
863 5095 926 5144 pra-
1211 5044 1281 5105 ⁰3
1305 5044 1330 5103 P
1351 5046 1379 5104 u
1401 5046 1425 5103 Τ
1466 5044 1530 5106 xv

92 5160 161 5212 tiam
180 5158 301 5213 Domini
317 5159 410 5211 nostri
426 5159 497 5212 Jesa
517 5158 633 5223 Christi,
659 5161 792 5228 qnoniam
809 5172 929 5234 proprus·
1258 5168 1296 5202 111
1321 5167 1476 5203 1111111111-

90 5264 140 5298 vos
159 5262 275 5315 pauper
296 5253 348 5314 eet,
376 5262 436 5298 mern
463 5254 534 5299 esset
558 5245 647 5314 diues,
675 5246 806 5300 utilitia
829 5249 927 5321 inopia
1081 5273 1148 5337 DE
1182 5271 1396 5338 CHRISTI
1429 5268 1527 5336 ΟΝ
1536 5269 1656 5338 1010·

90 5350 139 5385 uos
159 5332 259 5385 ὀίιίιιι
283 5332 388 5385 eseam
424 5329 511 5385 Dives
531 5337 589 5386 erat
609 5330 735 5386 Christus
752 5339 866 5404 propter
881 5353 926 5393 ve·
979 5352 984 5359 ·

89 5435 149 5473 ram
174 5422 203 5472 et
227 5418 327 5474 realem
354 5417 510 5473 divinorum
534 5417 696 5473 idiomatum
723 5419 799 5475 carni
823 5420 927 5479 saetam
989 5430 1047 5480 320.
1071 5423 1171 5479 Thesis
1192 5429 1218 5478 l:
1238 5423 1371 5491 Officia-m
1390 5423 1497 5477 Christi
1514 5423 1640 5477 comata
1658 5424 1687 5477 in
1705 5438 1834 5495 opereve
1849 5438 1885 5479 cn

89 5503 376 5573 communicationem,
396 5504 463 5578 quia
479 5512 538 5558 tota
552 5505 701 5574 piatitudo
721 5508 836 5562 deitatis
849 5510 925 5565 lati·
955 5511 1135 5566 mediationis
1158 5512 1231 5564 intsr
1254 5512 1347 5564 Deum
1366 5519 1392 5564 et
1410 5510 1547 5580 homines,
1575 5513 1652 5581 praed
1667 5519 1705 5565 ert
1724 5510 1789 5577 finis
1803 5488 1885 5531 ΜΟ·
