3984 6022
604 299 656 353 DE
673 298 848 357 PERSONA
864 297 914 353 ΕΤ
931 297 1082 356 ΟἘἭΙΟΙΟ
1099 298 1258 358 CHRISTI.
1568 348 1570 351 .
1681 346 1688 362 ι
1716 307 1774 369 497

87 452 237 507 secundam
265 452 376 507 deitatis
402 452 628 527 personamtieri
647 452 785 507 hominem
802 469 854 508 uec
871 451 918 507 ab·
945 450 1070 507 natione:
1090 458 1114 508 1.
1134 455 1229 507 carnis
1243 455 1385 524 conceptio
1392 475 1403 519 ;
1421 457 1447 508 2.
1465 464 1612 524 conceptae
1629 458 1762 510 0111111110
1769 479 1778 519 ;
1827 490 1834 511 1

88 538 177 591 1ο1111
198 555 249 592 111
267 536 443 608 hypothetice
456 538 511 592 fuit
528 540 720 608 necessarium,
742 540 790 593 sed
810 539 918 610 sapien·
945 543 971 591 3.
984 548 1124 593 assumtae
1136 541 1220 609 nnio,·
1242 544 1266 593 t.
1280 542 1373 594 undae
1386 541 1415 593 in
1427 540 1515 594 lucem
1536 542 1629 595 aetitia.
1666 541 1723 597 Sed
1736 541 1778 596 illi

86 624 143 678 tiae
168 623 276 689 divinae
298 626 478 688 conveniens,
504 632 535 678 ut
554 625 674 694 probant
696 625 834 693 rationes,
858 640 919 694 pro·
944 626 1131 696 conceptionis
1157 643 1256 682 nomeu
1284 626 1424 697 accipiunt
1451 627 1555 696 stricte,
1582 627 1710 683 videlicet
1728 645 1779 698 pro

87 716 150 777 pter
169 727 236 780 quas
254 726 310 763 non
330 708 441 765 Patrem
467 726 519 764 nec
537 709 668 779 Spiritum
694 730 724 779 1.,
752 710 800 766 sed
819 710 919 763 Filium
945 710 1161 767 sanctificatione
1179 712 1253 767 illius
1271 729 1377 768 massae
1395 713 1534 767 seminalis
1555 720 1583 767 et
1602 715 1779 784 sanguineae,

88 796 226 848 incarnari
252 797 417 850 conveniens
443 795 530 850 111111
556 796 674 850 diximus
700 797 835 867 superius.
877 795 918 848 Ex
945 816 979 852 ex
1000 814 1056 869 qua
1073 798 1161 853 Filius
1180 799 1232 854 Dei
1255 816 1365 853 carnem
1390 799 1539 853 animatam
1556 789 1610 854 sibi
1628 800 1781 854 construxit

87 881 138 935 hoe
158 881 336 936 fundamenta
359 881 442 936 facile
459 881 591 952 explicari
612 890 728 952 possunt
748 883 822 937 dicta
846 890 920 937 vete·
945 901 977 938 ac
996 902 1047 955 pro
1065 884 1152 955 ipsius
1171 891 1285 940 naturae
1303 885 1439 939 humanae
1456 885 1484 938 in
1503 893 1581 940 utero
1598 886 1712 957 virginis
1726 887 1779 942 for·

87 985 161 1033 rum,
186 978 302 1037 quorum
326 969 461 1039 quaedam
485 967 701 1022 incarnationem
717 968 782 1022 Filii
802 968 855 1023 Dei
873 985 919 1023 ne·
946 971 1080 1040 matione;
1110 987 1172 1024 cum
1190 970 1290 1040 reliqui
1309 970 1515 1041 conceptionem
1536 972 1632 1026 ultimo
1652 972 1712 1027 loco
1730 991 1780 1027 nu-

86 1053 234 1107 cessariam
266 1054 352 1109 tuisse
380 1062 519 1121 asserunt,
552 1055 690 1125 quaedam
717 1072 782 1111 vero
808 1060 919 1126 negant.
946 1062 1083 1112 merentes
1105 1062 1194 1112 totum
1217 1057 1403 1126 conceptionis
1430 1065 1536 1125 actum,
1567 1058 1595 1110 id
1623 1066 1665 1112 est
1688 1060 1781 1113 omnia

86 1139 208 1209 Cyrillus
232 1140 293 1195 libr.
313 1147 336 1195 5.
355 1141 476 1196 thesauri
496 1158 520 1194 c.
546 1149 569 1196 7.
590 1142 688 1197 statuit
706 1140 811 1195 Christi
828 1143 920 1194 incar·
945 1159 987 1211 ea,
1006 1159 1078 1214 quae
1096 1143 1125 1196 in
1142 1143 1322 1214 conceptione
1334 1143 1410 1199 fuere
1421 1144 1505 1213 facta,
1523 1144 1574 1199 hoc
1587 1145 1696 1199 nomine
1707 1162 1779 1199 com·

85 1228 226 1281 nationem
246 1236 271 1281 et
288 1229 451 1297 passionom
468 1231 580 1282 unicum
589 1231 716 1299 potuisse
730 1245 788 1282 esse
799 1229 920 1282 medium
945 1231 1109 1300 plectantur.

87 1331 120 1366 aa
142 1315 295 1366 remedium
318 1322 430 1368 1011101
457 1314 641 1372 liberationis.
676 1313 796 1386 August.
820 1313 868 1369 lib.
895 1319 918 1368 3.
984 1321 1039 1370 113.
1084 1317 1135 1381 Qu.
1156 1322 1178 1372 3.
1214 1317 1258 1370 An
1284 1318 1410 1388 Spiritus
1435 1336 1457 1372 1.
1486 1317 1516 1368 in
1543 1317 1661 1370 instanti
1686 1319 1779 1372 omnia

87 1400 122 1454 de
138 1399 237 1454 Trinit.
261 1417 284 1453 1.
311 1406 348 1455 10.
374 1419 430 1454 non
455 1401 544 1454 alium
569 1402 681 1471 pridem
703 1403 815 1455 modum
827 1401 920 1471 possi·
946 1403 1067 1456 membra
1091 1404 1218 1472 corporis
1244 1402 1350 1457 Christi
1367 1403 1554 1472 sormaverit,
1578 1422 1616 1456 an
1634 1423 1780 1459 11101111-

88 1487 169 1539 bilem
188 1489 251 1540 Deo
270 1488 409 1556 defense,
427 1489 480 1541 sed
494 1491 642 1541 sanandae
660 1495 772 1541 11011111
790 1484 920 1541 erismae
946 1489 1068 1542 11111111
1101 1487 1182 1542 Prius
1209 1488 1347 1543 affirmant
1372 1489 1457 1544 Basil.
1488 1489 1516 1543 in
1546 1497 1614 1544 orat.
1641 1489 1677 1546 de
1704 1490 1779 1546 hum.

87 1573 334 1626 convenientiorem
359 1574 447 1627 alium
465 1591 521 1627 non
530 1575 627 1641 fuisse
646 1590 696 1627 nec
714 1590 773 1627 esse
785 1573 920 1642 potuisse.
945 1573 1047 1629 Christi
1063 1581 1185 1647 generat.
1206 1575 1264 1630 Leo
1280 1575 1399 1646 Magnus
1416 1592 1494 1630 serm.
1515 1580 1538 1631 8.
1558 1575 1778 1631 (1111111111-

86 1657 144 1712 Leo
169 1675 248 1713 serm.
272 1664 295 1713 2.
324 1660 359 1714 dc
381 1659 465 1714 nativ.
488 1659 540 1714 col.
559 1665 599 1715 39.
645 1661 705 1713 Una
723 1659 918 1713 mnericmdia
945 1660 1056 1730 gentius
1074 1661 1121 1717 lib.
1135 1660 1237 1716 deiide
1255 1661 1291 1714 ad
1309 1661 1422 1716 Petrum
1435 1668 1492 1716 att.
1512 1659 1678 1717 Damascan.
1692 1661 1740 1716 lib.
1756 1668 1778 1718 3.

86 1747 180 1811 DEI,
200 1764 261 1797 essm
280 1746 320 1798 ad
338 1747 529 1813 reparandum
548 1764 635 1815 penus
654 1747 804 1798 humanum
822 1746 919 1815 ineffa·
945 1745 981 1802 de
1005 1747 1074 1802 orth.
1099 1747 1146 1801 tid.
1171 1765 1194 1802 c.
1222 1754 1250 1803 2:
1280 1749 1374 1801 titius
1392 1749 1451 1802 Dei
1474 1750 1626 1802 construait
1644 1750 1700 1803 sibi
1723 1749 1782 1817 spei

87 1832 179 1884 hiliter
204 1832 232 1883 ei
253 1831 340 1883 multa
357 1839 547 1901 suppeterent,
574 1833 646 1885 hane
661 1832 838 1900 potissimum
857 1847 919 1882 aaa·
945 1850 1057 1887 carnem
1074 1834 1228 1887 animatam
1241 1850 1297 1902 per
1318 1834 1455 1903 Spiritum
1470 1852 1492 1885 s.
1512 1831 1546 1888 ori
1567 1814 1625 1895 init
1644 1835 1711 1889 susi
1731 1858 1778 1903 μι-

86 1919 199 1971 snlendi
217 1919 291 1970 eiam
311 1918 402 1986 clepit,
420 1936 475 1987 qua
495 1920 535 1971 ad
554 1919 752 1972 destruendum
770 1935 840 1986 opus
857 1917 918 1969 dia·
945 1913 1013 1989 κρόν
1041 1917 1213 1991 προσθήκαις
1231 1918 1451 1995 ἆπαρτιζομένου
1469 1924 1519 1974 τοῦ
1537 1920 1692 1995 σχήματος,
1718 1921 1775 1975 ‹iil'

87 2006 144 2059 boli
161 2023 216 2057 non
235 2004 335 2057 virtute
354 2013 477 2057 uteretur
491 2005 647 2074 potentiae,
676 2006 729 2057 sed
746 2005 855 2056 ratione
870 2003 919 2071 ju·
948 2003 992 2076 ὑφ’
1015 2003 1045 2058 ἓν
1062 2009 1261 2075 sessiacense,
1282 2023 1339 2059 aon
1352 2008 1496 2075 paulatim
1510 2026 1565 2077 per
1585 2010 1779 2062 additamenta
1833 2010 1835 2015 '

85 2091 186 2143 stitiae.
214 2089 322 2144 Similia
341 2088 425 2143 habet
440 2089 592 2147 Bernhard.
610 2089 700 2159 Epist.
723 2089 919 2144 lancelini.
946 2091 1053 2158 emrteta
1071 2091 1170 2160 fipura,
1189 2092 1242 2143 sed
1258 2109 1313 2145 uno
1331 2101 1457 2146 contentu
1476 2094 1612 2150 0111011110.
1635 2093 1778 2150 Commen-

85 2186 181 2232 anctor
199 2176 262 2230 libri
281 2178 316 2231 de
339 2194 428 2248 agone
441 2176 543 2232 Christi
560 2194 582 2231 c.
600 2184 639 2232 11.
662 2177 759 2231 Thom.
772 2181 795 2232 3.
815 2181 921 2246 quaest,
946 2181 1019 2231 tator
1036 2176 1204 2232 Damasceni
1230 2176 1283 2231 hoc
1307 2176 1407 2248 probat
1430 2195 1463 2233 ex
1490 2179 1571 2234 dictis
1597 2180 1778 2252 propheticis:

78 2268 110 2318 ’1.
130 2269 180 2318 art.
201 2269 224 2318 2.
244 2262 341 2317 Lomb.
361 2268 385 2317 2.
407 2267 476 2316 1111.
499 2263 562 2316 dist
582 2270 624 2319 14.
644 2259 671 2338 ξ.
691 2269 715 2318 3.
735 2269 786 2318 etc.
947 2262 1065 2316 Femina
1084 2263 1270 2316 circumdabit
1286 2263 1383 2319 uirum.
1415 2265 1490 2317 Ecce
1506 2266 1552 2318 uir
1571 2267 1663 2319 oriens
1682 2283 1780 2320 nomen

125 2356 180 2405 112.
217 2349 268 2412 Qu.
289 2356 312 2404 2.
340 2352 386 2402 An
404 2357 507 2401 natura
525 2350 646 2403 bumana
668 2349 774 2403 Christi
788 2349 920 2402 11111111-
947 2349 1016 2417 ejus.
1040 2348 1099 2403 Alii
1117 2353 1225 2420 urgent,
1243 2348 1781 2421 (11οά0ἰί111101111Λόγο11101111111111

87 2444 168 2488 catur
187 2432 397 2494 inanimatae?
432 2435 636 2488 Ἀνυπόστατοκ
667 2435 806 2506 duplicem
836 2433 922 2488 habet
947 2436 1042 2489 statim
1068 2436 1121 2489 toti
1139 2436 1221 2488 carni
1237 2435 1341 2489 unitus.
1377 2434 1498 2490 Basilius
1517 2441 1611 2508 urget,
1638 2438 1712 2508 quod
1731 2454 1779 2492 an-

87 2521 324 2592 significationem.
359 2522 493 2576 Absolute
512 2528 537 2575 et
554 2523 720 2590 simpliciter
739 2521 808 2574 illud
821 2520 921 2575 dicitur
947 2522 1025 2594 galus
1044 2540 1099 2577 non
1117 2520 1193 2576 dicat
1210 2521 1240 2575 τὸ
1259 2526 1370 2592 κυηθὲν,
1390 2522 1438 2576 sed
1458 2521 1488 2576 ri
1507 2529 1650 2592 γεννηθέν,
1671 2540 1704 2578 ex
1723 2538 1778 2594 qua

87 2607 285 2674 desiniemus,
306 2609 380 2679 quod
398 2625 449 2663 nec
466 2625 517 2662 sua
530 2622 581 2663 nec
593 2609 683 2663 aliena
696 2607 845 2663 ὑποστάσει
857 2607 921 2662 sub·
946 2608 1101 2680 colligitur,
1130 2607 1160 2662 οὐ
1187 2608 1253 2662 κατὰ
1277 2606 1326 2676 τὴν
1350 2609 1445 2676 κοινὴν
1471 2608 1558 2681 φύσιν
1582 2610 1628 2676 τῆς
1645 2606 1746 2683 σαρκὸς
1762 2607 1779 2677 ἡ

88 2694 170 2763 sistit,
182 2695 256 2766 quod
268 2711 319 2749 nec
333 2695 479 2750 essentiam
491 2712 541 2749 nec
555 2694 761 2749 subsistentiam
775 2693 920 2749 habetnec
947 2694 1077 2756 σύσιασις
1095 2695 1202 2765 ἐγένετο
1221 2699 1259 2763 τῷ
1276 2702 1375 2767 κυρίῳ,
1400 2692 1482 2771 sidio
1500 2694 1554 2768 γάρ
1573 2697 1676 2749 stlsior
1693 2691 1727 2759 ἦν
1744 2697 1777 2770 τῇ

87 2782 116 2835 in
129 2797 158 2835 se
174 2797 225 2835 nec
244 2782 272 2835 iu
290 2780 353 2848 alio,
374 2782 423 2836 aed
441 2788 484 2836 eat
500 2780 569 2835 nihil
585 2782 753 2854 negativum.
785 2780 921 2836 Eosenau
948 2784 1029 2854 aspri
1058 2780 1088 2834 τό
1113 2781 1352 2854 κυοφορούμεκον,
1380 2780 1412 2834 οὐ
1436 2788 1494 2842 ταῖς
1513 2778 1580 2835 κατὰ
1597 2780 1700 2854 μηρὸν
1717 2780 1779 2834 dru-

89 2874 188 2921 natura
207 2867 328 2921 humana
339 2866 443 2922 Christi
461 2885 517 2922 nou
534 2874 626 2938 potest
645 2867 700 2922 dici
721 2866 919 2922 inundaretur.
948 2867 1065 2922 πλόσεσο
1081 2874 1232 2940 μορφηθέκ
1250 2887 1278 2938 p.
1297 2873 1355 2923 232.
1384 2867 1438 2923 Sed
1456 2867 1658 2922 meminerimus
1671 2866 1780 2921 umbra·

89 2955 189 3007 Retote
207 2964 231 3006 et
251 2957 401 3007 secundum
419 2956 489 3023 quid
507 2952 701 3008 ἀνυπόστατον
719 2954 828 3023 dicitur,
847 2954 921 3025 quod
948 2953 1041 3007 culum
1056 2971 1116 3008 esse
1127 2953 1192 3007 huic
1209 2953 1382 3024 conceptioni
1399 2953 1633 3023 superinductum,
1652 2970 1687 3007 ue
1705 2969 1779 3007 seru·

88 3057 143 3093 nan
175 3039 287 3109 quidem
319 3057 382 3107 sua,
412 3040 461 3093 sed
491 3039 582 3094 aliena
614 3038 763 3103 incuriosi
789 3038 922 3107 subsistit,
947 3039 1071 3110 pulosius
1086 3041 1146 3111 ejus
1163 3040 1274 3093 modum
1293 3045 1454 3106 scrutemur,
1472 3056 1521 3094 nec
1540 3044 1643 3094 temere
1661 3040 1779 3094 eundem

45 3172 46 3175 ,
89 3125 163 3197 quod
182 3126 329 3180 essentiam
348 3125 459 3196 quidem
477 3124 577 3190 babet,
597 3143 651 3180 non
671 3131 764 3181 tamen
783 3125 922 3197 propriam
948 3125 1119 3181 definiamus.
1145 3132 1167 3181 1.
1187 3124 1327 3194 Scriptura
1345 3124 1425 3192 dicit,
1453 3125 1527 3195 quod
1545 3126 1638 3178 debuit
1649 3143 1704 3194 per
1723 3144 1779 3178 orn-

88 3212 312 3283 personalitatem
332 3218 359 3266 et
376 3211 593 3277 subsistentiam,
612 3213 662 3266 sed
681 3213 710 3266 in
722 3213 777 3268 alio
789 3213 921 3280 subsistit,
948 3214 997 3266 nia
1009 3213 1156 3279 fratribus
1175 3212 1345 3285 ὁμοιωθῆναι
1365 3209 1517 3266 Hebraeor.
1531 3215 1555 3279 2,
1568 3228 1593 3263 v.
1609 3217 1647 3265 11.
1675 3210 1777 3266 1811-

89 3298 141 3353 hoc
169 3315 251 3353 seusu
279 3314 343 3352 caro
369 3297 471 3353 Christi
498 3299 600 3352 dicitur
625 3298 828 3368 ἀνυπόστατος,
857 3299 923 3370 quia
948 3309 978 3354 nt
993 3301 1078 3369 pueri
1094 3299 1296 3351 communicant
1316 3298 1398 3350 carni
1414 3305 1440 3349 et
1457 3298 1595 3364 sanquini,
1615 3298 1656 3350 sic
1676 3306 1702 3350 et
1719 3299 1779 3367 ipse

88 3386 194 3451 scilieet
222 3391 265 3439 est
294 3384 476 3445 ἐνυπιῖσιαυος
506 3385 534 3438 in
558 3385 619 3455 ipso
645 3385 732 3456 Λόγῳ
761 3385 921 3443 subsistens.
949 3389 1147 3459 παραπλησίως
1176 3384 1361 3453 participarit
1394 3383 1498 3436 eisdem
1524 3401 1548 3437 v.
1580 3389 1617 3437 11.
1663 3381 1781 3437 Constat

10 3481 75 3525 ,111
90 3472 171 3537 Quod
198 3488 264 3542 ergo
295 3470 406 3541 quidam
433 3471 578 3523 terminum
605 3489 624 3524 a
651 3490 704 3540 quo
732 3472 923 3541 (vuapenicense
949 3480 1040 3528 autem
1065 3471 1187 3543 reliquos
1205 3469 1324 3523 infantes
1345 3468 1499 3522 successive
1517 3467 1545 3521 in
1563 3474 1641 3523 utero
1658 3467 1778 3523 formari.

90 3565 216 3614 statuunt
233 3558 444 3612 ἁυυποοτασίακ
464 3558 570 3627 caruis,
591 3576 662 3630 quae
680 3558 865 3615 intercesserit
882 3560 921 3613 11-
950 3566 973 3615 3.
994 3559 1033 3614 Ut
1057 3564 1122 3629 post
1144 3548 1317 3611 nativitatem
1339 3572 1373 3610 ac
1397 3553 1544 3610 editionem
1564 3554 1593 3608 iu
1610 3547 1701 3610 lucem
1718 3572 1780 3626 pro-

89 3654 131 3700 ter
158 3644 380 3713 subsistentiam,
406 3662 462 3715 qua
488 3661 579 3698 massa
603 3644 664 3708 illa,
690 3663 723 3699 ex
747 3661 802 3716 qua
820 3645 922 3700 Christi
948 3645 1015 3702 tecit
1034 3644 1122 3714 iliata
1141 3644 1246 3715 absque
1265 3642 1322 3696 ulls
1340 3641 1492 3712 personalis
1510 3640 1618 3694 unionis
1630 3641 1781 3696 mutatione

90 3748 190 3801 corpus
208 3731 363 3800 formatum,
383 3730 508 3785 subsistit
527 3737 558 3784 ut
575 3748 640 3802 pars
658 3731 771 3802 virginis
788 3749 842 3786 non
860 3750 921 3802 pro·
948 3734 991 3788 vel
1013 3733 1180 3788 incrementa
1198 3729 1268 3784 Luc.
1288 3735 1319 3797 2,
1340 3747 1366 3781 r.
1385 3734 1434 3797 52,
1458 3727 1498 3782 111
1521 3729 1550 3781 11
1575 3735 1653 3782 1111ο
1671 3745 1781 3799 quoque

88 3818 151 3888 pria
170 3822 198 3871 et
216 3817 278 3888 ipsa
293 3817 408 3888 virginis
426 3816 617 3886 subsistentis,
635 3825 663 3872 et
682 3818 755 3871 inter
772 3818 921 3873 subsisten-
942 3821 1144 3875 incrementum
1166 3833 1265 3888 capere
1288 3815 1386 3886 potuit.
1423 3821 1445 3870 4.
1469 3815 1503 3868 Ι).
1524 3813 1699 3869 Chemnicius
1717 3831 1780 3885 pro·

88 3906 170 3970 11111,
189 3921 245 3975 qua
261 3910 361 3957 natura
379 3902 500 3957 humana
518 3921 551 3957 ex
571 3921 662 3957 massa
681 3903 853 3958 sanctificata
871 3922 922 3975 per
947 3907 1026 3978 ponit
1047 3907 1118 3960 hanc
1142 3905 1266 3978 regulam
1292 3903 1322 3956 in
1340 3901 1436 3957 Herm
1459 3917 1556 3972 evang.
1583 3918 1607 3957 c.
1628 3906 1650 3956 8.
1675 3919 1702 3971 p.
1724 3907 1779 3957 113.
1878 3901 1882 3910 ’

91 3991 210 4061 Spiritus
235 4009 256 4043 s.
283 3991 470 4060 operationem
489 3990 608 4044 formata
632 3991 660 4043 in
684 3990 772 4061 primo
797 3991 920 4046 iucarna-
949 3996 1055 4046 Lucam
1091 3993 1120 4046 in
1152 3991 1336 4060 descriptione
1369 3989 1524 4042 nativitatis
1555 3986 1661 4040 Christi
1689 3987 1779 4051 fuisse

88 4078 172 4132 tionis
190 4082 326 4131 momento
350 4075 500 4130 subsistere
524 4077 646 4146 coeperit
672 4077 734 4146 ipsa
756 4079 805 4131 τοῦ
823 4075 920 4146 Λόγου
948 4098 1026 4132 inum
1046 4079 1207 4149 eritporibus
1223 4095 1258 4130 ac
1276 4078 1389 4129 usitata
1407 4075 1557 4142 vocabulis,
1578 4082 1608 4126 ut
1628 4074 1780 4126 ostenderet

89 4164 268 4218 subsistentia
287 4162 341 4217 sibi
358 4163 572 4228 communicata,
598 4162 668 4216 illud
687 4180 741 4218 uon
760 4171 802 4219 est
820 4164 921 4234 accipi·
948 4185 1003 4220 non
1030 4166 1191 4235 quaerendo
1217 4181 1273 4218 esse
1294 4171 1408 4231 praeter
1433 4162 1597 4230 Scripturas
1622 4160 1781 4212 testimonia

88 4250 192 4304 endum
216 4266 248 4304 eo
272 4267 370 4316 sensu,
399 4250 473 4320 quod
498 4266 562 4304 caro
590 4249 692 4304 Christi
715 4251 772 4304 ullo
800 4267 922 4321 unquam
949 4251 1177 4306 extraordinaria
1205 4249 1343 4303 miracuta
1366 4250 1397 4302 in
1422 4248 1566 4300 nativitate
1586 4246 1703 4310 Christi,
1730 4245 1781 4299 sed

88 4344 213 4404 tempore
229 4330 340 4406 prorsus
360 4335 549 4397 ἀνυπόστατος
560 4336 657 4404 fuerit,
674 4337 723 4391 sed
737 4338 811 4407 quod
829 4341 923 4391 nostra
949 4356 1019 4407 quoe
1045 4337 1173 4390 naturali
1198 4337 1307 4388 ratione
1331 4342 1397 4402 post
1427 4342 1587 4401 conceptu-m
1618 4333 1723 4393 faenum
1750 4333 1780 4384 in

88 4423 201 4488 turrate
226 4418 290 4475 talis'
308 4422 398 4475 carnis
419 4420 611 4475 irvnoaraatu
629 4427 693 4476 ante
711 4423 770 4492 ejus
788 4423 817 4476 in
835 4423 923 4477 subsi—
946 4432 1032 4493 partu
1043 4424 1112 4490 fieri
1127 4431 1152 4474 et
1164 4429 1280 4489 partum
1298 4419 1429 4472 comitari
1445 4419 1542 4483 1111111,
1560 4418 1710 4483 copitanda
1723 4434 1780 4470 esse

88 4507 218 4562 stantiam
237 4510 286 4560 τοῦ
306 4507 403 4576 Λόγου
424 4509 610 4577 receptionem
628 4525 683 4563 non
700 4510 847 4578 temporis,
873 4508 985 4632 sedqdc
1002 4510 1055 4561 tae
1076 4509 1227 4562 nativitate.
1255 4506 1332 4560 Idem
1354 4505 1389 4559 de
1407 4504 1586 4574 conceptione
1607 4503 1662 4557 dici
1681 4509 1780 4573 potest.

88 4602 205 4649 natiuae
222 4594 317 4648 ordine
336 4594 451 4663 praevia
471 4595 609 4651 statuitur.
631 4594 701 4650 Caro
719 4594 768 4649 illa
787 4601 815 4648 11
831 4594 923 4648 anima
950 4595 978 4652 Si
1006 4594 1073 4666 quid
1097 4592 1221 4647 miraculi
1239 4592 1284 4646 hic
1307 4596 1426 4645 statuere
1447 4589 1580 4659 velimus,
1610 4588 1781 4660 (1111111111-
1863 4631 1867 4644 .

87 4699 144 4735 111
163 4685 243 4735 erant
259 4679 335 4749 prius
355 4679 432 4733 unita
448 4680 477 4733 in
494 4698 576 4735 unam
597 4698 756 4752 personam,
784 4682 832 4736 sed
856 4688 923 4735 tem·
949 4683 1014 4735 dum
1033 4681 1106 4734 inter
1124 4680 1304 4732 mensbrorum
1328 4676 1527 4746 effipiationem
1546 4683 1572 4727 et
1592 4676 1782 4743 effipiatomm

87 4783 156 4838 pore
184 4766 266 4820 simul
288 4765 366 4821 tuere
391 4767 481 4821 carnis
506 4785 539 4821 ex
566 4783 657 4820 massa
681 4783 697 4820 a
717 4766 821 4836 Spiritu
842 4784 862 4820 s.
882 4782 923 4820 se·
950 4768 1144 4835 accretionem,
1171 4765 1248 4819 illam
1265 4763 1352 4819 fuisse
1369 4770 1602 4830 momentaneam,
1629 4761 1701 4816 hanc
1718 4779 1782 4816 vero

88 4859 208 4926 gregata
225 4857 254 4906 et
271 4852 441 4908 sanctificata
460 4853 603 4923 formatio,
621 4854 713 4908 carnis
732 4853 805 4906 illius
823 4852 922 4907 forma·
950 4854 1141 4920 successivam,
1159 4851 1187 4904 in
1200 4867 1283 4923 quam
1301 4849 1464 4905 sententiam
1481 4849 1593 4904 tandem
1608 4847 1667 4902 abit
1680 4847 1781 4901 Dama·
1846 4851 1849 4858 '

87 4939 296 5008 181ῦώ1118ῒὶ0,
322 4939 413 4993 camis
435 4939 568 4994 formatae
590 4937 923 4994 θ181111111οἱ1181111·
950 4942 1024 4998 sceui
1042 4944 1245 4996 cemmentator.
1266 4939 1303 4991 In
1321 4938 1384 5005 ipso
1401 4937 1521 5005 quidem,
1540 4935 1637 5006 iuquit,
1656 4943 1780 4988 materno

89 5026 218 5081 atentiam
238 5025 338 5096 Λόγου
357 5024 498 5092 assumtio,
517 5025 609 5078 carnis
625 5024 768 5091 formatae,
784 5025 922 5079 animatae
949 5039 1027 5084 rutero
1050 5027 1133 5080 motis
1157 5035 1183 5080 et
1207 5024 1371 5095 quantitatis
1396 5023 1524 5090 corporis
1544 5029 1626 5090 atque
1649 5021 1781 5073 membro·

89 5117 119 5166 11
139 5111 313 5167 subsistentis
330 5112 359 5166 in
378 5117 456 5166 utero
474 5109 589 5182 virginis
607 5110 760 5180 conceptio,
773 5109 831 5182 ἅμα
844 5111 921 5179 σάρξ,
948 5134 1011 5168 oum
1031 5113 1151 5167 Domini
1176 5111 1268 5165 nostri
1288 5108 1347 5174 fuit
1372 5103 1429 5176 per
1445 5106 1554 5159 dierum
1572 5106 1720 5159 interualla
1739 5108 1780 5160 in·

88 5199 149 5272 ἅμα
167 5198 266 5267 Λόγου
284 5199 366 5268 σὰρξ,
384 5198 442 5267 ἅμα
462 5196 587 5268 ἔμψυχος
607 5194 703 5265 loytres)
724 5193 793 5263 σάρξ
809 5196 850 5249 sit
866 5195 922 5250 Da·
950 5207 1122 5266 crementum,
1139 5198 1211 5251 sicut
1228 5202 1332 5263 etpost
1349 5192 1531 5255 nativitatem,
1549 5200 1578 5244 ut
1594 5193 1718 5261 primum
1731 5193 1781 5246 mi-

89 5300 209 5339 mascen.
228 5284 276 5338 lib.
291 5290 314 5339 3.
335 5289 394 5338 ct.
421 5280 498 5336 Idem
516 5282 563 5336 lib.
583 5282 670 5352 ejusd.
691 5299 713 5337 c.
735 5288 773 5336 12.
792 5282 864 5354 ὁμοῦ
880 5303 923 5352 γε·
949 5305 1020 5340 nora
1052 5291 1153 5351 essem,
1183 5282 1284 5336 demde
1311 5296 1366 5348 per
1399 5278 1565 5330 nutrimenti
1596 5278 1779 5332 accessionem

89 5368 238 5425 riuturni
256 5377 326 5439 retu,
345 5367 566 5439 τὴνπρόςληψυν,
586 5368 774 5439 τὴνῦπαρξιν,
792 5369 923 5434 11111111-
948 5375 1045 5438 fierent
1069 5370 1210 5440 paritatim
1235 5369 1363 5435 majora,
1391 5366 1456 5436 ipsa
1482 5373 1573 5418 tamen
1597 5366 1779 5419 membrorum
1793 5376 1830 5418 111.
1845 5374 1892 5417 tta.

89 5473 137 5510 σικ
159 5456 260 5529 capric
280 5456 333 5510 ὑπὸ
353 5460 402 5510 roi
421 5454 526 5525 Λόγου.
562 5455 682 5522 Quidam
705 5454 780 5509 hunc
800 5455 923 5511 ordinem
949 5460 1099 5513 secundum
1112 5459 1238 5526 flpurnm
1257 5463 1281 5508 et
1300 5452 1505 5507 distinctionem
1516 5452 1660 5518 formatio
1670 5453 1733 5518 snit
1750 5452 1779 5504 in
1831 5529 1833 5533 λ

88 5548 225 5614 statuunt,
243 5542 317 5612 quod
334 5541 440 5626 fuerint
453 5547 574 5615 quatuor
591 5542 671 5614 quasi
690 5546 769 5596 actus
788 5542 817 5596 in
834 5543 923 5599 incar·
951 5548 1013 5618 ipso
1032 5545 1127 5615 primo
1150 5551 1296 5612 conceptio
1318 5539 1396 5595 sacri
1417 5546 1553 5593 momento
1574 5540 1684 5594 omnino
1708 5555 1779 5591 com·

1419 5645 1453 5697 32
