3984 6022
632 274 685 330 DE
703 273 879 333 PERSONA
898 273 949 329 ET
966 271 1122 332 OFFICIO
1138 274 1300 332 CHRISTI.
1769 281 1829 341 585

60 435 105 480 Ι.
121 426 236 500 duplici
260 433 425 499 ugumento
453 428 630 499 explicamus.
666 427 773 485 Primo:
809 431 888 495 Quae
912 429 968 484 diei
996 435 1103 482 tomam
1122 437 1147 482 et
1174 429 1315 482 lominum
1333 429 1464 498 opinione
1476 428 1641 497 profecerit.
1678 428 1733 485 Sed
1753 444 1832 500 argu·
1922 440 1925 449 “

122 512 272 571 novinimi
295 512 410 568 seientia
436 513 541 584 angelis
569 519 597 569 st
621 513 779 569 hominibus
805 515 967 587 denegatur,
995 519 1089 571 menta
1106 514 1135 569 in
1153 514 1276 569 medium
1295 503 1417 569 adducta
1434 514 1601 569 munatium
1620 514 1782 584 osmndunt,
1800 533 1833 571 ao

123 601 228 663 eadem
257 598 341 655 etiam
365 599 439 654 Filio
464 599 584 654 hominia
606 599 767 671 denegatur.
807 601 890 657 Ratio
916 609 966 670 est,
995 601 1018 654 si
1041 600 1108 656 licet
1130 606 1253 657 statuere
1273 599 1414 656 Christum
1436 599 1505 655 ruri
1523 601 1637 668 δόκησιν
1661 607 1833 670 tantumsa·

122 686 195 767 qnia
227 684 315 741 utitur
344 683 471 740 Christus
505 685 712 756 comparatione
741 686 905 757 imparium,
937 693 969 742 ut
995 686 1101 756 pientia
1125 686 1292 757 profecisse,
1319 687 1418 757 utique,
1441 687 1522 742 etiam
1548 685 1711 766 Manichaeo
1738 687 1834 743 licebit

124 772 217 831 orato
236 773 299 841 ipsa
323 770 413 843 magis
436 772 580 844 magisque
606 777 741 844 assurgat
776 775 824 826 Dc
847 775 893 827 elie
913 773 967 826 illo
994 772 1095 836 dicere,
1114 773 1189 843 quod
1211 777 1319 827 statura
1335 771 1403 826 ruri
1422 771 1538 838 δόκησιν
1554 778 1663 827 tantum
1676 771 1830 842 profecerit.

125 869 152 914 et
168 860 255 921 lora,
281 857 386 929 inquit,
411 875 499 928 ncqrm
524 859 648 913 homiues
667 860 772 924 aciuut,
800 859 847 930 qui
874 866 966 914 tamen
993 859 1110 924 Quando
1128 858 1221 914 Lucas
1243 858 1273 912 in
1295 858 1356 914 eod.
1381 875 1442 929 cap.
1465 877 1490 913 v.
1509 865 1552 915 48.
1579 857 1732 928 losephum
1750 865 1833 914 vocat

125 945 280 1003 mulinum
297 961 389 999 rerum
406 944 533 1001 notitiam
545 944 599 1000 sibi
616 945 759 1017 acquirere
773 951 898 1016 possunt,
917 963 966 1000 nec
988 951 1102 1013 patrem
1132 944 1254 1012 Christi,
1283 944 1377 1000 statim
1405 944 1485 1000 addit
1511 944 1724 1015 explicationem
1752 960 1774 998 c.
1805 949 1829 1013 3,
1887 943 1897 949 ”

126 1030 229 1100 ampeli
242 1030 273 1084 irs
294 1030 394 1099 ecclc,
412 1030 461 1102 qni
477 1031 553 1102 qnod
570 1030 669 1086 sociem
687 1031 779 1086 Patris
799 1048 906 1103 semper
926 1032 965 1086 in·
992 1047 1017 1083 v.
1046 1034 1096 1098 233
1125 1028 1256 1084 Christus
1282 1036 1342 1086 erat
1366 1028 1440 1085 filins
1457 1029 1588 1100 losephi,
1616 1028 1652 1090 cis
1683 1030 1829 1104 ἐνομίζετο,

126 1121 290 1181 meatur,
307 1116 426 1172 mamma
445 1115 514 1172 scire
533 1116 713 1180 ridebantur,
733 1117 788 1172 imo
806 1135 855 1171 uec
871 1118 966 1171 Filiae
993 1115 1067 1186 quod
1089 1116 1112 1170 si
1132 1116 1268 1171 noluisset
1286 1116 1339 1172 hoc
1357 1133 1408 1171 nos
1426 1116 1588 1188 intelligere,
1609 1117 1684 1187 quod
1702 1114 1827 1172 Christus

127 1200 214 1259 novit.
248 1201 314 1257 lam
338 1218 404 1257 vero
427 1202 520 1273 augeli
546 1206 574 1257 et
597 1200 723 1258 homines
743 1202 873 1273 ignorant
892 1202 964 1258 diem
992 1218 1056 1257 vere
1073 1202 1232 1271 profecerit,
1250 1202 1367 1258 eandem
1386 1203 1597 1273 explicationem
1615 1202 1679 1257 huic
1693 1203 1827 1258 versiculo

125 1286 207 1344 illum
226 1304 283 1343 non
300 1286 362 1343 aliis
381 1293 504 1358 ustum,
532 1287 682 1344 sedetiam
700 1288 752 1343 sibi
770 1289 852 1359 ipsis,
877 1289 906 1342 id
925 1295 966 1344 est
992 1305 1017 1342 v.
1028 1293 1069 1344 to.
1090 1303 1113 1341 c.
1133 1294 1156 1344 2.
1175 1289 1337 1344 addidisset.
1367 1297 1391 1345 4.
1404 1289 1475 1344 Phil.
1491 1295 1514 1359 t,
1533 1308 1558 1345 v.
1577 1296 1606 1345 t:
1628 1289 1753 1344 Christus
1766 1307 1827 1343 cum

125 1390 184 1429 nou
204 1389 238 1429 eo
255 1377 366 1429 tautum
383 1372 465 1428 modo
483 1372 621 1444 ignorant,
638 1380 671 1429 ut
688 1374 854 1430 aliisdicere
870 1374 966 1439 nolint,
993 1381 1063 1426 caret
1085 1374 1114 1426 iu
1131 1375 1234 1440 sorore
1259 1376 1330 1442 Dei,
1358 1392 1388 1429 cc
1410 1376 1502 1444 ipsum
1528 1377 1679 1430 cmumioit
1698 1377 1827 1442 scrutans
1840 1381 1881 1424 111.
1895 1380 1942 1423 tit·

126 1458 178 1515 sad
206 1465 272 1515 actu
298 1465 326 1515 at
352 1455 445 1519 ὄντως.
486 1458 562 1530 Ergo
589 1467 617 1516 et
641 1460 730 1515 Filius
759 1461 854 1516 eodem
883 1461 965 1516 modo
993 1459 1067 1513 acroi
1084 1458 1226 1529 accipiere
1245 1461 1478 1517 insimilitudine
1496 1463 1637 1517 lominum
1655 1463 1826 1517 constitectua.

125 1544 248 1618 ignorat
284 1543 314 1602 si
332 1550 425 1600 autem
441 1544 529 1599 Filius
547 1546 644 1612 sciret,
664 1547 712 1601 sed
730 1564 786 1602 non
803 1547 886 1602 sciret
906 1553 965 1601 tan·
993 1542 1028 1598 V.
1047 1551 1076 1601 8:
1102 1554 1127 1598 et
1139 1547 1238 1616 fiyura
1259 1554 1385 1616 repertus
1405 1555 1436 1601 ut
1457 1548 1546 1604 homo.
1590 1547 1828 1613 Quemadmodum

126 1637 191 1687 tum
214 1630 251 1686 ad
275 1629 455 1687 revelandum
477 1631 552 1700 aliis,
574 1632 603 1686 id
621 1650 676 1688 non
695 1639 768 1688 esset
786 1635 890 1704 majus,
914 1649 966 1688 nec
994 1630 1120 1686 Christum
1152 1632 1181 1686 in
1208 1632 1307 1688 diebus
1335 1634 1425 1688 camis
1450 1651 1517 1690 suae
1543 1634 1769 1706 omnipotentiam
1795 1651 1828 1689 sc

128 1716 217 1773 matie
240 1723 398 1789 assurgeret
414 1716 443 1770 in
462 1718 676 1789 comparatione.
711 1717 853 1774 Secundo:
889 1719 965 1783 Quae
993 1718 1166 1788 majestatem
1190 1718 1314 1773 divinam
1332 1727 1469 1777 assumtae
1487 1728 1603 1777 naturae
1622 1721 1760 1778 humanae
1779 1738 1829 1793 per

129 1802 186 1860 diei
216 1802 359 1859 noumimi
384 1802 501 1858 scientia
526 1803 604 1859 Patri
631 1804 763 1861 tribuitur
786 1804 815 1858 in
843 1806 965 1861 membro
993 1802 1122 1858 unionem
1141 1805 1314 1874 personalem
1331 1822 1396 1861 vere
1418 1813 1446 1861 et
1468 1807 1580 1862 realiter
1597 1808 1828 1863 communicatam

127 1889 298 1961 posteriore,
341 1906 375 1944 ea
412 1889 519 1960 augelis
555 1897 583 1944 et
616 1890 773 1946 hominibus
811 1890 966 1962 denegatur
992 1906 1048 1944 non
1067 1906 1175 1960 semper
1192 1906 1243 1946 nec
1260 1890 1344 1960 pleno
1362 1910 1414 1946 usu
1433 1895 1565 1962 exseruit,
1585 1894 1625 1949 ita
1642 1910 1752 1965 quoque
1771 1912 1828 1948 om·

127 1975 159 2030 in
194 1974 317 2050 membro
345 1976 451 2045 priore,
487 1981 519 2030 ut
550 1976 672 2032 ostendit
709 1976 854 2046 oppositio.
900 1977 964 2033 lam
992 1973 1167 2030 niscientiam
1186 1991 1241 2030 non
1266 1993 1374 2047 semper
1397 1995 1447 2049 per
1471 1986 1598 2035 naturam
1615 1979 1763 2035 humanam
1783 1997 1827 2034 ex-

112 2076 195 2119 sero
213 2061 297 2119 mam
315 2062 399 2118 Pater
422 2079 478 2117 non
497 2061 579 2117 scivit
598 2062 671 2116 diem
691 2063 769 2116 illum
787 2062 824 2116 ad
842 2063 964 2118 revelan-
992 2060 1092 2129 seruit,
1114 2067 1222 2133 pugnat
1240 2062 1315 2116 enim
1333 2080 1396 2117 cum
1414 2070 1489 2120 statu
1507 2065 1698 2122 exinanitionis
1716 2066 1829 2137 plenum

129 2148 196 2203 dum
215 2148 285 2216 aliis,
303 2165 448 2205 cumeum
464 2167 520 2203 non
537 2148 673 2203 revelarit
709 2149 784 2220 Ergo
802 2148 890 2203 Filius
910 2166 965 2203 non
993 2146 1201 2202 omniscientiae
1221 2165 1302 2203 snum
1321 2149 1382 2220 ipso
1402 2157 1467 2205 actu
1484 2167 1619 2207 exercere.
1657 2159 1681 2206 5.
1700 2152 1785 2209 Hebr.
1805 2158 1828 2221 t,

129 2233 192 2289 aliis
211 2239 330 2308 tautum,
349 2234 398 2290 sed
417 2234 472 2289 sibi
490 2235 572 2292 etiam
586 2234 665 2289 illum
682 2234 828 2305 ignoravit
852 2240 875 2290 3.
896 2235 963 2289 Luc.
992 2250 1018 2288 ν.
1039 2238 1083 2288 17:
1109 2235 1215 2288 Debuit
1241 2252 1296 2304 per
1324 2237 1418 2290 omnio
1436 2237 1584 2304 fratribus
1609 2239 1711 2292 similis
1738 2239 1829 2305 recidi,

129 2309 208 2389 2,'v.
232 2325 278 2375 to:
303 2320 379 2374 Puer
404 2308 543 2375 crescebat
569 2326 600 2375 ct'
617 2323 832 2389 confortabatur
856 2321 967 2390 Spiritu
993 2319 1096 2389 absque
1126 2327 1217 2374 tomen
1240 2330 1357 2390 peccato
1384 2320 1470 2378 Hebr.
1499 2331 1530 2388 4,
1560 2342 1585 2380 v.
1613 2331 1636 2378 5.
1697 2325 1830 2380 Naturale

128 2403 320 2479 πληρούμενος
338 2407 496 2476 capientia,-
526 2424 552 2459 v.
570 2413 616 2462 st:
641 2408 808 2476 proficiebat
824 2407 965 2476 capientia
993 2409 1036 2460 est
1053 2405 1162 2462 animae
1179 2405 1316 2462 hnmanae
1333 2407 1497 2464 inscientia
1514 2408 1655 2478 proficere.
1688 2409 1829 2465 Jamvero

71 2522 75 2531 ι
128 2499 156 2544 et
173 2499 280 2563 aeae,
310 2491 359 2547 ubi
385 2498 452 2547 nota
471 2493 578 2563 primo,
604 2494 690 2568 ῥητῶς
714 2492 858 2557 affirmari,
891 2493 965 2566 qnod
993 2490 1118 2547 Christus
1137 2492 1166 2548 in
1192 2494 1334 2563 omnibus,
1358 2510 1415 2549 non
1432 2499 1525 2550 tamen
1542 2495 1569 2549 in
1586 2500 1716 2566 peceato,
1740 2512 1830 2566 neque

130 2575 256 2632 Christus
280 2576 419 2649 sapientia
444 2577 597 2648 profecerit
642 2579 707 2635 lam
733 2597 798 2634 vero
824 2578 965 2650 proiectus
993 2576 1022 2630 ia
1045 2578 1238 2648 personalibus
1264 2580 1485 2651 aegritudinibus
1508 2580 1588 2636 nobis
1614 2579 1711 2635 similis
1729 2579 1828 2636 factus.

127 2662 283 2735 sapientiae
311 2680 375 2718 cum
403 2664 504 2719 actuali
533 2663 724 2719 omniscientia
748 2682 804 2720 non
832 2665 965 2721 consistit.
994 2663 1077 2735 Ergo.
1112 2663 1196 2721 Adde
1214 2666 1289 2736 quod
1308 2664 1434 2720 Christus
1452 2682 1509 2720 non
1525 2666 1614 2720 solum
1631 2682 1740 2734 veram,
1759 2665 1829 2722 inta-

128 2750 273 2818 mando,
298 2750 414 2806 eandem
435 2750 549 2821 phrasin
572 2751 607 2805 de
629 2768 716 2822 puero
737 2752 865 2807 Samuele
887 2770 967 2807 usur-
993 2766 1072 2821 gram
1089 2756 1118 2805 et
1140 2750 1292 2821 perfectam
1311 2760 1439 2807 naturam
1456 2750 1605 2806 humanam
1624 2756 1652 2807 et
1669 2753 1830 2810 essentiales

128 2835 193 2909 pari
215 2842 238 2892 1.
251 2836 325 2894 Sam.
344 2842 369 2915 2,
388 2856 414 2893 v.
436 2842 476 2893 21.
496 2844 524 2892 et
544 2843 590 2906 tt,
610 2843 640 2891 at
657 2837 753 2909 negari
766 2838 870 2910 nequit,
887 2838 966 2893 illum
993 2836 1129 2893 humanae
1147 2843 1263 2893 naturae
1280 2837 1473 2909 proprietates,
1492 2838 1639 2895 sedetiam
1655 2838 1830 2894 infirmitates

130 2939 195 2979 vere
219 2922 376 2994 proiecisse.
412 2922 524 2991 Tertio,
548 2923 681 2994 conjungi
705 2922 774 2978 haec
793 2924 863 2992 duo,
892 2926 966 2996 qnod
993 2928 1022 2977 et
1046 2922 1169 2979 defectus
1193 2930 1300 2980 nostros
1325 2924 1490 2996 susceperit,
1514 2929 1547 2978 ut
1564 2923 1692 2996 superius
1707 2925 1829 2981 ostendi·

68 3002 74 3007 “
131 3008 261 3062 Christus
283 3009 439 3078 profecerit
462 3017 553 3062 aetate
575 3017 600 3063 et
625 3011 772 3078 sapientia.
813 3010 879 3066 lam
901 3028 967 3066 vero
994 3027 1068 3079 mus,
1088 3026 1144 3064 non
1162 3010 1273 3081 quidem
1294 3011 1465 3065 conditioni
1482 3013 1664 3080 ueceeritate,
1681 3012 1731 3067 sed
1748 3014 1828 3069 mise·

130 3092 220 3156 irrue
238 3099 266 3149 et
278 3110 342 3149 vere
355 3094 473 3165 profecit
490 3094 582 3163 ἡλικίη
600 3094 658 3150 sive
676 3102 782 3151 statiua
799 3097 921 3168 corporis
940 3103 967 3151 et
993 3096 1114 3151 ratiomr
1132 3096 1278 3161 columnia
1310 3097 1384 3170 Aug.
1406 3103 1446 3155 44.
1464 3097 1499 3153 de
1510 3097 1541 3154 C·
1553 3097 1588 3152 D.
1602 3100 1637 3164 (c.
1650 3103 1697 3166 9.),
1717 3115 1768 3154 nec
1781 3098 1827 3157 de·

129 3179 317 3237 membrorum
341 3181 504 3251 quantitate.
545 3180 621 3253 Ergo
646 3182 728 3238 etiam
746 3179 831 3243 irrue
855 3190 882 3239 et
901 3200 966 3239 vere
992 3182 1082 3239 fectus
1095 3200 1197 3253 omnes,
1217 3184 1266 3240 sed
1279 3184 1350 3255 illos,
1365 3202 1435 3258 qnos
1447 3185 1550 3240 assumi
1561 3184 1739 3242 redemtionis
1751 3185 1827 3256 operi

129 3265 250 3338 proiecit
268 3266 411 3339 sapientia
443 3266 556 3332 Quarto,
574 3267 628 3353 dici
647 3269 682 3324 de
699 3269 768 3339 ipso,
789 3270 863 3341 quod
876 3270 966 3340 profe·
992 3275 1054 3325 erat
1075 3270 1241 3337 condecens,
1270 3288 1322 3326 nec
1346 3271 1471 3327 defectus
1495 3271 1609 3341 culpae,
1638 3270 1686 3326 sed
1709 3288 1826 3342 poenae.

128 3353 200 3410 cerit
216 3352 354 3426 sapientia
376 3370 432 3408 non
449 3354 538 3408 solum
556 3357 636 3425 apud
653 3357 789 3421 homines,
814 3356 964 3413 sedetiam
991 3355 1057 3411 lam
1080 3371 1146 3411 vero
1165 3355 1298 3428 proficere
1323 3362 1352 3413 in
1376 3358 1513 3429 sapientia
1535 3357 1632 3413 itidem
1650 3357 1772 3429 pertinet
1791 3358 1827 3412 ad

127 3441 212 3510 apud
230 3441 331 3495 Deum.
366 3439 497 3496 Bellarm.
517 3441 544 3497 d.
562 3441 580 3496 l
598 3441 672 3497 hunc
692 3442 909 3516 προσδηοριςμόν
925 3446 967 3497 od
992 3443 1054 3497 illos
1076 3439 1208 3499 deiectus.
1243 3443 1325 3514 Ergo.
1361 3446 1481 3498 Petrum
1503 3444 1580 3498 data
1608 3444 1826 3507 enumeravimus

127 3527 255 3597 crottam
273 3526 408 3582 duntaxat
424 3527 523 3603 refert,
551 3546 612 3582 cum
629 3529 741 3598 reliqua
760 3531 883 3584 membra
901 3531 965 3600 (να-
992 3534 1070 3584 tract
1089 3528 1124 3584 de
1141 3535 1209 3585 extr.
1223 3529 1285 3600 jud.
1307 3529 1333 3583 d.
1351 3529 1369 3583 l.

124 3614 238 3684 picata
258 3621 284 3668 et
302 3615 399 3683 amaa)
419 3614 474 3667 siut
492 3614 629 3684 absoluta,
647 3618 798 3684 mecporsit
813 3619 875 3687 quic
887 3622 966 3688 apud
1028 3621 1085 3672 280.
1127 3616 1223 3687 Atque
1256 3615 1324 3671 haec
1361 3621 1404 3670 esi
1438 3619 1534 3669 nostra
1570 3616 1605 3668 de
1636 3616 1829 3670 muamcieutio

128 3699 205 3754 ahor
234 3700 294 3754 dici
316 3701 455 3770 proficere
481 3701 624 3771 capientia
641 3702 684 3756 uel
702 3710 800 3757 cante
832 3702 887 3759 Sed
907 3722 963 3760 mo·
994 3700 1099 3756 Christi
1119 3701 1238 3756 laminir
1256 3700 1400 3756 sententia.
1436 3699 1576 3755 Pontificii
1600 3700 1708 3756 animae
1726 3701 1829 3757 Christi

129 3785 184 3841 dus
201 3784 333 3857 loquendi
352 3785 425 3841 idem
437 3785 485 3861 ,de
502 3785 630 3842 Samuele
649 3787 675 3841 d.
695 3787 713 3843 l.
733 3795 883 3859 usurpatus
901 3807 963 3847 con-
993 3804 1011 3841 a
1034 3788 1123 3858 primo
1148 3787 1214 3842 inde
1236 3786 1412 3842 increationis
1430 3792 1568 3841 momento
1587 3789 1725 3841 camdem
1742 3789 1828 3842 omui-

127 3871 245 3928 trarium
263 3872 392 3928 ostendit.
428 3873 547 3940 Quidam
569 3881 710 3944 exponunt
727 3878 807 3945 apud
823 3878 916 3930 Deam
939 3888 964 3932 et
992 3874 1136 3927 scientiam
1150 3872 1320 3939 adscribunt,
1339 3873 1382 3926 ita
1395 3880 1425 3925 ut
1442 3873 1553 3937 omnia,
1579 3890 1651 3943 quoe
1671 3875 1752 3928 Deus
1767 3875 1828 3941 scit,

128 3959 269 4030 homines,
292 3960 384 4014 idest
403 3960 508 4030 iulis,
534 3977 606 4030 qum
624 3962 683 4013 Dei
699 3969 763 4015 armt
779 3971 805 4014 et
825 3964 964 4018 lominum
992 3960 1116 4029 emunit,
1155 3960 1280 4029 uililque
1314 3976 1409 4013 mtrem
1442 3959 1523 4013 illum
1552 3977 1674 4028 uuquam
1705 3961 1829 4016 naeu.

128 4047 188 4101 sice
212 4047 254 4098 acl
278 4047 393 4100 laudem
413 4046 473 4100 Dei
498 4054 523 4100 et
550 4047 698 4101 utilitatem
721 4048 871 4107 homiuum.
906 4050 964 4106 Alii
992 4046 1089 4102 Thom.
1109 4046 1207 4102 Lomh.
1231 4046 1361 4102 Bellarm.
1387 4047 1450 4105 d.l
1478 4046 1556 4103 Csor.
1576 4051 1641 4101 tom.
1664 4053 1686 4102 1.
1705 4063 1782 4101 conc.
1800 4063 1827 4118 p.

128 4138 272 4204 exponunt
289 4132 481 4187 excellentiori
499 4143 525 4186 et
537 4133 630 4187 divino
643 4135 734 4187 modo.
758 4133 965 4206 simplicissima
994 4140 1052 4190 256.
1077 4150 1109 4189 ac
1129 4150 1223 4188 eorum
1241 4134 1420 4202 sententiam,
1450 4132 1497 4204 qui
1514 4137 1653 4200 statuunt,
1678 4123 1839 4187 lumaacm'

129 4218 265 4293 expositio
283 4218 342 4290 peti
363 4223 457 4288 potest
475 4236 508 4273 ex
526 4219 621 4290 phrasi
640 4225 661 4274 2.
681 4219 744 4275 Cor.
764 4227 796 4288 8,
817 4240 843 4278 v.
863 4227 910 4290 21,
934 4231 965 4278 ut
994 4219 1100 4274 Christi
1122 4228 1253 4273 naturam
1277 4220 1308 4271 iu
1331 4227 1409 4273 statu
1432 4217 1630 4273 cciuauitiouic
1652 4235 1707 4271 uon
1732 4219 1830 4287 quovis

127 4305 207 4377 apud
224 4303 315 4360 Deum
342 4321 465 4360 cresccre
486 4304 521 4358 sit
543 4307 681 4375 nonficte
700 4308 886 4385 animatore,
914 4311 966 4361 scd
992 4315 1116 4376 tempore
1142 4306 1237 4360 omnic
1263 4305 1392 4373 sciuisse,
1418 4310 1552 4360 accusant
1575 4303 1727 4358 haereseos.
1758 4304 1829 4360 Bell.

128 4395 196 4448 Deo
213 4392 275 4460 ipro
291 4389 369 4459 teste,
381 4391 490 4460 judice,
503 4399 528 4444 et
540 4393 729 4461 approbatorc
740 4410 803 4447 rere
820 4402 845 4447 et
860 4395 965 4447 siccem
994 4399 1016 4448 4.
1046 4393 1080 4448 de
1103 4392 1186 4449 anim.
1205 4389 1308 4446 Christi
1326 4407 1350 4445 c.
1367 4397 1389 4446 l.
1409 4390 1507 4446 Pistor.
1527 4388 1632 4461 Spiritu
1650 4395 1673 4445 4.
1694 4406 1718 4444 c.
1742 4396 1781 4446 13.
1801 4396 1830 4447 et

128 4480 162 4533 ia
176 4477 220 4531 his
232 4478 377 4548 proficere,
396 4481 476 4548 apud
492 4478 615 4533 homines
633 4496 754 4533 crmccre
772 4481 808 4532 eit
825 4481 965 4534 lominum
996 4484 1035 4533 li.v
1061 4494 1137 4532 asoa
1166 4482 1190 4532 t.
1216 4476 1325 4531 animam
1343 4475 1445 4532 Christi
1465 4475 1547 4531 modo
1569 4476 1722 4546 triplicem,
1747 4477 1829 4531 modo

121 4563 256 4636 judicio,
283 4564 382 4633 quilius
404 4565 553 4633 profectus
571 4565 621 4618 ille
639 4566 801 4633 innotescit,
834 4583 963 4621 cresccre.
993 4564 1223 4634 quadruplicem,
1243 4562 1326 4618 modo
1345 4563 1542 4632 quiuucplicem
1561 4561 1724 4617 adscribunt
1742 4561 1830 4617 scien·

130 4652 178 4709 Sic
189 4648 314 4705 Christus
330 4649 399 4704 Luc
420 4656 460 4714 24,
478 4668 503 4705 v.
525 4655 564 4706 lt.
581 4650 685 4706 dicitur
703 4653 748 4704 uir
760 4653 900 4722 propheto
913 4672 965 4723 po·
992 4650 1071 4705 fiam:
1099 4654 1122 4703 1.
1141 4651 1310 4718 increatam,
1334 4664 1390 4719 qua
1404 4647 1482 4702 nullo
1501 4664 1623 4719 unquam
1640 4653 1765 4718 tempore
1784 4665 1828 4704 ca·

129 4749 191 4793 teas
209 4737 239 4790 ia
258 4753 340 4806 opere
360 4745 385 4790 et
403 4752 527 4790 termam
540 4739 709 4790 coromllco
722 4745 747 4790 et
759 4739 835 4790 omri
846 4741 964 4808 populo,
992 4736 1085 4790 ruerit
1113 4740 1139 4788 2.
1156 4742 1291 4802 creatam,
1310 4749 1366 4805 qua
1385 4733 1463 4788 videt
1478 4732 1508 4786 in
1524 4732 1618 4788 Verbo
1637 4733 1738 4801 omnia,
1757 4749 1829 4804 quae

130 4826 212 4896 cujus
230 4822 362 4894 phraseos
379 4821 590 4893 explicationem
603 4822 666 4876 vide
684 4823 712 4876 in
724 4822 819 4877 Herm.
834 4825 868 4878 de
880 4841 965 4880 resur.
993 4822 1070 4877 Deus
1089 4821 1166 4877 videt
1191 4819 1309 4875 scientia
1327 4817 1448 4874 visionis.
1482 4817 1563 4874 Hanc
1582 4819 1628 4873 alii
1646 4826 1748 4874 vocant
1765 4821 1828 4874 tec-

129 4913 173 4967 Ex
197 4910 240 4964 his
264 4908 346 4965 facilc
364 4909 486 4979 judicari
512 4915 617 4979 potest,
643 4909 711 4979 quid
731 4910 907 4964 statuendum
931 4910 966 4965 de
994 4917 1059 4976 tam,
1078 4924 1162 4979 quam
1175 4906 1215 4960 sic
1233 4905 1402 4975 describunt,
1421 4904 1584 4959 utanimnm
1597 4904 1700 4960 Christi
1717 4912 1829 4976 recepto

129 4995 293 5067 exceptione
311 4995 390 5051 Tom.
414 5013 441 5065 p.
460 4999 484 5049 3.
505 5012 530 5064 q.
553 5000 592 5050 12.
617 5001 667 5048 art.
689 5000 710 5049 2.
733 4995 830 5049 Lomh.
856 5001 877 5050 3.
898 5003 966 5051 sent.
994 4995 1079 5049 Verbi
1104 4991 1208 5048 lumine
1230 4991 1393 5062 simpliciter
1419 4991 1511 5046 omnia
1530 4991 1600 5046 scire
1619 4991 1730 5060 dicant,
1757 5010 1830 5063 quae

130 5085 253 5138 dist.1³.
280 5081 321 5137 lit.
341 5081 374 5136 Β.
402 5086 430 5137 et
447 5081 630 5147 E.‚Bellarm.
653 5088 676 5135 4.
704 5082 738 5136 de
757 5081 866 5137 Christo
894 5100 917 5137 c.
942 5091 966 5137 5.
993 5081 1070 5138 Dens
1094 5079 1159 5149 scit,
1186 5084 1271 5151 atque
1295 5078 1360 5134 inde
1385 5077 1427 5132 illi
1451 5077 1574 5133 omnium
1592 5079 1651 5132 sine
1667 5079 1829 5153 exceptione

131 5169 205 5241 quod
223 5167 327 5225 Christi
356 5166 513 5222 humanitas
538 5185 594 5221 non
619 5167 766 5237 profecerit
791 5170 819 5220 iu
845 5186 888 5231 ae,
915 5171 969 5222 sevi
993 5166 1137 5222 scientiam
1155 5165 1318 5221 attribuunt.
1336 5162 1456 5229 Quidam
1471 5170 1565 5219 tamen
1577 5163 1692 5230 addunt,
1706 5164 1828 5223 divinam

130 5263 237 5310 tautum
255 5256 286 5308 ia
302 5256 401 5324 effecta
418 5254 529 5306 ratione
547 5255 807 5322 demonstrationis,
837 5256 967 5327 quodque
993 5256 1043 5308 roi
1060 5253 1160 5324 Λόγον
1179 5251 1321 5308 scientiam
1340 5251 1473 5307 excedere
1495 5250 1603 5305 animae
1623 5249 1724 5306 Christi
1742 5253 1829 5309 scieu-

128 5340 280 5414 proiecerit
297 5357 330 5395 eo
346 5340 445 5404 modo,
466 5358 521 5409 quo
541 5342 638 5393 doctor
657 5341 790 5393 ecclcsiae
810 5349 836 5393 ct
855 5343 967 5397 scholae
994 5340 1061 5395 tiam
1077 5345 1137 5394 tum
1155 5356 1211 5411 quo
1229 5339 1265 5393 ad
1284 5338 1393 5393 emendi
1411 5340 1521 5391 modum
1538 5342 1597 5390 tum
1619 5354 1674 5407 quo
1690 5338 1828 5394 adrume-

130 5428 235 5482 dicitur
255 5427 409 5496 projicere,
437 5425 586 5501 discipulis
607 5442 659 5494 per
683 5426 773 5493 sperica
798 5428 966 5497 sapientiam
994 5445 1055 5480 mim
1074 5429 1220 5495 acriorum,
1244 5425 1318 5480 unde
1337 5424 1410 5480 hanc
1427 5430 1547 5478 creatam
1564 5423 1623 5478 sive
1642 5423 1753 5480 beatam
1770 5426 1827 5480 ani-

125 5514 362 5588 proficiemiluc.
385 5511 506 5578 Quidam
525 5510 646 5579 addunt,
673 5511 747 5582 quod
765 5513 833 5568 rori
853 5513 967 5582 δόκησιν
993 5530 1054 5570 mae
1067 5513 1170 5571 Christi
1186 5512 1333 5569 seientiam
1347 5511 1455 5569 faciunt
1471 5527 1644 5568 communem
1662 5528 1725 5567 cum
1739 5511 1827 5569 beatis
