3984 6022
787 212 1064 308 neumarum
1143 330 1146 335 Ι
1710 246 1761 309 isi

83 422 150 472 ricc
175 399 324 472 aliorum
350 399 397 473 33
418 401 510 471 uitae
538 403 814 473 sustentationem
839 407 1115 476 necessariorum
1141 406 1242 499 eopia
1268 406 1391 476 333333
1417 405 1537 477 deesse
1560 417 1696 500 potest,
1723 406 1788 480 33.

86 550 186 624 quam
213 526 500 623 opportunitatem
526 527 693 621 auspiciis
718 524 870 600 Conrado·
891 528 954 600 Ill.
983 529 1066 625 Imp.
1097 554 1177 602 ann.
1211 531 1319 603 1133.
1351 533 1487 602 comitia
1513 532 1705 626 imperialia
1731 535 1764 602 in

83 652 152 724 333
176 652 266 725 3333
279 653 393 745 firme
415 652 603 724 celebrata.
659 650 761 725 Circa
787 678 863 725 ann.
892 656 976 728 930.
995 658 1073 751 jam
1099 658 1237 751 saepius
1263 658 1455 728 nominatus
1486 659 1673 750 imperator
1699 652 1758 728 col

86 781 214 878 bgiiuii
237 780 408 877 uirginum
434 779 615 849 illustrium
640 789 677 849 et
695 780 854 851 nobilium
881 782 915 852 in
941 779 1007 852 liae
1032 782 1116 851 urbe
1141 783 1309 872 instituit,
1346 781 1518 877 eidemque
1538 786 1684 877 primam
1710 785 1767 854 33-

88 906 252 978 laesioni
272 904 452 1000 praesecit
477 903 698 975 Meclitillam
722 905 827 989 filiam
852 929 970 997 3333,
1000 908 1101 1001 cujus
1126 908 1285 978 coenobii
1304 907 1501 980 structurae
1527 913 1614 980 saue
1639 913 1768 1007 magni·

79 1030 175 1126 ficas
202 1054 277 1102 cum
303 1033 491 1124 imperator
516 1040 702 1101 cetremam
725 1054 855 1103 manum
881 1043 988 1103 morte
1010 1044 1219 1127 praeuentus
1245 1036 1417 1127 imponere
1443 1058 1509 1105 333
1531 1046 1665 1130 posset,
1693 1031 1765 1130 (ile-

89 1159 198 1228 cessi't
227 1158 316 1228 euim
346 1179 424 1231 ann.
453 1157 525 1228 936
559 1155 805 1230 Minneslebi‘ae
825 1181 939 1254 prope
960 1156 1015 1229 W
1011 1159 1252 1256 ernigeradam
1276 1163 1399 1230 aetatis
1422 1183 1507 1231 suae
1531 1164 1764 1257 seuagesimo,

89 1285 227 1378 imperii
249 1280 379 1353 decimo
405 1283 566 1376 septimo,
595 1307 670 1355 cum
697 1280 943 1375 33633133,
968 1285 1034 1356 ubi
1053 1284 1156 1355 sedes
1175 1286 1246 1378 ipsi
1255 1284 1338 1376 ficit
1361 1288 1602 1379 imperatoria,
1631 1286 1767 1357 Romam

88 1432 213 1481 ueritis
243 1405 314 1479 iter
345 1409 541 1503 susciperet
571 1420 608 1479 et
636 1411 670 1480 i’n
705 1411 830 1482 itinere
862 1413 995 1483 sana‘ca
1028 1410 1145 1482 macha
1179 1406 1430 1507 corriperetur)
1457 1411 1579 1482 relicta
1605 1413 1768 1509 Augusta

87 1533 278 1608 Mechtilila
309 1544 347 1604 et
374 1533 525 1628 ejusdem
542 1536 704 1608 ,333333
722 1535 806 1627 filia
840 1537 1014 1610 abbau'ssa
1046 1536 1093 1606 33
1116 1537 1315 1608 umbiculum
1341 1547 1548 1608 structuram
1572 1538 1663 1608 i‘llom
1686 1561 1767 1632 per·

88 1661 263 1733 3333333
287 1672 323 1731 et
346 1659 578 1732 laudatissimi
600 1661 818 1754 imperatoris
843 1665 987 1734 saucias
1013 1665 1048 1733 in
1073 1664 1279 1734 monasteria
1303 1664 1417 1751 arcii,
1453 1674 1491 1733 ut
1512 1675 1676 1753 uocatur,
1703 1663 1769 1735 lia-
1866 1698 1868 1702 ·

88 1786 237 1874 333333
266 1787 443 1881 sepultura
476 1796 715 1880 reposuerunt.
767 1785 823 1859 tto
853 1788 912 1858 illa
949 1798 1097 1883 tempore
1124 1786 1204 1858 liui'c
1237 1787 1396 1858 3333333
1426 1790 1531 1885 longa
1552 1792 1645 1860 serie
1666 1813 1782 1885 prae·-

80 1909 232 2011 fucrunt
254 1914 515 2007 imperatorum,
551 1935 694 2009 regium,
727 1914 932 2003 electorum,
964 1910 1181 2009 principum,
1215 1916 1369 1985 comi'tim
1391 1913 1516 2006 filiae,
1552 1914 1674 1988 devota
1694 1918 1769 2009 pie·

90 2042 172 2112 tetis
204 2050 241 2112 et
270 2040 416 2111 33333
451 2040 610 2116 uirtutum
648 2038 748 2110 laude
780 2041 1005 2134 conspicuae,
1042 2062 1107 2136 quo
1136 2038 1266 2112 333333
1301 2051 1336 2111 et
1356 2064 1494 2112 munere
1519 2040 1621 2113 lodie
1646 2064 1769 2138 magno

90 2191 165 2237 333
200 2162 414 2239 asbelitarum
449 2163 536 2236 3333
569 2160 739 2262 fungitur
781 2164 1067 2237 reverendissima
1107 2190 1148 2238 ac
1184 2163 1310 2240 umen.
1347 2169 1515 2262 princeps
1550 2190 1591 2237 ac
1622 2167 1768 2257 33333,

93 2292 230 2365 lomina
266 2288 442 2363 uoroueo
479 2287 608 2386 Sophia
640 2293 790 2365 Duci'ssa
824 2288 1020 2381 3333333,
1056 2294 1237 2371 Oomi'tissa
1275 2295 1504 2386 provincialis
1543 2292 1769 2389 Tliuri'ngiae,

81 2417 339 2499 Mareliioniiia
371 2415 546 2509 313333,
586 2418 728 2489 oninium
768 2417 928 2489 bonorum
967 2441 1082 2492 amore
1125 2429 1162 2489 et
1196 2418 1296 2489 lauile
1328 2415 1518 2512 praeconio
1554 2419 1769 2516 dignissima.

92 2543 191 2636 (luoil
212 2547 251 2617 ii
272 2543 316 2616 33
343 2557 487 2616 iuterna
513 2542 611 2616 urbii
640 2545 710 2615 situ
739 2552 773 2615 et
808 2540 978 2634 aedificiis
1012 2545 1059 2616 33
1087 2548 1286 2616 interiorem
1316 2550 1395 2639 ejus
1413 2544 1700 2640 pulchritudinem
1727 2544 1775 2616 33
1782 2608 1785 2612 ,

91 2673 328 2744 cosenciae·
348 2666 487 2742 seilicet
518 2682 553 2741 et
579 2670 719 2764 politici
740 2673 918 2767 regimims
943 2682 1067 2743 statum
1094 2673 1212 2744 oculos
1239 2682 1495 2762 concertamus,
1531 2671 1633 2767 longe
1660 2669 1770 2742 33333

91 2795 226 2871 clarius
252 2793 508 2890 conspicientur
534 2795 700 2883 beneficia
727 2795 840 2869 3333
862 2799 983 2894 gratia
1004 2797 1085 2869 liuic
1104 2798 1186 2868 urbi
1204 2821 1293 2891 prae
1309 2799 1423 2869 3333
1438 2798 1518 2868 oli'is
1531 2798 1680 2894 largiter
1694 2818 1773 2867 con·

91 2948 207 2998 cessa.
246 2920 291 2997 Si
312 2924 437 3019 templa
463 2921 711 3020 ingrediamur,
739 2946 879 3018 quorum
907 2931 983 2995 acta
1006 2935 1227 2996 numerantur
1252 2925 1287 2995 in
1305 2921 1371 2996 333
1389 2924 1474 2994 urbe
1495 2923 1602 2995 videl.
1615 2924 1771 3016 templum

91 3052 188 3125 3333
220 3045 392 3144 (Seruitia
427 3046 507 3120 olim
540 3072 608 3143 per
641 3048 877 3121 Bernliaritum
915 3047 1121 3144 Episcopum
1156 3049 1491 3122 Helberstailiensem
1522 3048 1789 3145 consecratum),

89 3174 371 3267 Benedicti'iium,
398 3175 664 3267 3333333333,
692 3174 910 3267 Blasi'aiium,
945 3175 1169 3273 Egi'di'iinum.
1199 3173 1453 3272 Wipertinum,
1489 3175 1536 3247 33
1558 3171 1719 3268 Spiritum
1743 3197 1786 3253 s,-

91 3315 130 3375 et
159 3299 433 3392 lenteniacum,
468 3302 607 3375 auditur
635 3304 671 3373 in
704 3303 775 3373 illis
812 3303 965 3376 omni‘bus
1002 3315 1037 3373 et
1063 3301 1213 3401 ungulis
1243 3302 1314 3374 Dei
1342 3301 1505 3393 beneficio
1537 3324 1662 3373 sonare
1690 3323 1774 3373 uera

92 3429 270 3528 euaiigeli’i
292 3428 449 3500 doctrina
475 3427 518 3498 33
542 3427 696 3552 3333333
722 3427 926 3522 Pontifieiis,
956 3427 1164 3502 Calaini‘ani's
1191 3430 1328 3499 italiis
1354 3426 1541 3500 haereticis
1567 3427 1775 3521 corruptelis

91 3566 297 3654 repurgata.
338 3551 432 3651 >Cum
464 3565 542 3624 aute
577 3566 709 3627 centum
741 3578 848 3627 annos
884 3557 945 3626 133
977 3555 1201 3653 eoaiigeli'cae
1227 3555 1404 3644 doctrinae
1430 3579 1476 3626 33
1504 3553 1691 3632 Cimmeriis
1711 3576 1775 3647 pa·

89 3656 197 3778 patus
231 3680 381 3753 tenebris
415 3681 563 3751 emicare
596 3682 785 3787 inciperet,
820 3677 919 3752 illius
950 3681 1046 3753 radii
1075 3684 1161 3753 satis
1188 3690 1321 3755 mature
1348 3684 1476 3753 333333
1505 3679 1713 3778 quorundam
1739 3681 1774 3750 i'n

92 3808 160 3880 liac
195 3807 282 3880 urbe
319 3802 442 3891 cioi'iim
473 3798 752 3897 3333333333,Ι
773 3818 909 3879 constat
946 3810 1105 3880 enimes
1132 3809 1350 3880 collectaneis
1372 3804 1518 3879 loannis
1545 3805 1599 3878 W
1596 3802 1779 3878 333333ἰί

92 3934 173 4006 otta
194 3935 351 4029 pastoris
375 3932 552 4022 Blasioni,
581 3943 617 4003 et
641 3957 686 4003 33
711 3933 877 4005 relatione
900 3931 1022 4006 Marci
1043 3909 1212 4007 Sitatnit
1228 3935 1384 4030 pastoris
1409 3933 1643 4035 Neapolitani,
1673 3955 1774 4028 quen·

92 4059 172 4131 333
201 4057 398 4131 33333333
424 4056 713 4156 Augustini'mum
741 4057 956 4132 Vincentium
991 4063 1161 4154 imprimo
1193 4061 1306 4130 stetim
1332 4069 1543 4155 repurgatas
1575 4065 1607 4134 3.
1632 4057 1780 4130 Lutleri

93 4184 489 4258 333133333333333
519 4186 621 4258 33333,
651 4185 991 4256 33333333333313
1019 4211 1092 4257 eam
1117 4210 1183 4256 333
1211 4195 1337 4255 tantum
1365 4185 1555 4277 amplcuum
1582 4208 1680 4274 osse,
1714 4182 1780 4255 scil

94 4315 199 4384 3333
227 4309 368 4406 publice
394 4313 429 4382 in
456 4311 617 4381 caenobio
643 4308 973 4407 Augustinianorum
998 4334 1121 4408 magno
1147 4334 1220 4380 oum
1248 4310 1415 4404 applausu
1438 4311 1682 4405 proposuisse,
1720 4333 1775 4380 oe·

93 4463 173 4512 runi
199 4461 220 4509 a
246 4437 390 4531 reliquis
415 4435 590 4508 monachis
613 4437 720 4531 ipsum
748 4460 875 4508 333333
901 4438 1067 4508 sublatum
1095 4459 1193 4524 esse;
1228 4459 1367 4530 cumque
1388 4460 1458 4530 per
1482 4438 1716 4534 magistratum
1743 4444 1780 4506 et

94 4562 316 4656 sacrificulos
349 4585 473 4634 cursus
508 4563 683 4657 33333333
711 4564 746 4632 in
767 4560 833 4632 lias
856 4562 940 4632 urbe
966 4562 1205 4657 impeteretur,
1240 4560 1595 4658 Quodli'nburgenses,
1631 4560 1774 4631 Halter-

95 4688 292 4783 stailienses
333 4697 370 4758 et
405 4687 469 4757 alii
503 4688 700 4758 catervatim
735 4689 768 4756 in
803 4710 932 4784 pagum
965 4689 1110 4758 333333
1145 4685 1200 4757 W
1197 4687 1440 4778 osterliusium,
1484 4687 1545 4758 ubi
1577 4683 1777 4779 Henni'ugus

95 4812 261 4891 liadelien
294 4812 507 4910 euangelium
540 4808 670 4914 Christi
695 4836 786 4908 pure
822 4813 984 4898 docebat,
1022 4811 1279 4906 conflucerunt,
1318 4812 1506 4908 i‘bi'demque
1539 4835 1643 4883 sacra
1669 4834 1777 4882 33333

88 4909 360 5044 [33303333
388 4939 627 5009 institutionem
658 4937 721 5008 sub
753 4951 917 5033 utroque,
952 4949 992 5008 ut
1022 4951 1167 5029 cocant,
1200 4941 1316 5032 specie
1350 4941 1408 5008 usi
1428 4948 1517 5008 suat.
1569 4936 1648 5009 Non
1673 4937 1776 5025 multo

92 5044 188 5167 puel
202 5067 237 5139 in
265 5060 351 5139 3333
377 5062 541 5136 Blasi'ana
568 5065 800 5159 3333333333
826 5066 1002 5136 ceritatem
1030 5063 1170 5157 publice
1197 5064 1361 5157 priifiteri
1390 5062 1579 5157 incipiebat
1602 5059 1777 5134 3333333

97 5193 246 5286 Sturlie,
279 5194 311 5263 ii
344 5213 419 5263 cum
455 5187 510 5263 die
539 5185 738 5284 palmarum
762 5188 918 5262 3333333
945 5189 992 5260 33
1008 5191 1170 5286 papulum
1195 5191 1356 5260 concione
1383 5204 1419 5258 et
1441 5187 1673 5259 distribuendo
1701 5164 1787 5257 cor·¹

1375 5304 1396 5358 b
