3984 6022
189 272 248 331 sn
663 281 665 291 ·
838 308 841 313 .
883 256 1006 319 66666
1025 256 1206 324 sumnus

162 416 284 473 Deum
313 414 449 470 infinitum
483 413 641 485 cognoscit3
674 420 702 469 61
725 413 881 485 6666611616
907 413 1025 482 unionis,
1053 411 1151 469 derum
1167 411 1196 464 in
1213 410 1261 467 lib.
1280 410 1316 464 de
1335 426 1438 498 comm
1453 427 1548 482 propr.
1559 408 1596 466 D.
1609 408 1790 466 hlmtserum
1800 417 1892 466 conus

192 509 214 558 1.
235 502 301 573 6616
318 500 395 568 Deus
413 498 535 554 infinitus
547 499 674 555 omnihus
691 500 825 556 creaturis
843 498 929 555 1161116
945 515 1024 570 prae·
1052 497 1162 552 Martia
1179 515 1207 567 p.
1226 502 1287 556 290.
1308 502 1366 555 366.
1387 504 1445 555 162.

190 603 254 645 seue
274 593 316 641 est
331 604 382 657 per
399 586 566 656 potentiam,
583 584 713 641 lidelibus
731 602 783 656 per
799 585 934 658 gratiam,
952 601 1025 656 quae
1086 589 1145 638 255.
1180 587 1205 639 9.
1228 585 1256 637 A
1280 592 1384 652 napata
1411 585 1577 638 1616661666
1605 585 1771 638 divinorum
1799 583 1892 638 iubae·

189 671 348 746 praesentia
365 672 425 726 sine
441 671 562 741 quadam
580 670 683 727 unione
705 677 734 727 61
742 670 963 741 ‘participatione
986 670 1024 724 lo
1051 668 1137 723 sione.
1173 670 1244 724 Dici
1262 671 1307 747 de
1325 671 1423 739 aliquo
1447 671 1566 740 requirit
1589 671 1688 725 inesse
1724 670 1769 725 At
1797 672 1893 726 616166

189 775 253 814 cnm
269 757 373 817 habere
389 756 501 828 nequit;
532 763 555 812 2.
575 755 642 828 6616
660 764 783 812 6666616
802 772 867 811 caro
886 755 968 811 finita
985 756 1025 811 in·
1051 755 1191 809 idiomata
1209 774 1265 809 non
1281 757 1374 810 imunt
1392 758 1476 812 cami
1494 756 1600 811 0166616·
1614 758 1778 826 subjective.
1813 756 1895 829 Ergo.

189 839 284 913 finitae
307 843 490 914 hypostaseos
514 843 564 897 τοῦ
582 839 682 912 Ao'yav
706 859 757 912 per
780 841 908 897 amonem
932 858 1025 912 perso
1051 839 1277 910 Respondemus:
1303 841 1436 897 terminus
1466 844 1609 898 1666666616·
1634 844 1665 897 16
1684 843 1829 899 66166616
1847 841 1892 897 1116

189 929 280 985 nalem
297 928 436 1000 particeps
457 927 602 995 66116616,
620 928 695 999 quod
715 927 878 998 mysterium
895 927 1026 983 16666666
1052 925 1246 996 philosophico
1258 927 1439 999 accipiendus
1451 936 1493 984 est
1504 946 1560 984 non
1574 929 1669 985 stricte
1688 935 1718 985 et
1734 929 1896 1001 specialiter

189 1014 232 1070 his
249 1014 340 1069 verbis
359 1013 498 1082 describit,
517 1013 565 1070 lib.
583 1019 607 1069 3.
624 1030 648 1069 c.
670 1019 708 1069 18.
727 1032 754 1084 6.
774 1018 838 1089 2636
860 1013 954 1066 Filias
967 1013 1027 1066 Dei
1052 1028 1104 1083 pro
1121 1013 1274 1080 subjectiva
1292 1015 1461 1084 1666661666,
1480 1015 1549 1071 alias
1568 1015 1643 1071 enim
1654 1016 1806 1072 veritatem
1819 1033 1895 1072 suem

188 1103 287 1167 fuctus
306 1109 347 1154 est
365 1101 485 1154 bominis
503 1100 612 1162 Filius,
631 1105 697 1167 616,
723 1107 855 1168 portante
873 1099 982 1152 bomine
1001 1106 1027 1151 et
1054 1097 1126 1153 tueri
1143 1105 1328 1169 nonposset,
1355 1100 1404 1156 sed
1423 1100 1481 1156 late
1503 1107 1532 1157 et
1556 1101 1725 1174 generaliter
1751 1121 1805 1174 pro
1830 1119 1895 1175 qua-

190 1189 318 1257 capiente
336 1195 361 1240 et
378 1187 573 1255 complectente
590 1186 698 1239 Fs'lium
717 1185 783 1238 Dei.
819 1183 881 1237 Lib.
902 1189 926 1251 4,
945 1189 1026 1237 615.
1054 1202 1163 1255 cunque
1193 1186 1383 1241 attributione.
1419 1187 1526 1253 Quodsi
1554 1189 1628 1243 6616
1652 1187 1683 1242 τὸ
1707 1189 1804 1245 inesse
1826 1191 1895 1245 acci·

120 1326 124 1329 .
190 1292 218 1345 p.
241 1278 304 1329 ³10:
336 1272 562 1338 Coinfantiatum
582 1279 622 1326 est
638 1271 745 1325 bomini
765 1271 883 1325 Verbum
903 1270 976 1333 Dei,
1002 1277 1027 1324 et
1055 1287 1120 1341 pere
1140 1271 1257 1327 velimus
1275 1273 1379 1338 stricte,
1398 1290 1449 1344 pro
1469 1273 1626 1344 subjectiva
1644 1275 1786 1330 duntaxat
1803 1275 1894 1332 inhae

191 1359 232 1413 sic
252 1377 345 1428 66666
365 1358 493 1428 effectam,
518 1359 753 1427 quemadmodum
772 1357 853 1410 boma
876 1356 958 1409 illum
981 1373 1027 1409 ca·
1056 1355 1141 1421 61666,
1161 1357 1256 1413 661116
1275 1357 1477 1416 involveremur
1494 1359 1718 1416 difficultatibus.
1756 1361 1838 1416 Aofla
1856 1361 1895 1415 di-

187 1462 258 1515 perc
272 1445 384 1514 potuit;
412 1450 435 1502 ³.
462 1444 529 1515 quia
550 1449 612 1499 tota
634 1442 778 1514 plenitudo
803 1440 931 1508 deitatis,
957 1442 1127 1541 6666161166
1153 1443 1190 1498 66
1211 1450 1329 1515 agente,
1350 1444 1469 1501 interim
1485 1446 1559 1502 actio
1581 1447 1720 1502 transiem
1741 1465 1800 1503 uon
1826 1447 1896 1503 inest
1934 1437 1937 1442 ¹

192 1537 267 1586 carte
284 1547 339 1585 non
357 1529 525 1585 6611161166
544 1529 620 1600 quid,
638 1528 687 1584 sed
707 1527 853 1597 inlinitum,
871 1527 901 1581 in
918 1525 1028 1582 Christo
1040 1544 1042 1552 ¹
1053 1528 1149 1599 agenti
1167 1529 1328 1600 subjective.
1364 1529 1409 1585 De
1427 1536 1492 1587 ente
1508 1530 1619 1600 6161166,
1639 1533 1717 1603 qnod
1737 1532 1778 1587 sit
1794 1550 1895 1600 66666,

192 1615 372 1687 corporaliter
399 1615 457 1671 sive
483 1616 513 1670 in
543 1614 646 1670 Christi
675 1632 790 1685 corpore
819 1613 897 1668 finito
926 1612 1029 1667 dicitur
1054 1613 1166 1669 bonum.
1199 1614 1413 1685 Omnipotentia,
1432 1616 1649 1688 omnisapientia
1666 1617 1775 1674 6161166
1789 1618 1895 1674 661166

192 1701 336 1769 hahitare,
369 1718 441 1773 quae
475 1698 640 1756 inhabitatio
674 1699 857 1770 capacitatem
887 1698 1028 1770 quandam
1055 1716 1106 1755 nec
1124 1705 1218 1756 tamen
1238 1699 1312 1755 inest
1329 1699 1368 1756 illi
1388 1702 1550 1772 subjective.
1588 1704 1699 1759 Creatio
1717 1705 1896 1775 pnedicatur

192 1786 302 1844 unionis
325 1786 465 1857 propriam
490 1785 618 1842 includit.
658 1785 723 1841 Vid.
748 1789 828 1840 tract
853 1784 888 1840 de
912 1801 1030 1855 persona
1055 1785 1090 1840 66
1111 1785 1173 1841 Deo
1202 1803 1255 1843 nec
1277 1793 1372 1842 16666
1396 1788 1550 1859 subjective
1574 1788 1760 1846 6116666661.
1805 1790 1895 1846 Philo

193 1874 296 1931 christi
314 1871 341 1948 6.
364 1878 421 1930 128.
1056 1872 1159 1942 sophus
1178 1878 1203 1928 4.
1229 1872 1313 1944 Phys.
1334 1890 1357 1929 c.
1378 1880 1410 1931 3:
1436 1883 1498 1928 octo
1518 1875 1663 1930 inessendi
1684 1878 1788 1932 modos
1805 1894 1896 1933 recer-

1057 1964 1107 2015 set
1135 1958 1245 2013 Primus
1263 1963 1314 2026 est,
1332 1977 1388 2030 666
1406 1977 1472 2032 pars
1489 1966 1531 2019 est
1549 1961 1578 2017 in
1594 1968 1671 2032 tato3
1689 1968 1713 2019 2.
1732 1980 1790 2036 quo
1808 1970 1896 2020 totum

195 2059 198 2063 ’
229 2051 288 2103 254.
323 2049 345 2098 8.
374 2045 401 2098 Α
434 2050 538 2111 napata
559 2042 745 2112 propriorum
775 2041 1029 2095 communicatione.
1057 2048 1099 2098 est
1116 2044 1144 2097 in
1165 2044 1305 2114 partibus3
1336 2050 1360 2101 3.
1383 2047 1489 2117 species
1508 2048 1679 2119 1666166666
1707 2056 1734 2106 l.
1760 2067 1851 2122 genus
1869 2050 1897 2104 in

193 2134 320 2202 Propria
346 2137 540 2198 conpescunt
565 2129 771 2182 communicari.
808 2127 867 2181 Sed
891 2127 1030 2182 idiomata
1057 2128 1218 2199 speciebus,
1239 2137 1262 2186 5.
1280 2131 1410 2187 accidens
1428 2132 1457 2186 in
1477 2134 1617 2203 subjector
1636 2141 1662 2191 6.
1681 2135 1849 2207 principiale
1867 2135 1896 2189 in

194 2219 293 2272 616166
319 2224 384 2270 6661
408 2214 506 2285 Λόγου
534 2215 653 2269 mamma
672 2215 806 2284 propria.
841 2217 926 2287 Ergo.
960 2213 1031 2269 Bell.
1057 2215 1215 2287 principiis;
1235 2223 1258 2272 1.
1277 2217 1461 2273 subordinate
1477 2219 1574 2277 16666
1591 2219 1662 2290 1166;
1684 2227 1707 2277 11.
1726 2221 1847 2276 locatum
1863 2221 1895 2276 in

194 2303 243 2359 lib.
264 2308 287 2357 3.
316 2302 350 2357 66
370 2301 480 2356 Christo
505 2318 528 2355 c.
549 2307 595 2356 50:
626 2300 661 2355 Si
686 2304 940 2370 communicantur,
964 2318 1031 2369 erpo
1056 2301 1126 2356 loco.
1174 2302 1344 2373 Interpretes
1376 2303 1496 2360 addunt:
1528 2313 1552 2363 9.
1582 2325 1637 2378 quo
1669 2307 1760 2363 forma
1790 2315 1835 2362 est
1864 2306 1896 2362 in

193 2408 249 2445 eon
271 2396 335 2442 sunt
359 2388 483 2457 amplius
504 2387 714 2457 proprietates,
738 2389 791 2441 scd
814 2388 1030 2443 communitates.
1059 2387 1186 2454 materia;
1212 2396 1247 2444 et
1286 2396 1325 2445 lb.
1349 2406 1393 2445 res
1416 2391 1446 2447 iu
1468 2397 1601 2462 tempore.
1637 2392 1694 2449 Sed
1718 2394 1814 2449 nullus
1831 2393 1898 2449 isto-

195 2474 420 2546 Rcspondemus:
452 2473 481 2528 Si
500 2470 646 2553 66666666
666 2471 793 2528 66661616
815 2490 848 2529 ac
870 2473 1033 2544 simpliciter
1058 2491 1119 2528 rum
1136 2473 1280 2529 modorum
1299 2474 1329 2528 in
1346 2475 1446 2547 regale
1461 2476 1512 2532 1116
1528 2476 1712 2551 intelligitur,
1730 2496 1797 2535 cum
1812 2481 1899 2536 multa

195 2567 314 2634 negatur
330 2560 505 2632 propriorum
517 2551 739 2627 communicatio,
755 2551 884 2630 neganda
901 2559 954 2614 erit
971 2558 1032 2629 ipsa
1059 2559 1189 2614 dicuntur
1208 2559 1244 2615 de
1262 2559 1334 2627 aliis,
1352 2559 1453 2631 quibus
1472 2567 1565 2618 tamen
1583 2563 1663 2618 nullo
1682 2581 1698 2620 e
1716 2565 1800 2622 dictis
1818 2565 1900 2620 modo

194 2648 269 2705 uuio.
305 2647 351 2704 Sic
380 2647 454 2703 enim
479 2645 677 2702 concludimus.
713 2644 825 2716 Negata
851 2645 1031 2717 hypostaseos
1058 2645 1160 2699 166661.
1196 2644 1429 2702 Generalissimus
1449 2665 1515 2720 ergo
1538 2649 1740 2722 intelligendus
1763 2660 1807 2708 661
1831 2652 1899 2709 ines

197 2732 445 2788 communicatione
473 2731 604 2802 neganda
621 2735 663 2784 661
681 2731 834 2800 personalis
855 2732 938 2797 unio,
966 2732 1033 2803 quia
1059 2730 1139 2784 cendi
1156 2730 1268 2797 modus,
1295 2731 1343 2801 qui
1362 2729 1432 2795 nihil
1448 2732 1525 2788 alind
1543 2741 1639 2805 notat,
1663 2753 1751 2807 quam
1773 2738 1814 2794 rei
1832 2738 1899 2795 6661·

196 2818 314 2874 formale
331 2816 440 2873 unionis
459 2816 585 2873 consistit
604 2815 633 2869 in
649 2815 831 2886 hypostaseos
848 2817 1032 2873 communica·
1058 2822 1152 2884 tatem,
1171 2816 1282 2887 quando
1298 2816 1403 2872 66111661
1414 2817 1574 2877 intellectus
1591 2821 1743 2894 66666611,
1760 2830 1848 2894 prout
1858 2841 1899 2881 res

195 2905 286 2974 tione,
312 2910 345 2960 ut
365 2904 492 2976 superius
511 2903 688 2960 ostendimus.
725 2903 790 2959 Jam
813 2922 878 2961 vero
904 2904 1032 2960 absolute
1058 2901 1120 2973 ipsa
1137 2902 1261 2973 requirit.
1297 2903 1369 2956 Dici
1385 2905 1421 2957 de
1438 2904 1536 2975 aliquo
1560 2907 1680 2976 requirit
1695 2909 1798 2979 inesse,
1815 2910 1900 2969 idest

197 2995 226 3047 61
243 2990 407 3061 simpliciter
427 2989 502 3045 omni
520 2989 694 3060 propriorum
713 2990 960 3045 communicatione
986 3007 1032 3047 ne·
1058 2988 1160 3043 6661166
1177 2988 1391 3058 praedicationis
1402 2988 1614 3048 fundamentum
1624 2992 1711 3049 hahet
1729 2994 1761 3049 in
1778 3012 1809 3051 66
1830 2996 1900 3068 ipss,

197 3085 265 3149 gata
289 3077 421 3148 neganda
438 3084 480 3132 est
496 3075 677 3148 hypostaseos
697 3077 918 3133 communicatio.
949 3076 1032 3131 Ratio
1059 3091 1111 3130 uec
1127 3079 1219 3145 potest
1234 3091 1299 3131 vere
1316 3075 1400 3130 alicui
1418 3076 1524 3148 aliquid
1543 3077 1573 3131 in
1591 3079 1807 3149 praedicatione
1824 3083 1899 3138 smi-

198 3170 248 3232 est,
267 3163 333 3234 6616
344 3162 502 3234 hypostasis
523 3163 571 3216 666
583 3161 681 3233 Λόγου
694 3161 766 3216 Filio
779 3161 834 3216 Dei
854 3168 897 3217 est
916 3161 1033 3217 maxime
1061 3159 1118 3228 661,
1136 3158 1189 3216 6161
1207 3178 1251 3216 res
1269 3178 1319 3231 per
1337 3162 1530 3232 praedicatum
1548 3181 1680 3235 exprome
1691 3166 1825 3237 subjecto
1837 3185 1900 3224 voee

196 3248 319 3320 propria,
336 3256 420 3320 atque
439 3248 509 3303 6666
529 3247 641 3319 661666
658 3248 786 3319 propria,
805 3255 838 3303 ut
855 3248 924 3304 nihil
944 3249 1033 3320 magis
1061 3253 1216 3317 66666161,
1243 3247 1369 3319 adeoque
1389 3263 1481 3302 rerum
1508 3250 1638 3315 unionem
1659 3251 1689 3307 iu
1707 3255 1900 3324 6666666666

196 3334 339 3407 proprium
361 3332 590 3403 11116161666611,
611 3335 825 3406 6616666666
841 3335 871 3390 in
891 3334 1034 3404 simplicis
1061 3349 1139 3388 6666
1164 3332 1243 3403 66661
1268 3332 1360 3388 debet
1394 3333 1504 3400 Quibus
1527 3336 1615 3406 probe
1639 3336 1798 3396 6666666116
1821 3340 1901 3396 facus

197 3420 268 3475 sima
288 3419 400 3474 divinas
420 3419 555 3474 essentiae
575 3419 683 3474 unitate
707 3438 725 3475 a
742 3420 827 3475 Patre
851 3428 880 3476 et
897 3420 969 3475 Filio
994 3421 1034 3474 di·
1060 3425 1193 3490 apparet,
1222 3419 1297 3491 quod
1322 3419 1412 3477 misor
1435 3421 1465 3476 in
1491 3428 1656 3494 argumento
1681 3423 1719 3480 sit
1745 3425 1899 3483 limitanda

198 3506 358 3578 stinguitur.
382 3505 459 3575 Ergo
475 3512 579 3576 negata
595 3505 723 3564 absolute
741 3513 770 3563 et
781 3504 943 3579 simpliciter
960 3506 1035 3561 6661
1059 3505 1162 3560 Divina
1181 3505 1316 3561 idiomata
1338 3510 1395 3562 nori
1419 3507 1516 3564 166661
1539 3510 1618 3565 carni
1642 3526 1695 3580 per
1718 3513 1900 3582 eubjmmosa

113 3589 122 3596 ’
197 3592 371 3664 propriorum
393 3591 641 3647 communicatione
660 3592 790 3664 neganda
815 3597 858 3647 est
881 3592 1034 3663 personalis
1059 3592 1262 3659 inhaesionem,
1279 3592 1391 3648 interim
1405 3599 1500 3650 tamen
1515 3595 1624 3666 insunt,
1647 3596 1678 3651 id
1695 3604 1756 3669 cst,
1778 3616 1845 3654 vere
1860 3599 1899 3653 illi

197 3677 272 3733 6616.
309 3676 382 3741 Quin
401 3676 456 3733 166
475 3676 536 3731 dari
558 3677 699 3748 quandam
716 3675 890 3750 propriarum
912 3695 1034 3733 66666-
1060 3684 1221 3748 competunt
1236 3693 1287 3748 per
1299 3680 1480 3749 personalem
1497 3683 1786 3753 communicationem,
1803 3685 1900 3740 distin-

198 3761 364 3818 nicationem
388 3767 525 3818 testantur
551 3763 677 3833 exempla
704 3765 832 3833 corporis
859 3765 980 3818 animmi
1006 3771 1034 3820 61
1060 3763 1203 3833 guendum
1220 3763 1293 3835 enim
1310 3763 1382 3820 inter
1399 3765 1552 3834 subjectum
1565 3769 1796 3836 praedicationis
1815 3780 1842 3826 et
1858 3772 1899 3824 in·

197 3850 274 3914 ferri
300 3848 399 3916 166116,
427 3848 493 3918 6616
510 3865 610 3920 corpus
627 3849 729 3913 vitam,
754 3866 865 3905 sensum
882 3855 911 3905 et
927 3856 1033 3906 motum
1059 3848 1209 3903 1666616616.
1233 3849 1396 3920 subjectum
1407 3849 1574 3907 inhaesionis
1587 3852 1728 3909 66161166
1741 3854 1900 3927 subjectum

198 3935 235 3990 ab
253 3933 353 4001 anima,
372 3932 475 3988 ferrum
493 3934 611 4009 ignitum
630 3934 687 3989 vim
706 3934 817 3990 lucendi
836 3943 865 3990 st
881 3936 979 3991 urendi
998 3937 1034 3993 sb
1060 3934 1281 4006 praedicationis,
1300 3935 1349 3992 666
1365 3953 1422 3992 666
1440 3937 1501 3993 vice
1516 3955 1596 3994 versa
1614 3939 1776 4010 subjectum
1789 3943 1899 4014 praedi-

198 4020 264 4093 1666
290 4019 449 4091 participat.
486 4019 557 4076 Scal.
587 4036 673 4075 exerc.
705 4025 744 4075 12.
772 4026 839 4075 sect.
866 4026 891 4088 3,
919 4021 953 4076 66
978 4038 1035 4092 666
1060 4020 1176 4077 cationis
1193 4022 1287 4077 statim
1307 4030 1350 4078 est
1366 4023 1523 4094 subjectum
1540 4024 1716 4082 inhaesioms.

197 4106 447 4162 communicatione
481 4105 550 4160 κατὰ
579 4107 734 4161 cardiaces
775 4105 916 4162 Aristotel
945 4113 969 4162 2.
999 4108 1034 4163 66
1095 4112 1153 4163 266.
1191 4112 1231 4163 10.
1257 4109 1285 4162 A
1304 4110 1463 4179 sufficiente
1486 4112 1700 4167 misnensium
1742 4113 1779 4169 Si
1801 4117 1899 4171 diuiso

199 4198 271 4266 part.
295 4193 406 4248 animal.
434 4208 458 4247 6.
485 4199 509 4248 2.
536 4191 576 4246 616
602 4192 738 4264 loquitur:
766 4191 779 4245 ὁ
804 4193 860 4265 μὲν
886 4189 940 4266 γάρ
968 4194 1034 4249 πότε
1060 4193 1199 4248 1611666616
1217 4201 1307 4248 asseret
1324 4195 1408 4249 cami
1423 4197 1641 4261 communicata,
1668 4205 1719 4252 aut
1737 4203 1838 4256 666616
1854 4211 1901 4257 661

198 4275 328 4350 τυγχάνει
340 4277 374 4334 ὃν
386 4279 416 4333 sd
430 4277 617 4351 ὑποκείμενον
631 4275 664 4331 ab
677 4276 795 4351 cappis,
813 4278 1036 4353 συνδυαζόμενον
1061 4280 1200 4347 quaedam
1228 4287 1318 4332 essent
1346 4281 1557 4335 communicata.
1599 4284 1666 4336 Noe
1691 4286 1807 4356 666616,
1836 4289 1900 4356 6616

200 4365 367 4438 11666666.
401 4365 449 4420 Ad
469 4363 707 4436 comphilosophi
727 4361 781 4419 tris
804 4364 902 4421 dicunt
924 4367 1036 4437 requiri,
1060 4365 1184 4419 bumana
1202 4373 1307 4420 notura
1325 4383 1381 4419 non
1397 4375 1438 4420 eet
1456 4367 1582 4438 infinita,
1604 4377 1731 4439 6616666,
1751 4371 1898 4435 inimum

198 4450 288 4524 66166
314 4458 346 4506 61
370 4450 528 4522 subjectum
555 4449 678 4521 proprii,
703 4448 749 4509 661
775 4455 908 4522 1666666
936 4451 1035 4525 666166
1055 4467 1109 4506 -nec
1133 4450 1288 4520 6666666,
1314 4452 1382 4521 quia
1404 4452 1545 4508 1611666616
1568 4454 1668 4510 moine
1689 4457 1814 4513 realiter
1839 4468 1898 4515 sust

84 4559 124 4602 m,
137 4538 313 4610 necessari
329 4538 462 4605 16666661,
479 4554 543 4593 cum
560 4536 616 4592 alio
634 4530 925 4606 661666666166166,
941 4536 1035 4610 aliquo
1060 4533 1143 4590 rubri
1174 4558 1199 4591 n
1229 4551 1280 4590 nec
1308 4545 1426 4607 6666661
1460 4538 1576 4593 ineman
1605 4534 1726 4594 realiter
1756 4545 1897 4614 separari.

199 4624 309 4682 6616616
326 4625 549 4694 6666666166
566 4624 689 4682 secundo
708 4630 741 4680 ut
758 4624 877 4680 alterum
894 4626 1035 4682 unitorum
1062 4625 1141 4692 Erpa
1160 4623 1243 4678 nulla
1259 4631 1324 4677 sunt
1341 4625 1553 4683 communicata.
1588 4624 1690 4684 8666111
1707 4627 1739 4683 iu
1751 4630 1809 4688 vol
1826 4646 1895 4702 oper.

198 4726 297 4785 agere,
320 4710 440 4768 alterum
458 4711 519 4783 pati
536 4711 594 4767 sivo
611 4709 736 4781 recipere
754 4716 851 4781 aptum
869 4717 966 4768 natum
984 4712 1035 4784 sit;
1060 4709 1180 4780 theolog.
1204 4708 1224 4764 i.
1245 4714 1302 4765 111.
1320 4709 1362 4765 b.:
1389 4711 1425 4766 se·
1440 4712 1557 4767 realiter
1574 4714 1818 4771 communicantur
1831 4734 1896 4787 pro

197 4796 1035 4870 1666661666666166116111666166666666,6666666616
1056 4797 1202 4866 prietates.
1240 4797 1319 4864 Erpa
1347 4813 1454 4866 omnes,
1484 4799 1552 4867 quia
1574 4799 1690 4854 (16116116
1703 4804 1897 4873 proprietates

167 4878 177 4893 ‘
197 4876 265 4939 sni
275 4883 433 4955 ἀναλογίαν
450 4884 487 4940 66
504 4878 679 4956 personalem
693 4882 970 4940 communicationem
986 4900 1034 4954 ap·
1060 4891 1124 4937 6661
1134 4881 1252 4936 realiter
1264 4882 1451 4938 indivisibiles
1463 4891 1488 4937 et
1500 4885 1714 4955 inseparabiles.
1737 4887 1862 4947 Grebia·
1872 4888 1899 4944 16

196 4969 297 5041 6116661
313 4955 442 5045 possunt
477 4969 694 5025 Considerautur
713 4969 828 5041 propria
846 4969 891 5025 vel
915 4970 1034 5044 transp-
1061 4970 1143 5025 refut
1161 4967 1225 5024 libr.
1243 4967 1281 5024 D.
1298 4966 1393 5023 Hunn.
1412 4968 1447 5024 66
1464 4985 1535 5040 pera
1555 4969 1658 5029 Christi
1675 4989 1703 5043 6.
1725 4976 1900 5041 11616661

196 5061 293 5119 nasis
311 5061 358 5112 661
378 5054 493 5130 πρώτως
510 5056 661 5111 semendum
678 5056 868 5112 inhaesionem
882 5057 1034 5126 propriam
1061 5055 1098 5110 ad
1114 5071 1160 5124 qu.
1173 5058 1223 5110 88:
1241 5054 1377 5110 Essentia
1392 5054 1491 5109 dimna
1509 5064 1538 5110 61
1555 5057 1838 5128 manusteneas
1852 5077 1901 5116 sess

197 5147 227 5199 61
245 5143 285 5200 616
304 5143 353 5200 661
372 5142 462 5199 solum
481 5141 575 5197 insunt
595 5141 737 5213 subjecto,
762 5142 807 5197 vel
829 5142 1036 5204 castaneariis
1060 5140 1200 5194 idiomata
1214 5140 1302 5194 aDei
1310 5141 1428 5194 66666116
1439 5141 1572 5210 separari
1582 5155 1779 5215 conpescunt,
1808 5147 1899 5212 Quare

198 5230 244 5280 aot
261 5229 396 5300 δευτέρως
412 5230 565 5284 secundum
583 5229 794 5298 uunpationem
822 5235 847 5281 et
873 5227 1035 5282 denomina-
1061 5225 1168 5295 optineo
1185 5226 1380 5294 comaquentia
1400 5233 1447 5295 est,
1467 5227 1495 5282 si
1510 5229 1671 5283 hnmanitas
1689 5229 1802 5289 0166616·
1817 5232 1897 5288 reali-

197 5313 299 5368 ts'enem
316 5332 487 5371 communem
503 5320 532 5371 61
548 5314 588 5371 616
606 5314 688 5370 611661
699 5313 944 5371 communicantur.
968 5311 1034 5370 Vid.
1060 5319 1103 5365 ter
1127 5318 1166 5364 est
1192 5312 1379 5380 omnipotens,
1412 5314 1510 5367 eadem
1540 5322 1580 5367 est
1610 5321 1743 5386 6616666,
1775 5321 1821 5374 ael
1846 5336 1899 5374 eon

196 5397 438 5458 Havenreutu'um
455 5401 485 5458 iu
501 5400 633 5458 theorem.
657 5399 777 5474 Regium
794 5398 912 5471 inprob.
931 5399 986 5472 log.
999 5399 1035 5454 de
1060 5405 1183 5452 6616666.
1219 5399 1300 5466 Erpa
1324 5399 1407 5453 61166
1430 5401 1546 5461 realiter
1566 5418 1622 5456 non
1647 5410 1688 5456 eet
1714 5407 1898 5476 omnipotens.

198 5484 286 5543 accid.
312 5484 348 5542 D.
366 5485 526 5545 Crumerum
546 5488 574 5544 iu
593 5504 652 5561 arg.
674 5487 708 5542 de
724 5485 844 5557 6666616.
863 5485 898 5540 D.
920 5484 1033 5544 Schroe
1060 5483 1139 5539 1666
1157 5482 1259 5554 666661
1276 5481 1348 5539 11666
1368 5483 1547 5556 Β66666166.
1570 5491 1627 5553 111).
1667 5486 1900 5561 Respondentur
