3984 6022
624 266 676 321 DE
695 264 869 324 PERSCNA
885 266 935 321 ΕΤ
953 266 1103 323 OFFICIO
1121 265 1282 324 CHRISTI.
1735 274 1796 333 tta

105 421 216 477 statuit:
251 423 422 493 Adjamtam
444 435 519 474 arsos
538 420 661 486 afficere,
684 429 714 473 ut
732 422 867 476 articulus
884 422 1110 544 aimjoffensioni
1135 422 1227 478 allatis
1245 422 1323 477 hisce
1343 421 1447 478 verbis:
1485 421 1513 478 si
1531 421 1683 494 prophetae
1701 440 1718 477 a
1737 421 1798 479 Deo

106 528 186 562 raam
212 509 329 563 amittat.
362 507 403 562 At
429 505 528 561 vocula
548 523 622 560 maus
638 506 730 578 potius
749 506 893 562 confirmat
910 515 938 563 ot
964 506 1039 560 missi
1066 516 1200 562 vocantur
1226 508 1276 574 dii,
1304 526 1354 563 eur
1374 507 1615 577 scandalizamini,
1649 508 1724 580 quod
1753 526 1796 565 me

105 594 160 649 vim
179 592 288 649 articuli
306 598 333 648 et
351 597 473 647 nostram
494 592 774 664 argumentationem,
799 593 851 647 nisi
870 592 936 648 veli·
963 592 1162 648 nominaverim
1179 594 1289 650 Deum?
1319 594 1418 648 deinde
1447 594 1598 651 offensione
1618 595 1729 649 sublate
1750 596 1795 650 de·

105 698 165 735 mus
188 686 329 735 aeternum
354 678 444 734 Deum
467 676 676 750 intelligendum
703 694 763 734 esse
788 695 839 750 per
864 695 935 749 eum,
964 685 1129 744 monstrare,
1148 697 1248 735 senon
1267 685 1375 735 tantum
1393 680 1503 736 nomine
1521 697 1582 735 esse
1601 682 1706 751 Deum,
1725 682 1797 736 sicut

103 767 151 839 qui
169 766 237 821 dicit
253 764 339 820 Exod.
360 770 406 835 20,
428 783 452 818 v.
474 770 504 820 2:
530 765 593 832 Epo
615 781 673 816 sans
699 765 837 818 Dominae
857 767 936 818 Deos
963 770 1041 820 erant
1065 766 1229 837 prophetae,
1256 767 1305 821 sed
1336 765 1464 838 operibus
1484 773 1511 822 11
1530 784 1560 821 re
1579 767 1654 838 ipsa,
1676 768 1795 840 ideoque

102 864 174 908 triers.
208 851 310 906 Psalm.
329 859 369 928 511,
388 870 414 909 v.
437 858 464 906 7:
483 852 561 904 Deos
580 857 643 903 toas
661 867 710 918 spo
728 869 797 904 sam.
833 849 930 915 Quem·
963 852 1079 907 addere:
1107 851 1210 909 Sinon
1228 852 1513 930 facioloperaPatris
1533 853 1601 921 mei,
1626 854 1712 912 nolite
1728 855 1795 909 mihi

101 939 249 995 admodum
268 956 335 1011 ergo
354 953 387 991 ex
406 953 446 999 eo,
467 936 541 1009 quod
555 935 697 991 Abraham
711 935 813 991 dieitur
830 938 934 991 vidisse
962 939 1082 996 credere.
1118 940 1238 1006 Quidam
1265 941 1442 1012 respondent,
1472 939 1509 995 ab
1534 940 1687 996 inclusione
1713 942 1794 997 unius

101 1028 175 1080 diem
195 1025 318 1095 Christi,
344 1023 470 1079 Christus
490 1026 565 1078 recte
584 1020 684 1091 infert,
711 1038 741 1076 se
759 1021 843 1077 fuisse
869 1030 935 1077 ante
961 1042 1015 1080 non
1038 1025 1140 1081 debere
1163 1027 1276 1098 procedi
1300 1027 1336 1081 ad
1361 1027 1547 1083 exclusionem
1574 1027 1694 1082 alterins.
1730 1027 1793 1084 Non

99 1111 288 1167 Abrahamum
305 1109 369 1166 Joh.
389 1115 422 1179 8,
450 1126 475 1164 v.
495 1114 545 1178 58,
569 1107 608 1162 sic
627 1125 660 1163 ox
678 1125 729 1178 1ο,
749 1108 823 1179 quod
842 1108 934 1164 David
961 1128 1027 1182 ergo
1046 1128 1218 1185 consequens
1236 1130 1304 1183 esse,
1322 1113 1388 1184 quia
1400 1112 1525 1169 Christus
1537 1120 1585 1186 eat
1594 1114 1671 1170 Deus
1683 1116 1793 1170 ratione

100 1198 230 1255 Messiam
250 1204 331 1256 vocat
348 1197 498 1252 Dominum
516 1213 609 1263 suum,
630 1201 704 1250 reete
722 1194 818 1270 inferri
834 1201 933 1268 potest,
961 1197 1064 1265 offleii,
1082 1204 1179 1269 utpote
1197 1199 1383 1254 sanctificatus
1402 1205 1430 1254 et
1447 1200 1547 1255 missus
1565 1217 1583 1254 a
1597 1200 1658 1255 Deo
1677 1201 1713 1255 ed
1732 1201 1793 1256 red·

99 1284 228 1341 Messiam
243 1291 308 1340 ante
325 1290 451 1354 tempora
467 1281 582 1338 Davidis
597 1280 742 1350 exstitisse,
762 1281 837 1337 unde
850 1282 933 1337 etiam
960 1281 1100 1337 imendum
1124 1302 1211 1356 genus
1234 1285 1399 1354 humanum,
1426 1286 1488 1341 idco
1514 1291 1629 1343 nonest
1649 1289 1728 1341 Deus
1746 1305 1791 1340 ra-

99 1373 183 1426 rsdia
201 1373 303 1425 David
320 1369 476 1443 appellatur
494 1369 581 1439 Apoc.
595 1374 618 1437 5,
637 1383 662 1421 v.
676 1374 700 1422 5.
724 1366 807 1432 Quod
824 1367 847 1421 si
860 1369 932 1423 enim
959 1369 1033 1423 tione
1048 1381 1181 1441 saturae,
1208 1389 1270 1427 cum
1290 1372 1411 1427 officium
1431 1373 1608 1428 redemtionis
1624 1390 1716 1428 veram
1736 1373 1792 1428 dsi-

94 1457 220 1528 jamdum
239 1464 362 1526 tempore
380 1453 497 1510 Davidis
515 1452 630 1509 Messias
650 1451 704 1507 fuit
722 1453 859 1508 Dominus
874 1453 931 1507 Da·
958 1461 1045 1511 tatem
1062 1464 1276 1530 praesupponat‚
1294 1458 1429 1530 siquidem
1450 1476 1500 1530 per
1519 1459 1621 1514 nudem
1636 1467 1790 1514 ereaturam

98 1544 177 1614 vidis,
194 1544 290 1615 utique
306 1542 390 1598 etiarn
400 1541 526 1613 jamdum
544 1555 640 1595 revera
657 1539 762 1594 exstitit
779 1539 931 1611 etquidem
958 1558 1013 1596 non
1032 1543 1123 1613 potuit
1142 1561 1230 1616 genus
1247 1545 1397 1599 humanum
1414 1544 1534 1600 liberari.
1573 1544 1628 1600 Sed
1651 1546 1726 1616 prior
1744 1562 1789 1601 ex·

97 1647 177 1685 verus
204 1629 299 1699 Deus,
324 1629 353 1683 in
376 1645 459 1700 quem
481 1626 569 1682 solum
597 1625 685 1679 omnis
711 1625 801 1680 cordis
827 1625 931 1681 fiducia
956 1628 1071 1699 plicatio
1096 1631 1184 1685 textui
1208 1631 1297 1702 magis
1322 1631 1449 1702 congruit
1469 1636 1498 1687 et
1515 1631 1642 1703 strophas
1661 1632 1789 1688 adversa·

98 1714 267 1771 collocanda.
303 1715 367 1770 Jam
391 1730 455 1770 vero
480 1712 606 1768 Christus
623 1711 775 1781 promissus
795 1710 823 1767 in
844 1711 879 1768 V.
900 1719 930 1767 et
956 1714 1058 1770 riorum
1077 1715 1176 1771 fortius
1195 1716 1282 1772 elidit.

97 1801 235 1858 exhibitus
259 1801 288 1855 in
311 1801 344 1858 N,
369 1799 401 1854 T.
430 1799 546 1854 Messias
571 1798 699 1868 jamdum
721 1797 839 1853 Davidis
861 1805 928 1854 tem-
1800 1819 1866 1862 η,
1880 1827 1914 1861 a.

95 1907 162 1962 pore
189 1888 242 1943 tuit
266 1887 401 1941 Dominus
418 1884 543 1940 Davidis.
579 1884 662 1956 Ergo.
699 1883 780 1939 Circa
797 1886 928 1956 majorem
991 1886 1162 1942 4111111111
1194 1887 1289 1942 classis
1319 1893 1543 1960 argumentorum
1574 1888 1725 1944 desumitur
1755 1872 1890 1965 stiffi?

95 1975 261 2043 notandum,
289 1972 363 2045 quod
381 1971 474 2027 David
491 1971 576 2026 fuerit
600 1988 647 2025 rex
667 1970 764 2041 populi
784 1970 928 2026 lsraiilitiei
956 1974 1099 2028 attributis
1118 1973 1314 2027 essentialibus
1333 1973 1382 2028 soli
1400 1989 1465 2028 vero
1486 1972 1545 2028 Deo
1564 1974 1697 2045 propriis,
1715 1991 1786 2047 quae
1799 1977 1909 2067 fimum·

95 2080 128 2118 ac
157 2061 294 2118 neminem
323 2058 493 2129 superiorem
526 2065 574 2112 aut
606 2056 756 2112 Dominum
785 2058 929 2130 agnoverit
955 2077 1018 2114 cum
1043 2059 1100 2113 sint
1126 2058 1237 2114 realiter
1260 2077 1345 2114 unum
1373 2077 1436 2114 cum
1462 2060 1525 2131 ipsa
1548 2059 1641 2116 divina
1660 2063 1786 2132 essentia,
1799 2028 1900 2120 mildae

93 2154 203 2221 praeter
226 2146 314 2202 solum
332 2144 437 2214 Deum,
456 2144 552 2215 ntique
572 2159 649 2216 ergo,
669 2143 781 2215 quando
799 2142 928 2199 Messium
955 2145 1016 2201 ideo
1035 2161 1068 2200 ex
1086 2145 1141 2199 illis
1160 2162 1225 2201 vera
1246 2144 1349 2200 Christi
1368 2146 1456 2201 deitas
1477 2153 1551 2201 recte
1566 2147 1691 2203 infertur.
1727 2149 1786 2203 Tri·

95 2235 221 2309 agnoscit
232 2232 395 2303 Dominum,
414 2248 508 2286 verum
521 2229 638 2285 Deum
630 2246 723 2302 ipsum
741 2247 800 2285 esse
818 2228 928 2299 prolite·
954 2230 1049 2287 buitur
1073 2239 1166 2288 autem
1184 2230 1293 2287 Christo
1316 2237 1337 2289 1.
1359 2234 1524 2299 aeternitas,
1550 2233 1598 2304 qui
1619 2235 1656 2289 ab
1676 2243 1786 2290 aeterno

93 2331 152 2393 tur,
178 2339 211 2376 ac
234 2321 273 2374 sic
299 2320 336 2374 de'
358 2319 479 2395 quodam
504 2333 569 2390 rege
588 2316 682 2371 multis
699 2316 809 2371 demum
827 2315 928 2371 seculis
954 2323 995 2372 est
1018 2335 1035 2371 a
1058 2318 1141 2373 Patre
1165 2319 1276 2391 genitus
1298 2318 1399 2376 Psalm.
1420 2325 1448 2386 2,
1468 2337 1493 2373 v.
1514 2326 1536 2374 1.
1564 2319 1648 2373 Mich.
1668 2327 1692 2389 5,
1712 2340 1737 2375 v.
1758 2329 1786 2392 2,

96 2429 128 2466 ex
146 2408 233 2480 ipsius
251 2405 415 2478 posteritate
435 2404 544 2459 initium
563 2403 740 2460 exsistentiae
765 2419 832 2458 suae
848 2400 927 2456 habi·
953 2403 1007 2458 tuit
1033 2411 1097 2460 ante
1115 2405 1248 2459 mundum
1269 2404 1410 2459 conffitum
1427 2404 1559 2459 Proverb.
1580 2411 1610 2474 8,
1637 2424 1662 2459 v.
1684 2411 1730 2475 21,
1758 2408 1786 2459 ia
1822 2398 1826 2404 ⁴

95 2503 157 2551 turo
182 2492 273 2548 David
298 2491 474 2563 loqueretur,
502 2490 665 2546 habuissent
689 2487 832 2544 Pharisaei
853 2487 927 2560 quod
949 2491 1095 2559 priaapio
1109 2492 1242 2560 jamdum
1262 2499 1323 2544 erat
1340 2490 1403 2546 Joh.
1426 2497 1447 2559 1,
1468 2509 1493 2546 v.
1516 2497 1539 2549 1.
1568 2497 1590 2547 1.
1603 2491 1665 2546 Joh.
1680 2497 1702 2554 1,
1716 2510 1740 2546 v.
1759 2498 1786 2562 1,

94 2585 260 2653 regererent,
280 2577 441 2649 contingere
459 2577 531 2632 enim
551 2576 634 2631 facile
651 2580 757 2647 potest,
777 2581 808 2628 ut
827 2572 926 2645 aliquis
952 2576 1049 2629 hahart
1072 2577 1195 2644 pieriam
1224 2579 1305 2647 apud
1330 2578 1459 2646 Patrem,
1490 2586 1639 2648 antequam
1667 2581 1786 2634 mardos

94 2686 128 2724 ex
150 2665 267 2739 posteris
285 2664 322 2718 ad
340 2663 528 2719 sublimiorem
546 2661 711 2734 dignitatem
735 2666 763 2716 et
780 2659 927 2732 augustius
953 2663 1009 2722 fait
1028 2663 1157 2717 conditos
1179 2662 1243 2719 Joh.
1266 2669 1304 2732 17,
1321 2681 1347 2719 v.
1367 2670 1397 2735 3,
1419 2669 1534 2720 vocatur
1550 2665 1640 2718 Pater
1658 2673 1786 2719 aeternas

93 2769 218 2826 regnum,
239 2768 322 2823 quam
339 2766 439 2821 parens
458 2748 565 2818 habuit,
584 2747 722 2802 evehatur.
761 2745 925 2815 (Eniedinus
953 2749 1026 2804 Esai.
1046 2754 1071 2813 9,
1089 2767 1114 2804 v.
1130 2755 1160 2819 6,
1177 2750 1309 2806 tribuitur
1326 2751 1352 2806 ei
1373 2752 1499 2822 Spiritus
1516 2761 1654 2822 adorsos,
1672 2752 1724 2807 hoe
1744 2759 1788 2807 est

93 2839 196 2912 insigni
216 2855 248 2893 ae
266 2837 404 2893 diabolica
421 2835 593 2908 impudentia
612 2838 805 2905 argumentum
824 2832 925 2888 Christi
954 2834 1042 2890 deitas
1061 2841 1175 2890 aeterna
1195 2835 1280 2893 Hebr.
1301 2842 1330 2905 3,
1350 2855 1377 2891 v.
1400 2843 1447 2907 14,
1474 2837 1577 2894 dicitur
1592 2838 1650 2893 cita
1670 2848 1786 2893 aeterra

93 2925 251 2999 oppositum
279 2923 436 2979 Pharisaeis
464 2922 562 2978 Matth.
595 2926 645 2990 22,
674 2939 699 2975 v.
728 2925 770 2976 41.
800 2918 926 2975 refellere
955 2927 975 2977 1.
994 2919 1058 2976 Joh.
1077 2928 1101 2990 5,
1120 2939 1145 2977 v.
1167 2928 1215 2993 211,
1236 2929 1278 2979 est
1297 2923 1467 2994 πρωτότοκος
1486 2928 1552 2991 (uon
1573 2923 1786 3000 apertissimas)

93 3013 178 3069 audet
202 3010 344 3083 productis
373 3008 505 3081 exemplis
530 3007 663 3078 filiorum,
693 3008 743 3076 qm·
766 3006 840 3070 sacti
863 3013 926 3058 sont
952 3005 1040 3074 πάσης
1058 3012 1171 3070 κτίσεως
1189 3008 1246 3065 Col.
1267 3015 1296 3080 1,
1315 3027 1342 3067 v.
1363 3016 1408 3082 15,
1434 3029 1485 3065 aec
1503 3012 1615 3066 initiam
1634 3028 1685 3066 aec
1697 3014 1786 3080 finem

88 3107 241 3171 parentam
268 3097 388 3164 domiai,
420 3101 451 3150 ut
476 3094 592 3166 Josephi
618 3101 682 3163 etc.;
713 3093 766 3149 hoc
792 3108 857 3148 vero
883 3096 926 3147 est
951 3093 1061 3147 dieram
1078 3095 1160 3148 babet
1177 3093 1265 3153 Hebr.
1285 3102 1313 3163 1,
1331 3113 1357 3149 v.
1379 3101 1423 3167 13,
1449 3105 1490 3151 est
1508 3098 1581 3165 har-i,
1605 3098 1688 3151 hodie
1712 3100 1786 3152 etia

93 3185 202 3242 Christo
229 3183 257 3240 in
282 3200 313 3238 os
336 3180 536 3248 contradicere,
558 3179 670 3235 interim
693 3183 759 3233 nota
777 3177 924 3247 Christum,
949 3181 1045 3234 serula
1063 3179 1149 3235 Hebr.
1169 3187 1207 3246 13,
1224 3199 1251 3236 v.
1267 3183 1297 3248 8,
1318 3188 1360 3237 est
1378 3188 1406 3234 A
1423 3188 1452 3238 et
1469 3187 1504 3251 Ω,
1521 3184 1633 3252 primas
1651 3192 1678 3238 et
1695 3185 1785 3239 mosis·

92 3272 140 3327 hic
173 3271 256 3342 longe
291 3268 435 3323 sublimius
465 3265 616 3321 dominium
645 3282 708 3320 cum
737 3264 859 3322 sessione
887 3265 924 3320 ad
949 3267 1037 3320 simas
1054 3266 1142 3337 Apoc.
1165 3271 1192 3337 1,
1210 3285 1235 3321 v.
1257 3273 1280 3323 1.
1305 3284 1329 3321 1.
1348 3272 1374 3337 2,
1393 3285 1418 3322 v.
1438 3273 1467 3335 8,
1487 3284 1520 3323 ac
1536 3275 1650 3340 propter
1668 3272 1784 3326 aeterni-

93 3359 219 3414 dextram
236 3356 290 3412 Dei
308 3357 486 3425 conjunctum
499 3352 617 3409 Messias
628 3350 781 3422 tribuere.)'
797 3351 924 3408 richa-
949 3357 1036 3408 tatem
1060 3351 1259 3425 designandam
1284 3352 1443 3408 tribuuntur
1474 3354 1514 3408 illi
1539 3355 1642 3425 capilli
1667 3358 1787 3411 candidi

92 3451 166 3500 stum
189 3460 222 3498 eo
244 3441 325 3497 modo
342 3439 435 3494 vocari
453 3439 561 3506 Deum,
588 3444 619 3493 ut
641 3455 696 3493 non
724 3438 814 3493 solum
830 3436 925 3492 divina
951 3447 1083 3510 taaqrmm
1103 3439 1172 3493 larsa
1189 3439 1277 3510 Apoc.
1298 3446 1320 3508 1,
1337 3443 1362 3495 r.
1386 3445 1424 3496 14.
1457 3439 1558 3497 Confer
1576 3441 1660 3499 Dan.
1671 3450 1696 3513 1,
1713 3461 1738 3497 v.
1760 3451 1784 3513 9,

92 3529 211 3587 essentia
227 3527 282 3599 ipsi
300 3525 452 3593 tribuatur,
476 3523 567 3580 Galat.
592 3529 620 3592 t,
640 3543 664 3578 v.
686 3529 715 3578 1:
737 3523 846 3578 Paulus
869 3541 924 3578 aaa
951 3525 1000 3581 ubi
1027 3518 1072 3582 de¹
1089 3527 1173 3581 Patre
1203 3527 1317 3596 aatiprso
1346 3526 1454 3580 dianam
1480 3527 1595 3598 dieitur,
1627 3537 1654 3583 at
1684 3531 1786 3600 capilli

93 3616 301 3673 abdominibus
319 3632 405 3684 nemas
423 3630 479 3684 per
507 3613 657 3682 homiaem,
685 3614 738 3666 sed
749 3628 805 3683 per
826 3612 925 3666 Jesum
951 3614 1052 3683 eapitis
1076 3614 1138 3683 ejas
1162 3613 1245 3682 quasi
1268 3613 1337 3667 lana
1356 3616 1476 3683 manda,
1506 3614 1580 3670 unde
1598 3615 1737 3686 Repertus
1756 3616 1785 3671 iu

95 3706 249 3773 Christum,
277 3701 373 3773 utique
397 3716 462 3772 ergo
485 3699 617 3754 Christus*
632 3716 689 3756 non
711 3705 754 3754 est
772 3696 853 3770 ψιλὸς
874 3697 925 3753 dr·
951 3717 974 3757 c.
1002 3707 1023 3756 l.
1049 3699 1136 3770 Apoc.
1162 3699 1347 3770 pulcherrime
1376 3701 1416 3755 sic
1444 3707 1657 3758 commentatur:
1691 3705 1785 3774 Hujus

94 3802 220 3862 eponae,
254 3789 324 3846 alias
353 3788 456 3860 periret
486 3786 636 3860 oppositio;
667 3784 754 3841 Hebr.
784 3791 814 3853 1,
844 3804 870 3840 v.
901 3791 923 3840 3.
951 3795 1034 3856 etque
1056 3786 1136 3840 illias
1160 3786 1263 3856 capilli
1286 3787 1390 3856 eapitis
1416 3805 1502 3857 aeque
1519 3789 1639 3843 sordidi
1657 3798 1734 3858 suat,
1760 3798 1785 3844 et

92 3878 217 3934 Christus
235 3882 277 3932 eet
295 3874 408 3949 ἀπάτωρ
427 3877 471 3926 rai
492 3872 618 3946 ἀμήτωρ,
647 3871 707 3926 sine
730 3878 924 3943 ,1111111111-
950 3882 1066 3943 aterque
1077 3891 1133 3942 ptr
1150 3876 1301 3928 suaderem
1320 3875 1423 3944 eapitis
1440 3877 1785 3931 senaaostamds'tmraallo

93 3965 159 4020 dum
176 3962 389 4026 humanitatem,
419 3959 478 4014 sine
502 3965 589 4014 matre
611 3957 764 4016 secundum
782 3958 922 4014 deitatem.
951 3960 1105 4025 distantia,
1133 3961 1200 4030 qaia
1226 3978 1275 4014 aaa
1300 3979 1451 4031 anamma
1470 3979 1634 4029 mensarios
1654 3964 1709 4030 dia,
1735 3982 1784 4018 nec

93 4051 233 4122 Respectu
250 4049 386 4104 humanae
403 4054 519 4102 naturae
534 4044 658 4100 Christus
674 4063 730 4103 non
747 4051 790 4100 est
802 4042 923 4120 ἀμήτωρ,
950 4046 1031 4114 tora,
1055 4064 1105 4100 aaa
1118 4055 1225 4116 porreto
1242 4049 1375 4117 temporis
1393 4049 1469 4114 filista
1489 4050 1541 4102 iste
1551 4049 1654 4117 junior
1672 4059 1712 4102 ast
1731 4050 1783 4104 itta

92 4139 188 4209 utique
213 4152 279 4209 ergo
306 4141 348 4190 est
370 4134 400 4188 in
426 4132 486 4203 ipso
512 4132 694 4185 iaoorarrso'r
718 4151 757 4197 rs,
785 4133 864 4204 cujus
883 4148 924 4188 re·
951 4140 1092 4187 tamesae
1115 4135 1203 4186 Patre
1225 4151 1275 4187 suo
1297 4139 1347 4189 etc.
1383 4138 1408 4188 2.
1436 4135 1651 4189 immutabilitas
1675 4142 1731 4189 tam
1754 4136 1783 4190 in

91 4230 191 4297 spectu
213 4221 352 4279 veredici
373 4219 461 4291 possit
478 4216 598 4293 ἀμήτωρ.
633 4218 813 4274 11111114.
837 4236 859 4274 e.
882 4225 923 4275 53.
950 4225 1061 4286 natura,
1086 4236 1171 4291 quam
1188 4218 1217 4272 in
1238 4218 1369 4284 decretis,
1394 4219 1636 4291 promissionibus,
1655 4219 1737 4275 dictis
1756 4227 1784 4278 et

91 4331 118 4382 p.
141 4316 198 4366 2111.
227 4309 328 4364 format
353 4312 547 4380 argumentum
576 4323 609 4362 ex
632 4303 731 4360 Matth.
760 4311 804 4370 12,
830 4324 855 4359 v.
878 4312 923 4362 tt:
950 4305 1039 4360 factis.
1070 4305 1155 4362 Hebr.
1179 4312 1208 4374 1,
1227 4323 1252 4359 v.
1276 4305 1782 4376 111112.1ιιΡ111ιιι.1112,ν.,181

95 4398 239 4461 Quomodo
253 4396 323 4465 ptus
342 4413 425 4465 orsam
447 4392 581 4447 Salomon
600 4399 650 4445 aut
664 4391 733 4461 plia
750 4409 832 4460 quam
846 4392 924 4446 Jorsa
954 4394 997 4445 Tu
1014 4393 1090 4446 idem
1108 4393 1168 4463 apsa
1190 4409 1226 4448 es.
1246 4390 1333 4447 Hebr.
1354 4397 1393 4462 13,
1412 4409 1438 4444 v.
1458 4397 1489 4447 8:
1512 4391 1639 4447 Christus
1659 4394 1735 4448 111111
1752 4396 1783 4449 s‘a

93 4485 217 4546 habebat,
239 4492 264 4536 et
289 4483 428 4536 Dominus
447 4489 507 4533 erat
526 4478 633 4548 David,
652 4479 701 4548 qni
718 4477 844 4547 ejusdam
864 4495 925 4532 oum
950 4479 1052 4532 secula.
1090 4481 1115 4533 3.
1134 4477 1351 4546 Immortalitas,
1373 4477 1439 4550 quia
1456 4478 1484 4532 in
1503 4478 1565 4549 ipso
1583 4484 1627 4533 est
1642 4480 1701 4536 vita
1718 4481 1795 4538 Joh..

93 4573 163 4643 prais
180 4570 238 4635 fait
255 4568 434 4622 substantiae.
474 4555 511 4621 12.
531 4565 671 4621 Christum
688 4563 750 4620 Joh.
773 4570 817 4634 10,
837 4581 862 4618 v.
882 4572 922 4620 35.
953 4571 982 4633 1,
999 4583 1024 4618 v.
1043 4569 1068 4619 4.
1085 4582 1143 4620 non
1160 4564 1387 4633 accidentaliter,
1413 4581 1468 4636 quo
1490 4564 1572 4619 modo
1595 4564 1624 4620 in
1641 4567 1721 4623 nobis
1741 4575 1783 4625 111

91 4654 278 4729 argumentari
295 4671 352 4708 non
371 4670 394 4729 ⁰.
407 4653 579 4720 comparatis
594 4651 722 4720 paribus,
740 4650 789 4706 sed
808 4651 923 4722 impari·
949 4651 1016 4715 vita,
1034 4650 1083 4706 sed
1101 4651 1294 4719 essemialiter,
1314 4650 1381 4722 quia
1397 4657 1429 4705 ut
1446 4652 1535 4706 Pater
1551 4652 1637 4707 uitam
1654 4654 1735 4709 hahet
1752 4656 1783 4709 ia

91 4748 149 4799 bras.
188 4741 302 4813 lpsimet
325 4738 398 4793 enim
422 4737 579 4792 Photiniani
604 4735 755 4791 concedere
778 4742 922 4808 coguntur,
948 4755 978 4792 ss
995 4738 1066 4806 ipso,
1084 4738 1125 4791 sia
1142 4736 1221 4790 dedit
1241 4737 1611 4793 eivitamhaharaiasemet
1623 4741 1692 4812 ipsa
1718 4740 1780 4814 Syr.
1883 4788 1901 4806 .

91 4829 231 4886 Christum
256 4843 310 4880 non
340 4841 399 4878 esse
427 4841 479 4878 nec
502 4823 594 4877 vocari
613 4822 705 4877 Deum
730 4821 759 4875 in
776 4839 808 4877 eo
827 4822 924 4878 ordine
951 4823 1118 4898 ,1111111111
1139 4823 1257 4876 arastis
1274 4822 1410 4879 scadan.
1428 4829 1453 4888 5,
1471 4842 1496 4878 v.
1516 4830 1558 4895 25,
1576 4826 1649 4883 unde
1667 4836 1782 4884 vocatur

91 4935 123 4972 ac
141 4930 225 4970 sensu
244 4929 290 4980 eo,
308 4928 362 4981 quo
382 4909 561 4982 magistratus
579 4908 709 4963 dicuntur
726 4907 777 4975 dii,
802 4908 849 4978 qni
866 4926 922 4962 ma·
951 4914 1007 4966 dar
1028 4911 1102 4964 sisae
1128 4910 1223 4965 Actor.
1243 4914 1271 4979 3,
1295 4928 1320 4963 v.
1343 4916 1387 4980 15,
1418 4911 1472 4967 imo
1498 4912 1559 4983 ipsa
1576 4915 1635 4968 vito
1652 4914 1715 4970 Joh.
1740 4921 1779 4986 14,

91 5004 223 5076 gistratus
247 5004 311 5053 ants
335 4996 388 5053 Dei
413 4995 612 5051 ordinationem
638 5011 693 5048 non
712 4999 776 5048 suut
795 4993 847 5063 dii,
873 4995 923 5051 sed
949 5017 974 5053 v.
994 5003 1018 5066 5,
1040 5002 1061 5052 1.
1081 4995 1145 5052 Joh.
1164 5003 1188 5065 5,
1207 5014 1231 5051 v.
1252 5001 1300 5066 211,
1318 4999 1429 5050 verbam
1448 5001 1521 5052 vitae
1540 5005 1564 5055 i.
1582 4998 1646 5056 Joh.
1667 5006 1693 5068 l,
1711 5019 1736 5057 v.
1755 5008 1778 5058 ’2.
1877 5062 1883 5072 ,

90 5096 158 5145 tunc
177 5087 206 5140 in
226 5101 276 5138 suo
295 5082 387 5138 officio
406 5081 445 5135 dii
464 5097 525 5136 esse
538 5079 684 5149 incipiunt,
700 5081 811 5145 wando
824 5083 866 5135 ad
877 5100 923 5137 sos
950 5090 974 5138 t.
992 5083 1124 5152 Iafiaitas
1142 5090 1168 5136 at
1188 5082 1432 5152 omnipraesentia,
1453 5083 1518 5154 quis
1536 5091 1578 5140 est
1595 5087 1625 5139 ia
1642 5087 1706 5140 siaa
1725 5088 1781 5142 Pa·

90 5178 122 5238 rit
144 5191 235 5227 sermo
260 5172 351 5236 DEI,
376 5169 429 5223 hoc
452 5173 496 5222 est
522 5165 633 5238 quando
661 5164 755 5220 divina
781 5167 923 5226 vocatione
949 5172 1009 5239 tris,
1028 5168 1091 5224 Joh.
1114 5174 1135 5236 1,
1155 5186 1180 5222 v.
1198 5174 1236 5224 18.
1272 5168 1356 5223 Pater
1374 5168 1464 5238 ipsum
1482 5169 1664 5236 teanensem,
1683 5175 1780 5243 maisit,

90 5259 213 5317 officium
236 5257 414 5330 magistratus
437 5252 504 5325 ipsis
529 5250 721 5320 committitur,
751 5256 781 5305 at
799 5251 924 5310 Christus
949 5256 993 5311 vel
1016 5254 1158 5327 ablegavit
1181 5253 1272 5323 Colat.
1299 5259 1329 5320 4,
1355 5271 1381 5307 v.
1401 5261 1424 5309 4.
1453 5261 1482 5309 11
1505 5255 1534 5310 11
1555 5260 1690 5313 mundam
1707 5263 1781 5316 misit

91 5353 135 5402 est
152 5353 234 5401 natue
254 5342 307 5398 Dei
324 5342 420 5412 Filius,
440 5341 495 5394 imo
513 5343 577 5392 ante
594 5335 803 5408 conceptionem
823 5356 855 5394 ex
869 5340 922 5395 rir-
948 5341 1011 5398 Joh.
1034 5347 1125 5410 111.
1145 5346 1187 5397 35.
1212 5356 1236 5395 1.
1259 5346 1298 5405 11,
1321 5357 1347 5394 v.
1366 5340 1396 5407 8,
1422 5340 1481 5410 ipse
1505 5359 1519 5396 a
1544 5345 1621 5399 cosio
1639 5348 1782 5403 111111ηά11

90 5433 156 5506 gine
181 5432 218 5486 ab
243 5428 343 5500 angelo
368 5427 407 5482 sic
425 5431 548 5482 vocatur.
585 5420 796 5495 Chrysostomus
814 5425 842 5480 in
860 5444 924 5482 eum
948 5428 1012 5485 Joh.
1031 5434 1061 5492 6,
1079 5445 1105 5485 v.
1126 5432 1172 5496 38,
1197 5445 1216 5479 1
1235 5427 1322 5480 Patra
1342 5427 1424 5480 scivit
1441 5426 1505 5484 Joh.
1526 5435 1554 5498 8,
1582 5449 1607 5485 v.
1626 5438 1668 5490 42.
1696 5452 1719 5490 1.
1741 5441 1780 5502 15,

90 5521 184 5577 locum
200 5523 292 5581 notat,
318 5513 459 5570 Christum
477 5509 643 5567 satisfecisse
660 5508 735 5579 prius
752 5510 924 5569 iudaeorum
949 5534 976 5570 v.
995 5520 1042 5584 28,
1060 5531 1127 5587 ergo
1146 5513 1252 5570 exstitit
1269 5518 1334 5570 ante
1351 5530 1429 5570 suam
1449 5514 1580 5573 exldaria
1597 5520 1780 5590 nativitatem,
