3984 6022
760 275 814 331 DS
832 272 1047 333 SCRIPTUM
1067 273 1198 331 SAORA.
1750 284 1811 359 2³9

110 443 141 496 p.
165 433 229 483 ill:
256 427 437 495 Siomnium,
458 430 577 498 quaein
596 428 955 500 Scripturisrepuiruntur,
982 428 1074 482 verbis
1101 427 1130 482 in
1158 427 1270 499 propria
1297 434 1326 483 et
1348 428 1443 484 nativa
1468 428 1669 501 significatione
1692 433 1814 504 acceptis

112 513 304 567 absolutiones
323 534 377 568 nou
392 533 543 585 possumus
565 517 702 577 invenire,
727 516 846 569 alterum
863 525 953 568 tanen
981 513 1139 570 immediate
1158 514 1305 586 colligitur.
1342 515 1434 580 Quare
1452 518 1680 572 cumsecundum
1693 517 1811 590 inepist.

110 599 209 653 Deum
222 610 337 669 practer
355 619 424 668 cum,
444 604 494 671 qui
509 610 556 672 est,
575 620 631 655 non
648 603 830 670 requiramus.
855 600 917 655 Lib.
932 607 954 656 2.
981 599 1017 653 ad
1041 599 1163 655 Darden.
1190 606 1254 655 tom.
1280 610 1303 657 4.
1329 600 1376 655 fol.
1403 609 1448 657 ²9:
1480 602 1625 656 Historiae
1651 605 1754 658 veritas
1778 606 1813 658 sit
1860 657 1863 661 ,
1899 674 1902 681 ,

114 686 179 740 adr.
201 687 304 742 haeres.
331 705 392 758 cap.
411 696 452 744 11.
477 705 541 760 pag.
566 695 625 744 tlt:
663 689 804 741 Habentes
827 688 953 756 repellam
973 687 1192 752 fundamentum
1210 687 1410 755 intelligentiae
1427 689 1600 756 spiritrmlr's,
1622 696 1697 744 recte
1714 698 1742 744 st
1760 690 1812 745 uti-

113 772 206 842 ipsam
237 775 381 827 8881181888
410 783 436 828 81
468 776 497 827 in
526 783 653 844 apertum
680 776 805 843 positum
829 777 865 828 de
889 778 952 828 Deo
980 770 1042 826 liter
1067 771 1131 826 hinc
1159 772 1267 844 colligit
1290 773 1468 845 Lyranusin
1493 774 1598 846 prolog.
1624 775 1707 845 bibi,
1738 777 1812 848 quod

113 859 299 913 testimouium
340 878 396 913 non
435 862 564 914 8181888888
602 861 776 915 declinantes
813 863 843 914 in
878 862 953 914 alias
979 860 1050 911 sicut
1073 859 1232 926 aedificium
1252 861 1397 941 dcclirsuus
1416 878 1434 912 a
1445 861 1636 928 fundamento
1655 864 1813 932 (1888888188

112 952 197 1013 alme
236 946 312 998 alias
346 946 536 999 absolutiones
571 947 674 1015 ejicere
704 948 820 1013 firmam
853 956 878 1000 ct
908 964 952 1000 cc·
979 945 1019 996 ad
1043 946 1170 1012 ruinam·
1197 947 1237 998 ita
1262 947 1397 1013 copositio
1422 948 1540 1014 rrsystica
1561 966 1581 1001 a
1603 948 1713 1002 literali
1730 966 1813 1002 sensu
1893 997 1896 1003 .

111 1049 176 1083 ram
199 1032 235 1085 de
260 1033 323 1085 Deo
346 1033 518 1085 centenariam,
556 1031 674 1103 August,
703 1034 738 1087 de
764 1033 831 1088 unit,
856 1033 950 1090 eccles,
979 1029 1125 1083 discedens
1143 1032 1180 1084 sit
1199 1034 1362 1099 reputanda
1381 1034 1510 1086 indecens
1529 1042 1554 1087 et
1574 1034 1676 1103 inepta.
1707 1033 1811 1090 Luthe

111 1132 137 1172 8.
163 1122 206 1172 16:
234 1120 431 1170 Demonstrcnt
455 1120 599 1173 ecclesiam
615 1139 695 1173 suam
714 1122 744 1173 in
763 1121 888 1173 omnibus
906 1140 949 1173 cu-
977 1130 1024 1165 888
1048 1114 1078 1169 iu
1106 1116 1153 1171 lib.
1184 1118 1219 1172 de
1245 1119 1345 1188 captiv.
1375 1116 1512 1188 Babylon.
1538 1118 1586 1173 iol.
1614 1126 1676 1176 277:
1718 1121 1812 1183 Verbis

110 1204 221 1256 nonicis
240 1212 399 1257 sanctorum
422 1205 557 1258 librorum
580 1207 808 1270 auctoritatibus,
835 1208 950 1272 8888818,
978 1199 1081 1254 7777777777
1105 1220 1161 1255 77077
1186 1211 1226 1257 777
1248 1205 1311 1257 777777
1335 1204 1376 1256 777
1391 1206 1533 1270 ,7777777777
1551 1223 1708 1275 7779771777
1725 1208 1811 1263 toni-

110 1298 143 1342 ut
170 1307 203 1342 ca
227 1292 361 1360 collinunt
386 1301 411 1345 ct
436 1302 660 1361 commemorent,
685 1311 756 1362 qrroc
779 1294 891 1347 olscsuc
908 1296 949 1346 sel
978 1303 1036 1338 777777
1065 1305 1151 1356 aeque
1172 1306 1227 1358 per
1252 1291 1394 1359 annuum,
1421 1292 1473 1344 sed
1493 1299 1626 1360 quantum
1635 1293 1706 1360 ficri
1718 1301 1811 1363 potest

112 1377 239 1444 ambipuc
262 1378 306 1431 oel
317 1380 441 1447 fipurate
459 1379 537 1431 dictu
554 1388 629 1448 sunt,
649 1397 719 1448 quoe
737 1381 864 1449 quisque,
879 1381 949 1433 88881
977 1371 1006 1424 777
1034 1373 1244 1442 timplt'citsima
1273 1377 1477 1445 siprsificutione
1505 1380 1647 1433 seruanda
1677 1387 1756 1449 sunt,
1785 1387 1811 1433 et

111 1463 244 1530 uoluerit,
265 1465 461 1534 interpretetur
477 1468 626 1519 secuudum
643 1483 750 1519 88888888
766 1485 860 1534 888888,
878 1468 948 1521 talia
975 1456 1032 1510 77777
1050 1461 1201 1526 7777717777
1222 1461 1430 1517 7777777777777
1449 1473 1543 1534 77977,
1569 1474 1647 1519 777777
1667 1483 1807 1534 1777777777·

113 1551 185 1602 ent'm
215 1558 288 1603 recte
322 1552 446 1619 intellipi
470 1553 622 1621 seponique
652 1570 708 1604 uon
735 1562 863 1621 possunt,
892 1554 949 1606 nisi
975 1542 1060 1597 7777777
1088 1547 1255 1616 (77171777ηᾶ87
1281 1566 1337 1602 uon
1364 1559 1443 1618 717771,
1470 1568 1504 1604 ue
1528 1552 1610 1605 delur
1635 1552 1807 1607 8781788888νὶ18

106 1637 204 1705 prinu,
241 1654 312 1705 qnae
347 1639 521 1708 aparctiam
549 1640 627 1692 dicta
661 1647 735 1706 ,ηηι
768 1640 857 1708 firma
886 1642 946 1706 fide
974 1631 1083 1683 occasio
1103 1633 1237 1686 cludendi
1255 1641 1340 1688 totam
1357 1634 1542 1704 Scripturam

111 1730 263 1776 uocantur
1010 1720 1067 1770 536.
1106 1723 1130 1770 li.
1160 1720 1363 1787 Interpretatio
1400 1723 1553 1776 consentiat
1588 1723 1720 1791 cujusque
1751 1724 1926 1776 1881778188-

1819 1786 1915 1829 pisteuo

60 1819 96 1899 εἴ·
147 1814 205 1863 533.
231 1813 258 1862 3.
284 1810 455 1863 Obscuriora
480 1821 506 1865 st
524 1812 668 1881 pauciora
690 1811 859 1880 sentinando
883 1821 946 1864 suret
973 1818 1065 1870 777170,
1086 1803 1302 1859 7777777777777777
1319 1808 1501 1863 membrorum
1519 1816 1544 1862 77
1563 1809 1667 1863 07777777
1706 1808 1805 1873 Quem·
1819 1836 1950 1877 consenum

60 1922 93 1953 ,η
111 1910 144 1947 02)
167 1896 337 1949 clariorihup
362 1915 395 1950 ap
409 1898 548 1973 plurim
584 1897 640 1951 Hie
662 1915 750 1952 canon
773 1898 897 1970 sequitur
914 1915 946 1952 ex
973 1885 1121 1941 admodum
1142 1888 1203 1944 lcii
1222 1890 1319 1946 (11311111
1337 1892 1448 1961 1113111113
1461 1910 1518 1947 3883
1536 1896 1572 1947 de
1588 1896 1678 1953 331318
1697 1895 1806 1965 31113118·
1820 1884 1953 1988 1737711300

109 1979 211 2078 priore.
247 1979 317 2034 Cum
335 1982 406 2037 cuim
425 1982 565 2038 8881188881
581 1982 646 2038 fidei
666 1983 806 2049 articulus,
825 1983 873 2055 qui
891 2002 946 2038 nou
974 1973 1039 2024 777777
1067 1973 1136 2042 77177
1164 1975 1234 2029 77777
1254 1978 1391 2044 ,1777777777
1414 1980 1471 2032 77777
1491 1988 1550 2032 7777
1575 1981 1737 2051 7717177777
1765 1981 1806 2035 777·
1820 1949 1953 2031 mim?

60 2076 89 2156 ξ
110 2062 140 2119 in
165 2065 258 2137 aliquo
276 2067 433 2138 Scripturas
455 2069 516 2122 loco
538 2069 628 2124 verbis
648 2069 728 2123 claris
747 2077 775 2124 et
792 2069 946 2141 perspicuis
973 2067 1083 2126 71777778·
1109 2059 1149 2113 777
1169 2059 1204 2115 (77
1223 2060 1288 2116 (77777
1308 2063 1427 2134 7777771777
1443 2042 1932 2139 177777777777717777777777787787118

60 2178 68 2207 8
110 2160 292 2223 proponatur,
313 2170 345 2207 cx
364 2172 418 2226 quo
435 2154 525 2209 lucem
544 2154 688 2227 reliqua,'
681 2173 708 2209 ur
727 2155 828 2227 quibus
847 2155 881 2210 de
898 2155 946 2210 illo
973 2159 1027 2197 77777
1050 2150 1143 2214 potest
1160 2145 1296 2216 1777777778
1323 2148 1376 2202 77777
1400 2167 1513 2221 7777177778
1540 2144 1762 2209 77777777777777777
1778 2148 1905 2238 elffii

60 2230 258 2306 ι3188818188,
285 2240 450 2308 sortiuntur,
479 2241 541 2295 ideo
564 2259 597 2296 ex
621 2242 688 2296 locis
713 2240 767 2296 illis
784 2242 946 2297 clarioribus
973 2229 1056 2284 777777
1080 2234 1386 2304 7777777771777777777777·
1425 2236 1556 2299 7177777777
1576 2240 1712 2308 7777777778
1738 2240 1808 2309 17777

110 2321 299 2379 obscuriorum
316 2326 506 2397 interpretatio
525 2332 567 2383 881
585 2327 761 2382 desumenda.
781 2328 944 2400 Aug.lib.2.
972 2335 1060 2384 771777
1077 2326 1104 2370 77
1122 2319 1233 2385 777177
1222 2339 1252 2372 777
1271 2322 1360 2374 777777
1378 2322 1459 2377 777777
1477 2326 1613 2394 7777777778
1632 2327 1658 2379 77
1671 2325 1806 2396 1777777777

110 2408 147 2464 de
175 2410 262 2465 doctr.
286 2411 387 2469 Christ.
413 2430 435 2467 c.
462 2419 489 2469 9:
519 2415 571 2467 Aoi
596 2415 768 2468 obscuriores
795 2414 946 2469 locationes
972 2403 1056 2456 77777
1083 2406 1140 2457 7777
1165 2407 1293 2474 7777777778
1317 2406 1415 2461 (77777777
1438 2406 1567 2465 Hebraei·
1603 2410 1638 2465 In
1656 2410 1728 2466 717777
1746 2429 1805 2468 7777·

110 2496 297 2552 illustrandas
323 2502 359 2553 de
386 2500 626 2569 manifestioribus
651 2508 795 2554 sumantur
822 2502 946 2571 exempla
973 2489 1088 2543 7777777777
1112 2491 1200 2546 multa
1221 2509 1254 2548 0¹
1279 2493 1407 2564 1777773717
1430 2493 1593 2550 adduximus
1612 2498 1805 2555 88811818-

110 2591 138 2636 et
155 2585 294 2653 maedam
318 2594 457 2640 certarum
474 2587 674 2640 sententiarum
692 2587 851 2640 testimonia
869 2587 945 2639 (18811-
974 2581 1042 2644 terp.
1068 2573 1166 2648 37771778
1193 2574 1219 2652 ξ
1241 2586 1303 2648 lilii,
1331 2579 1432 2653 quibus
1458 2580 1527 2636 haec
1544 2581 1661 2656 adjungi
1677 2591 1805 2655 possunt:
1842 2624 1845 2645 ι

110 2672 244 2724 tationem
270 2672 304 2725 de
327 2673 440 2726 incertis
465 2675 606 2740 auferant.
649 2672 695 2727 Ad
717 2673 791 2728 hunc
813 2690 945 2728 canonem
973 2658 1044 2715 77777·
1066 2661 1113 2716 7777·
1135 2670 1156 2719 7·
1181 2681 1203 2718 7·
1227 2670 1249 2719 7·
1276 2671 1363 2735 17777·
1385 2665 1806 2727 7777777777717777777777777777

110 2755 250 2827 pertinent
267 2757 380 2830 regulae
401 2758 436 2814 (10
455 2758 601 2814 conatione
620 2759 742 2813 locorum
762 2759 927 2828 smmum
973 2747 1807 2857 8188885118’1788881118881καὶτόνε1ρμόνιῶ88ραφῶ8

60 2850 98 2891 tn
146 2847 204 2898 531
227 2847 248 2895 l.
272 2845 307 2896 ln
327 2843 491 2914 Scripturas
507 2846 735 2916 interpretatione
754 2847 850 2899 natica
867 2863 946 2899 roco·
973 2841 1002 2888 77
1026 2835 1126 2889 77777777
1151 2835 1366 2905 sublimarunt
1390 2858 1437 2909 ac,
1462 2851 1593 2912 9888818888
1618 2844 1648 2897 in
1671 2845 1742 2913 118818
1759 2853 1806 2914 881,

60 2913 239 2983 ΙΙ1818888888
261 2929 430 2997 siqnificatio
448 2938 474 2983 et
488 2931 637 2999 piracium
656 2932 741 2985 idiot
717 2933 795 2986 tssmi
811 2950 843 2985 eu
861 2932 946 2998 oripi·
975 2922 1129 2976 (7777777777
1157 2925 1279 2979 7777777777
1308 2928 1452 2994 7777777778·
1481 2931 1656 2996 77777717777777
1682 2933 1755 2985 7777777
1779 2939 1807 2985 77

59 3015 175 3096 ,nali
192 3016 290 3114 linpaa
308 3017 458 3086 dilipeuter
476 3019 599 3087 emeandi,
618 3018 746 3072 videlicet
760 3037 792 3071 cs
806 3026 879 3071 18818
890 3020 946 3071 Η8-
973 3010 1178 3074 7777717777777
1196 3020 1230 3080 77,
1248 3014 1312 3065 7777777
1332 3014 1417 3067 7777777
1433 3033 1465 3068 77
1483 3017 1685 3086 777717777778
1704 3017 1806 3071 77777777

61 3119 98 3148 nm
112 3100 239 3155 bruco
228 3121 256 3154 sn
287 3102 377 3155 Veteri
406 3111 431 3156 et
460 3102 611 3158 Graeco
598 3123 627 3156 su
655 3105 734 3158 Novo
765 3094 1081 3160 Τ881888881ο.ί’777777777
1104 3097 1245 3166 7717777777
1266 3101 1339 3154 7777777
1363 3110 1510 3170 7777177777
1528 3120 1560 3156 77
1577 3104 1661 3156 7777777
1679 3104 1805 3170 Domini,

60 3162 267 3250 ,11.¹⁰¹Deducitur
290 3187 335 3244 hic
359 3206 448 3243 canon
469 3207 502 3246 ex
523 3190 669 3263 hypothesi
691 3191 816 3262 superius
835 3192 946 3246 demon·
974 3198 1045 3250 1777
1067 3199 1098 3234 77
1099 3199 1148 3235 777
1149 3200 1159 3235 7
1185 3201 1235 3236 7777
1259 3189 1477 3241 7777777777777·
1518 3188 1754 3251 (177777768077777
1779 3208 1806 3245 77

60 3274 96 3303 77·
110 3278 205 3342 818818,
227 3275 302 3345 quod
319 3275 394 3330 solus
410 3282 500 3331 textus
517 3276 663 3332 Hebraeus
683 3277 758 3333 inV
777 3282 804 3332 et
822 3276 947 3333 Graecus
974 3269 1207 3338 177717377777
1234 3271 1309 3338 77177
1330 3273 1478 3342 7777177777
1499 3276 1633 3343 1777777777
1661 3276 1806 3345 77177ἄί7777

111 3357 231 3416 inum
250 3359 286 3414 sit
304 3360 487 3416 authenticus
516 3360 586 3417 Cum
606 3363 679 3419 enim
698 3363 816 3434 Spiritus
834 3369 945 3418 sanctus
974 3355 1009 3407 77
1035 3356 1143 3423 77771777
1169 3358 1296 3426 sapiente
1323 3368 1510 3414 constructam
1537 3362 1686 3432 8118881881,
1713 3364 1805 3423 deuse

110 3445 187 3500 verbi
211 3445 297 3500 divini
315 3447 471 3518 mysteria'
464 3466 493 3502 rn
511 3448 566 3503 illis
584 3450 687 3521 linguis
704 3456 836 3505 annotare
853 3450 945 3505 volue-
973 3441 1222 3512 77777731777777,
1243 3461 1327 3513 worn
1344 3447 1394 3501 ille
1411 3455 1560 3517 statuerat,
1588 3456 1671 3537 atque
1687 3450 1805 3519 lapillos

110 3531 158 3599 rit,
181 3531 244 3587 ideo
268 3532 350 3587 edam
369 3531 488 3604 Spiritus
505 3536 594 3590 sancti
612 3536 749 3591 sententia
768 3554 800 3591 ex
818 3536 945 3608 originali
972 3528 1040 3581 77777
1057 3530 1227 3599 7777717777,
1255 3532 1354 3601 quibus
1381 3535 1489 3602 efficiat
1505 3518 1635 3603 sumam
1661 3538 1740 3592 oanis
1757 3545 1807 3593 on

109 3623 187 3673 textu
212 3618 267 3672 illis
285 3619 388 3718 linguis
403 3621 556 3718 perscripto
575 3627 619 3676 881
635 3622 814 3690 adstruenda,
833 3621 861 3675 id
881 3639 945 3677 vcro
972 3615 1079 3684 77811718,
1098 3633 1183 3684 pam
1200 3619 1284 3673 ctiam
1301 3621 1375 3675 male
1393 3629 1497 3690 818881,
1518 3632 1620 3692 posteo
1636 3626 1753 3692 defirsiat
1771 3645 1806 3682 ac
1897 3690 1900 3695 J

109 3702 169 3759 fleri
195 3705 303 3776 nequit,
329 3706 382 3760 nisi
407 3707 462 3760 vim
485 3708 631 3763 verborum
650 3716 679 3763 ct
693 3707 835 3778 phrasium
853 3709 945 3780 cogni·
973 3703 1063 3770 (17187,
1091 3703 1162 3758 lanc
1186 3721 1244 3759 osse
1265 3707 1418 3775 pulchram
1441 3709 1523 3763 111888
1546 3711 1622 3778 repes
1648 3713 1805 3781 insomnem,

108 3798 166 3846 tam
183 3790 342 3847 babeamus.
381 3793 502 3848 Basilius
522 3794 569 3849 lib.
589 3794 623 3850 de
641 3793 746 3866 Spiritu
763 3799 859 3849 sancto
879 3812 901 3848 c.
923 3800 943 3850 1.
972 3805 1056 3856 uuam
1072 3790 1185 3858 77877787
1203 3793 1308 3860 artesae
1325 3802 1532 3865 construerent,
1558 3799 1677 3853 88188818
1695 3799 1806 3869 lapillis

104 3878 188 3951 jubet
206 3877 302 3932 81818
322 3878 422 3953 ἑκάστῃ
434 3885 503 3944 λέξει
520 3885 566 3934 ιιαὶ
579 3882 701 3956 συλλαβῇ
712 3883 781 3935 νοῦν
792 3886 945 3955 eruperunt·
971 3875 1039 3944 illis,
1058 3877 1108 3944 qui
1120 3878 1248 3946 aprino
1267 3881 1374 3945 artifice
1387 3882 1506 3950 pulchre
1526 3885 1672 3953 compositi
1682 3887 1806 3951 sumant

110 3983 160 4016 ror
178 3966 345 4034 ἐξιχνεῦσαι,
368 3965 463 4020 addita
482 3966 535 4021 hac
554 3966 675 4034 ratione,
695 3967 762 4038 quia
781 3967 946 4037 Scripturas
971 3961 1001 4015 777
1018 3963 1094 4032 reolo
1112 3964 1269 4033 eumenen,
1285 3966 1358 4021 male
1377 3984 1442 4024 otro
1461 3971 1630 4025 translatio
1645 3974 1804 4039 posteriore

61 4064 96 4107 81.
108 4069 210 4121 scopus
232 4060 285 4120 est,
307 4061 336 4105 81
356 4055 420 4105 1)8ο
444 4052 550 4107 similes
569 4054 734 4123 evadamus,
759 4055 945 4108 1888881881ἰί-
971 4050 1001 4102 iu
1027 4050 1152 4112 immam
1178 4053 1257 4106 177777
1286 4070 1321 4106 aa
1344 4071 1400 4122 per
1426 4055 1611 4124 plantarium
1638 4057 1804 4128 lapillorum

108 4139 177 4195 tado
198 4140 259 4193 siae
275 4140 392 4194 88188118
412 4158 468 4193 non
486 4140 624 4208 consistit,
651 4149 681 4193 at
698 4141 802 4208 γνῶσις
820 4142 850 4195 ie
868 4142 944 4195 ‹lilo-
971 4142 1062 4190 887878
1076 4137 1169 4202 fallat
1188 4138 1339 4207 ieiunitas,
1358 4141 1406 4208 qai
1419 4142 1518 4210 reniae
1527 4144 1647 4209 formas
1664 4146 1803 4199 notionem

107 4227 202 4299 ypoir,
217 4225 278 4296 jam
296 4225 477 4286 διδασκαλίας
492 4223 562 4299 ἀρχὴ
580 4226 669 4297 λόγος,
688 4226 773 4298 λόγου
792 4231 862 4300 μέρη
881 4230 944 4279 oul-
971 4240 1026 4275 nou
1049 4223 1163 4292 inunt,
1202 4227 1427 4296 persuadeatque
1455 4229 1528 4283 banc
1550 4238 1660 4298 turpem
1676 4231 1802 4298 uelpscu

107 4312 254 4380 18881881
272 4313 363 4374 λέξεις.
971 4307 1017 4361 tae
1039 4310 1165 4372 sumam
1187 4326 1246 4364 esse
1263 4312 1414 4379 pulchram
1437 4314 1519 4368 iliam
1532 4316 1693 4383 imapiucm
1717 4316 1801 4384 repis.

60 4411 81 4490 ,¹-
143 4402 202 4453 535.
227 4402 253 4450 5.
275 4397 372 4451 0888818
393 4397 557 4466 Scripmmc
574 4398 768 4468 interpretatio
789 4399 868 4453 debet
885 4414 943 4453 esse
971 4394 1079 4449 Eodem
1101 4413 1169 4450 saue
1193 4398 1276 4450 modo
1300 4398 1331 4452 tu·
1355 4402 1551 4454 consarcinant
1565 4401 1689 4467 fabulas
1706 4403 1802 4457 anca

103 4484 242 4554 propria,
268 4500 355 4552 uepres
379 4502 397 4537 a
416 4484 549 4538 literam
559 4486 634 4553 fidei
651 4485 781 4545 articulis
802 4485 942 4539 disceden-
970 4480 1077 4551 188888,
1100 4483 1198 4550 qubus
1211 4492 1313 4551 postca
1330 4487 1427 4555 88818,
1452 4489 1587 4543 slictioues
1606 4496 1631 4541 et
1644 4488 1802 4557 parabolas

60 4562 93 4592 '⁰'
107 4571 188 4639 duro,
215 4571 273 4624 assi
297 4572 362 4640 ipsa
392 4571 542 4639 Scriptura
560 4573 687 4626 ostendat
705 4572 943 4641 improprietatem
969 4568 1114 4622 hincinde
1129 4570 1238 4624 8881888
1257 4571 1403 4639 applicant
1421 4580 1447 4626 et
1459 4573 1573 4639 sabulis
1588 4575 1648 4630 suis
1661 4576 1803 4642 adaptare

60 4611 86 4697 77·
106 4674 223 4727 samara
240 4665 367 4727 espouot.
391 4657 547 4712 Deducitur
563 4657 609 4712 hic
627 4673 716 4712 canon
728 4675 760 4713 ex
768 4659 943 4725 perfectione
969 4655 1065 4708 colant
1091 4655 1205 4722 eloquia
1226 4657 1293 4711 Dei.
1327 4657 1499 4713 771731888888
1520 4659 1598 4715 Alex.
1623 4659 1670 4716 lib.
1691 4667 1801 4717 1888

107 4749 137 4800 81
170 4745 369 4814 numantina
399 4743 558 4815 Scripturas
589 4744 715 4813 superius
747 4744 941 4798 demonstrata.
968 4750 1033 4796 mat.
1058 4738 1253 4797 connexionem
1276 4744 1499 4800 antecedentium
1523 4751 1553 4800 ct
1576 4746 1801 4817 consequentium

106 4829 192 4896 Quod
214 4830 237 4884 si
261 4829 334 4886 enim
357 4830 500 4900 Scriptura
518 4845 598 4883 sacra
614 4828 680 4884 fidei
697 4829 828 4884 articulos
845 4829 882 4883 ad
900 4846 942 4883 sa·
969 4836 1050 4883 vocat
1074 4825 1105 4880 rb
1133 4827 1205 4900 ὕφος
1229 4834 1276 4884 καὶ
1303 4830 1333 4884 τὸ
1364 4833 1445 4904 σῶμα
1475 4837 1521 4899 τῆς
1543 4839 1713 4905 προφητείας
1737 4851 1801 4887 ccu-

106 4915 195 4972 lutem
213 4916 339 4971 omnibus
357 4916 429 4971 scitu
444 4916 614 4973 necessarios
631 4915 725 4970 verbis
742 4914 825 4970 claris
842 4921 950 4993 siper-¹
969 4923 1070 4969 tentum
1088 4923 1114 4968 ct
1133 4932 1234 4984 corpus
1253 4917 1430 4985 prophetias.
1464 4917 1653 4974 'lbeodoretus
1678 4919 1707 4974 in
1726 4918 1800 4991 Opu-

107 5002 213 5072 spicuis
240 5004 365 5074 exponit,
393 5005 488 5074 utique
516 5003 599 5057 etiam
624 5019 640 5056 a
665 5001 764 5056 literali
785 5008 814 5055 ct
830 5001 941 5072 proprio
969 5001 1053 5054 sculis
1078 5006 1174 5055 contra
1197 5002 1288 5057 varius
1305 5003 1445 5071 haereses,
1470 5020 1542 5074 quas
1560 5005 1671 5060 suntin
1691 5012 1714 5061 2.
1735 5013 1799 5061 tour.

107 5089 254 5144 verborum
279 5107 363 5144 seusu
385 5091 413 5145 iu
438 5089 503 5144 fidei
527 5088 648 5143 articulis
666 5106 721 5142 nou
741 5094 783 5142 est
800 5087 941 5143 disceden-
969 5087 1125 5147 Atbuuasii.
1153 5090 1291 5157 inpenium
1317 5091 1517 5143 baereticorum
1540 5090 1608 5145 dicit
1629 5109 1697 5163 csse,
1726 5096 1802 5163 quod

107 5175 188 5241 dum,
215 5175 283 5230 81188
308 5182 368 5231 tota
393 5176 538 5247 Scriptura
562 5175 726 5232 redderetur
750 5174 835 5229 dubia
858 5183 885 5231 ct
902 5175 942 5229 in·
968 5175 1016 5229 uir
1040 5175 1147 5229 ononis
1169 5181 1212 5227 881
1237 5175 1285 5242 τὴν
1303 5182 1403 5244 χρείαν
1429 5175 1663 5250 παραγράφονται
1687 5197 1800 5248 scopum

106 5269 191 5328 certa,
210 5278 261 5316 nec
278 5270 408 5317 constans
425 5264 520 5336 aliqua
537 5264 572 5318 de
589 5261 712 5316 articulis
727 5260 791 5316 fidei
807 5262 942 5317 sententia
968 5271 994 5314 et
1013 5280 1092 5315 usum
1111 5261 1284 5331 Scripturas,
1302 5264 1381 5331 cujus
1399 5265 1677 5319 demonstrationibus
1695 5285 1724 5321 se
1738 5285 1799 5321 con-

105 5363 139 5402 ex
162 5346 212 5401 ills
237 5356 331 5417 posset
349 5350 407 5403 erui
414 5389 422 5416 ,
449 5350 472 5403 si
497 5349 612 5404 cuilibet
628 5347 735 5402 licitum
755 5353 827 5402 esset
844 5364 861 5401 a
877 5365 941 5419 pro·
967 5349 1070 5417 strinqi
1091 5349 1196 5417 oiclent,
1220 5357 1361 5418 8888888881,
1386 5351 1494 5422 γυμνόν
1515 5371 1539 5403 τι
1566 5352 1648 5426 ῥητὸν
1666 5353 1735 5426 πρὸς
1754 5353 1801 5422 τὴν

104 5433 225 5506 prietate
243 5433 337 5490 literas
355 5435 383 5488 in
401 5434 466 5489 fidei
488 5435 611 5490 articulis
630 5434 767 5489 recedere.
799 5432 827 5486 18
845 5451 941 5489 sensus
968 5438 1043 5489 11188
1069 5439 1225 5507 1γχείρηοιν
1248 5434 1411 5503 incientis
1433 5441 1478 5501 τῆς
1497 5441 1600 5501 οἰκείας
1618 5439 1800 5501 ἀκολουθείας

104 5519 192 5575 dubio
215 5522 313 5590 procul
337 5529 380 5576 est
399 5538 417 5576 a
433 5520 538 5592 Spiritu
561 5532 657 5579 sancto
676 5522 817 5587 utentur,
841 5522 941 5592 quiex
966 5525 1072 5578 nudum
1096 5523 1215 5592 aliquod
1237 5524 1351 5594 effctmn
1375 5526 1409 5578 ds
1432 5527 1554 5593 pennino
1574 5529 1711 5583 orationis
1729 5528 1800 5581 serie
