3984 6022
695 275 746 331 nn
765 271 1202 331 urrunsrunotoorss.
1783 295 1801 351 5

98 432 173 505 quod
193 432 313 490 exterius
337 432 490 504 profertur:
521 432 606 504 idque
632 431 731 488 iterum
756 431 860 501 duplex
883 434 933 495 cst,
968 434 996 481 ct
1013 427 1133 486 vicissim
1153 432 1286 504 quicquid
1305 432 1508 506 illiscongruit‚
1526 441 1630 492 cadum
1650 443 1677 493 et
1696 437 1805 493 firmum

95 521 140 577 rel
160 521 236 576 enim
255 538 303 578 ore
319 522 458 595 profertur
474 540 508 578 ac
528 523 649 578 internas
666 521 766 577 mentis
791 518 934 592 cogitatio·
971 535 1033 576 esse
1056 537 1151 575 omnes
1170 527 1301 576 statuant
1338 519 1423 578 Arist.
1443 528 1472 591 t,
1495 529 1565 594 post.
1589 542 1613 579 c.
1633 531 1658 581 2.
1693 525 1733 581 At
1753 525 1806 582 bae

96 627 145 666 nes
163 606 329 673 ἇπεικονίζει
347 610 392 664 vel
409 609 439 664 in
456 611 553 667 charta
571 610 739 681 descriptum
755 615 858 672 exstat,
877 608 933 663 ivre
969 606 1153 678 proprietates
1179 624 1274 664 omnes
1300 613 1330 664 et
1354 608 1481 682 singulae
1506 614 1675 669 conveniunt
1701 613 1805 686 scripto

101 703 156 780 pla
167 700 200 758 rel
215 704 247 758 ir
263 704 296 778 τῇ
309 705 392 778 φωνῇ
406 703 461 756 τῶν
480 703 511 757 iv
528 703 559 777 τῇ
578 701 654 774 ψυχῇ
671 697 847 769 παθημάτων
866 696 934 766 σύμ·
970 698 1025 756 Dei
1036 702 1130 772 serbo,
1147 710 1175 759 et
1187 704 1298 776 quidem
1317 707 1377 772 soli,
1393 715 1427 763 nt
1443 708 1471 762 in
1489 708 1606 766 amiculo
1616 712 1652 767 de
1663 711 1806 782 Scriptura

101 795 168 861 pola
187 794 234 844 rat
253 786 467 864 ripparpipevu
484 791 540 845 ruia
553 788 735 864 irrigavi,
755 786 795 841 ait
812 783 936 840 Philoso-
970 785 1052 842 latius
1077 789 1320 847 demonstrabitur.
1354 793 1430 866 Ergo
1454 796 1587 867 scriptum
1611 799 1666 855 Dei
1689 798 1805 856 verbum

98 878 184 953 phur,
204 880 269 950 arpi
285 879 432 952 ἑρμηνείας
450 895 473 933 ο.
496 883 518 933 l.
555 877 602 933 Sic
620 875 697 956 Deus
716 873 752 928 ad
772 875 851 944 eujus
869 871 936 925 ima·
969 882 1011 931 est
1027 875 1119 946 μόνον
1136 881 1183 931 snt
1200 883 1305 935 streton
1324 879 1479 954 theologiae
1497 884 1672 956 principium

100 967 192 1041 ginem
208 965 292 1022 homo
308 964 400 1021 iactus
417 971 468 1034 est,
486 964 581 1019 itidem
600 962 702 1033 duplex
721 960 806 1016 babet
822 958 936 1014 verbum
1005 969 1046 1020 tt.
1077 963 1227 1022 Annotabo
1245 967 1297 1023 bac
1320 969 1356 1023 de
1372 986 1402 1025 re
1427 971 1541 1042 egregia
1561 971 1637 1028 dicta
1654 971 1758 1044 Lyrani
1777 979 1806 1030 et

104 1061 126 1113 1.
144 1055 283 1108 numan
303 1061 329 1106 et
347 1060 501 1122 aetnnrrn,
529 1050 603 1123 qnod
624 1067 657 1104 ex
677 1048 765 1120 ipsius
783 1044 938 1102 substantia
969 1049 1096 1107 Thomas
1119 1053 1284 1125 Aquinatis,
1317 1074 1389 1129 quae
1418 1064 1514 1114 contra
1531 1059 1691 1115 Pontificios
1718 1059 1805 1131 probe

102 1141 140 1198 ab
156 1141 230 1196 omni
249 1140 411 1196 aeternitate
430 1144 473 1194 est
496 1137 634 1210 genitum,
658 1136 732 1208 quod
760 1141 801 1189 est
824 1133 938 1190 verbum
970 1140 1093 1194 notanda
1117 1146 1146 1195 et
1168 1158 1262 1212 presse
1289 1145 1422 1215 urgenda.
1462 1146 1593 1202 Nicolans
1622 1146 1750 1218 Lyranus
1776 1147 1806 1203 in

101 1225 235 1290 οὐσιῶδες
251 1232 297 1282 ant
315 1224 507 1295 inorrnrsrdv,
524 1242 580 1297 qno
596 1225 657 1294 ipso
676 1239 695 1277 a
714 1221 798 1278 verbo
821 1217 939 1274 hominis
970 1225 1056 1295 praef,
1084 1243 1179 1283 comm,
1208 1246 1292 1300 nuper
1318 1230 1435 1286 mim
1462 1233 1502 1288 ,50
1530 1233 1639 1288 mibi„
1675 1233 1755 1289 sgfflg
1775 1236 1805 1289 ,·„

103 1314 263 1388 longissimo
279 1312 426 1369 tutemus
444 1312 638 1385 diatinguitnr3
668 1317 691 1366 i.
711 1319 938 1377 ertemum,q¹10
971 1314 1119 1384 scripturis
1146 1316 1352 1387 philosophicis
1374 1321 1478 1373 veritae
1496 1321 1670 1388 capnoacitur
1683 1338 1738 1392 per
1762 1338 1805 1376 re·

98 1403 128 1458 ln
146 1407 270 1473 tempora
287 1399 411 1455 homines
429 1399 590 1472 alloquitur,
615 1405 643 1453 et
668 1397 781 1469 quidem
805 1404 864 1451 tum
889 1409 939 1464 ptr
971 1402 1127 1456 ductionem
1148 1405 1299 1474 adprime
1314 1407 1472 1476 principia,
1491 1416 1693 1478 perrenota:
1712 1408 1755 1461 ito
1774 1409 1805 1462 in

100 1489 225 1546 afflatum
245 1488 304 1543 Sile
320 1485 528 1558 lnlplrssllonem
546 1485 694 1543 internam.
719 1500 791 1555 qliae
817 1478 935 1551 comple·
968 1489 1117 1560 scripturis
1146 1509 1165 1544 a
1196 1492 1341 1546 patholim'g
1367 1495 1446 1559 ΠΒ,
1480 1495 1593 1548 traditig
1622 1496 1804 1565 goymgcp'mr,

98 1576 183 1633 ulitur
210 1574 399 1630 immedifflm
431 1573 590 1642 irreptum
620 1579 678 1626 lum
710 1588 759 1642 per
785 1585 937 1626 sermonem
969 1585 1102 1646 quorun
1121 1580 1164 1631 ad
1181 1595 1224 1645 ev,
1242 1597 1314 1649 quae
1331 1581 1804 1653 auntfidetenendaperreductia·

97 1669 251 1731 externum,
268 1661 442 1733 eundemque
460 1661 504 1716 vel
522 1660 682 1715 immediate
700 1659 745 1713 vel
757 1658 876 1714 mediate
888 1673 938 1727 per
967 1681 1028 1716 nens
1049 1665 1090 1716 vd
1107 1663 1270 1734 Scriptum
1288 1668 1447 1736 conannas,
1466 1685 1538 1738 qvae
1556 1677 1619 1723 nint
1642 1670 1752 1740 inlitae
1772 1688 1804 1726 ra

99 1749 214 1823 angelos
235 1755 264 1804 et
280 1747 405 1804 homines
423 1765 488 1803 snos
506 1762 656 1818 praecones
676 1752 705 1802 et
719 1745 858 1800 ministros
878 1760 938 1813 pro-
969 1749 1067 1804 divina
1085 1751 1271 1821 revelatione,
1301 1754 1348 1806 vui
1372 1754 1453 1807 nssllo
1480 1757 1563 1808 modo
1585 1764 1675 1825 potest
1697 1759 1805 1813 natan

98 1837 200 1905 latum
226 1835 273 1890 rel
299 1834 328 1890 in
348 1834 505 1904 Scripturas
530 1835 692 1902 redactum,
720 1833 795 1904 qnod
824 1838 939 1887 vocatur
966 1837 1082 1903 falsum
1118 1835 1238 1892 Thomas
1256 1857 1283 1910 p.
1305 1845 1332 1909 t,
1357 1858 1382 1911 q.
1404 1847 1431 1910 1,
1452 1847 1502 1895 art.
1523 1845 1553 1906 8,
1577 1859 1648 1913 resp.
1668 1842 1705 1898 ad
1725 1850 1748 1901 2.
1763 1845 1804 1901 nie

96 1923 214 1980 verbnm
232 1920 287 1977 Dei
304 1919 437 1992 scriptum
458 1920 515 1976 sive
530 1919 673 1991 Scriptura
692 1936 778 1975 saera.
817 1919 872 1975 Sed
886 1918 938 1973 hae
969 1924 1091 1980 disserit:
1109 1925 1312 1995 Arpumentari
1329 1945 1361 1981 aa
1378 1930 1546 2000 ancwritate
1558 1939 1600 1984 est
1610 1932 1728 1986 maxime
1735 1950 1803 2002 pro·

96 2009 290 2066 distincfimes
310 2023 363 2062 non
382 2007 491 2063 iaciunt
515 2005 690 2062 essentialem
712 2005 834 2078 aliquam
859 2003 938 2058 diffe·
964 2012 1060 2083 priam
1078 2012 1249 2082 theologiae,
1275 2031 1306 2068 eo
1324 2017 1402 2084 quod
1415 2016 1562 2086 principia
1582 2017 1643 2084 ejus
1656 2035 1711 2087 per
1729 2035 1803 2072 rm.

96 2096 214 2153 rentiam
234 2096 307 2150 inter
326 2093 442 2149 verbum
454 2092 508 2148 Dei
521 2091 678 2149 hominibus
696 2091 938 2154 communicatum,
968 2099 1099 2153 ationem
1117 2100 1252 2153 trahentur
1270 2109 1296 2153 ee
1316 2101 1357 2154 01¹0
1377 2109 1484 2171 npnrree
1500 2109 1531 2156 nr
1547 2105 1680 2157 nodatur
1699 2106 1802 2159 anan-

97 2183 270 2239 adieram
282 2181 428 2236 distinctos
441 2179 698 2236 communicationis
717 2185 746 2233 et
762 2176 938 2233 revelationis
967 2186 1143 2252 enatemus,
1171 2186 1269 2255 quidm
1292 2187 1426 2240 revelatio
1438 2188 1526 2254 jacta
1549 2197 1596 2243 eat.
1633 2191 1729 2260 Neque
1752 2192 1803 2245 loe

97 2270 196 2326 modos
213 2269 380 2340 exprimunt.
405 2267 499 2324 Unum
520 2267 593 2321 enim
613 2265 742 2336 idemque
754 2264 807 2319 Dei
825 2265 939 2320 verbum
966 2274 1085 2340 deroga
1103 2272 1236 2341 dipnitati
1252 2272 1337 2341 lrrjm
1354 2273 1506 2327 Marinae.
1547 2277 1624 2329 Nam
1644 2276 1709 2330 licet
1726 2278 1803 2332 lacere

94 2372 131 2411 ιο
148 2355 296 2413 consilinm
314 2356 349 2411 de
366 2355 456 2410 salute
467 2359 563 2409 nostm
581 2359 631 2417 est,
648 2352 723 2424 quod
740 2351 892 2407 revelatum
911 2357 940 2405 et
966 2359 1190 2422 aeneatorum,
1210 2376 1282 2428 qnae
1293 2360 1441 2426 fundatur
1455 2362 1659 2430 aparatione
1670 2363 1802 2427 lamara,

95 2443 332 2500 communicatum
356 2441 411 2497 fuit
440 2440 582 2514 prophetis
607 2446 635 2494 et
660 2439 792 2511 apostolis
815 2454 865 2509 per
890 2436 938 2491 lm·
965 2445 1002 2497 rit
1018 2445 1236 2514 iufirmsaaimus:
1264 2445 1341 2498 loeus
1359 2453 1450 2498 tamen
1471 2447 1506 2499 ab
1523 2449 1706 2514 auctodtate,
1730 2470 1803 2521 quae

93 2530 249 2586 mediatam
261 2528 489 2584 illuminationem
508 2534 537 2583 vt
550 2527 772 2598 inspirationem
791 2525 854 2589 illis,
866 2542 935 2597 quos
965 2532 1106 2595 fundatur
1132 2549 1216 2601 svper
1241 2533 1408 2586 revelatione
1432 2532 1542 2598 annm,
1569 2543 1609 2588 eet
1637 2536 1801 2607 efficacissi-

94 2617 251 2693 prnpbatac
278 2623 307 2672 ct
333 2616 451 2688 apostoli
475 2617 504 2671 in
526 2615 570 2670 his
593 2615 671 2669 terris
700 2613 792 2669 adhuc
813 2613 937 2668 viventes
966 2637 1034 2672 mera.
1088 2619 1179 2672 Utitur
1204 2628 1295 2674 tamen
1320 2638 1405 2674 saera
1431 2619 1560 2674 doctrina
1585 2621 1670 2675 enam
1691 2624 1802 2678 ratione

60 2707 263 2769 a'docuerunt,
281 2720 331 2776 per
347 2703 428 2757 virae
440 2702 516 2758 vocis
527 2700 778 2772 praedicationem,
796 2699 876 2754 nobis
887 2716 937 2771 por
966 2706 1097 2772 larnano,
1119 2723 1173 2760 non
1187 2707 1299 2776 pridem
1317 2710 1358 2761 ud
1366 2709 1546 2777 metandam
1552 2708 1649 2778 fidem,
1669 2711 1737 2780 puio
1749 2727 1802 2782 per

97 2793 259 2866 scripturae
272 2791 419 2846 lectionem
436 2796 464 2842 et
485 2787 692 2843 meditationem
713 2786 796 2840 bodio
815 2803 935 2841 commu·
965 2792 1016 2846 hoo
1035 2791 1179 2846 tolleretur
1197 2793 1323 2846 meritam
1333 2793 1415 2860 fidei,
1432 2795 1484 2845 acet
1502 2795 1543 2848 ad
1560 2795 1801 2863 manifestandum

91 2881 212 2938 piatur.
967 2879 1074 2948 alr'pua,
1096 2896 1167 2948 prae
1188 2881 1340 2933 traduntur
1359 2879 1389 2932 in
1408 2880 1461 2933 hae
1481 2881 1620 2936 doctrina.
1661 2883 1728 2938 clun
1749 2883 1801 2953 ipi-

135 2974 173 3025 19.
214 2965 257 3021 Ex
282 2980 315 3020 eo
342 2965 545 3038 nopsupaseauls·
572 2959 744 3032 colligimus,
770 2959 936 3032 principium
964 2973 1011 3019 tor
1027 2965 1124 3034 pratia
1143 2983 1198 3018 non
1215 2966 1299 3019 tollat
1311 2972 1455 3032 naturam,
1473 2968 1525 3019 sed
1532 2968 1675 3038 perficiat,
1694 2976 1801 3039 oportet

96 3054 270 3128 theologiae,
284 3049 503 3123 supernaturalis
521 3049 722 3120 adaequatum,
749 3051 777 3103 et
794 3046 936 3118 proprium
963 3060 993 3105 ut
1011 3052 1153 3106 naturalis
1170 3053 1245 3105 ratio
1264 3053 1418 3106 subserviat
1430 3053 1511 3122 fiala,
1528 3054 1599 3106 er'vut
1616 3062 1641 3108 et
1660 3056 1801 3109 nataralia

96 3159 158 3200 esse
176 3140 300 3198 divinam
317 3138 524 3206 revelationem,
537 3151 614 3217 'quae
631 3153 692 3191 cum
711 3134 794 3189 bodie
809 3151 864 3189 non
882 3133 935 3187 nisi
964 3138 1113 3192 inclinatio
1137 3138 1289 3193 voluntatis
1315 3139 1473 3209 obsepiatur
1497 3141 1620 3194 cariati
1671 3143 1712 3195 Et
1735 3143 1801 3198 inde

94 3230 126 3286 in
145 3227 232 3284 sacris
247 3225 349 3296 litatis,
368 3224 395 3280 b.
415 3242 437 3279 e.
456 3225 484 3280 in
496 3223 665 3296 propheticis
679 3222 714 3279 V.
732 3226 760 3276 ct
777 3218 933 3291 apostolicis
963 3233 1010 3294 eat,
1024 3227 1101 3294 quod
1112 3226 1658 3296 auctoritatilusplilovoplrorumaaern
1670 3229 1799 3284 doetrim

95 3315 172 3376 tar.
181 3315 261 3372 unns
273 3314 413 3386 descripta
424 3319 522 3383 exstet,
531 3312 597 3367 inde
606 3311 741 3381 scriptum
749 3307 803 3363 Dei
812 3306 935 3371 verbum,
962 3313 1058 3378 ruitur,
1075 3312 1125 3364 nbi
1140 3328 1193 3381 per
1209 3312 1346 3366 rationem
1364 3313 1522 3366 naturalem
1541 3313 1684 3368 veritatem
1699 3332 1798 3384 capno·

94 3404 155 3462 sira
172 3402 249 3477 quod
267 3402 341 3457 idem
361 3408 410 3466 est,
429 3400 600 3471 scripturam
619 3413 724 3452 sacram
744 3395 862 3450 dicimus
875 3410 934 3448 csse
963 3405 1204 3468 eenepotuerunt,
1222 3405 1252 3450 ut
1271 3400 1333 3452 Act.
1349 3403 1380 3452 17
1399 3402 1451 3452 sed
1468 3408 1655 3454 tameneacra
1667 3401 1799 3455 doctr-m

95 3495 211 3553 micum
242 3498 270 3547 et
298 3488 439 3562 proprium
469 3486 625 3558 theologiae
658 3483 832 3555 principium.
880 3479 935 3537 Ubi
964 3486 1127 3555 hujusmodi
1144 3485 1358 3539 nrrctorr‘tatibus
1370 3488 1458 3540 utitrrv
1470 3488 1553 3557 prasi
1565 3489 1704 3542 extraneis
1715 3506 1798 3556 orpu-

95 3593 191 3642 umen
209 3576 428 3641 observandum,
445 3593 499 3631 non
518 3576 553 3627 ele
572 3570 762 3639 snns‹1i‚sed
781 3572 817 3622 rie
837 3587 935 3638 capno·
964 3574 1062 3627 mentr's
1080 3581 1106 3626 ct
1128 3572 1331 3642 probabilibus.
1368 3573 1589 3627 Auctoritatihue
1607 3583 1698 3629 autern
1716 3592 1798 3630 cano·

95 3664 348 3740 maiprinvtptv
362 3663 408 3717 hic
422 3663 477 3734 agi.
498 3661 574 3716 Dens
586 3665 629 3714 est
640 3658 806 3729 principium
819 3655 935 3724 essendi,
964 3662 1045 3714 aione
1063 3659 1228 3729 Scripturas
1246 3660 1333 3712 utitur
1352 3661 1470 3729 proprie
1488 3677 1520 3713 ra
1537 3662 1699 3715 neceesitata
1715 3679 1798 3731 arpa·

98 3766 129 3818 et
144 3772 231 3815 unsa
248 3751 407 3823 theologiae
426 3749 529 3821 prima,
556 3747 659 3820 quippe
677 3762 693 3798 a
712 3761 769 3817 quo
788 3749 816 3798 et
832 3742 894 3797 finis
909 3752 937 3798 ct
964 3750 1120 3815 montaneis,
1140 3747 1353 3801 auctoriatilva
1366 3747 1592 3801 aertemaliorum
1602 3750 1746 3802 doctorum
1757 3765 1798 3802 ec·

99 3846 195 3903 media
211 3843 346 3905 eduntur,
364 3838 414 3894 sed
431 3835 596 3910 principium
609 3831 794 3905 cognoscendi
811 3831 839 3884 in
859 3830 935 3886 thcc-
964 3835 1067 3889 etesiae
1084 3837 1168 3905 quarn
1178 3837 1322 3903 arguendo
1341 3851 1374 3888 aa
1386 3836 1523 3904 propriis,
1541 3838 1592 3889 aad
1604 3836 1798 3906 motabiliter.

97 3932 176 4007 logia
193 3928 305 3988 estDel
322 3926 447 3983 terbum.
477 3923 594 3989 Quidem
608 3938 641 3976 ex
654 3919 824 3975 scholasticis
842 3918 935 3990 dispu-
966 3922 1101 3976 Innititur
1118 3922 1191 3975 enim
1203 3922 1279 3992 fides
1298 3930 1396 3976 nostro
1418 3923 1584 3977 revelationi
1605 3923 1750 3993 prophetis
1774 3931 1799 3976 et

99 4027 169 4088 tant
187 4016 319 4076 articulos
337 4014 402 4071 fidei
422 4029 482 4068 esse
493 4009 650 4082 theologiae
662 4006 806 4079 principia.
838 4005 936 4061 Thom.
965 4009 1103 4078 apostolas
1120 4010 1237 4077 foetae,
1269 4010 1319 4078 qui
1340 4008 1489 4062 canonicos
1511 4010 1598 4063 libros
1620 4010 1798 4080 scripserunt,

99 4126 129 4184 p.
142 4116 165 4175 t,
185 4125 212 4180 q.
226 4110 313 4176 l,art
327 4110 350 4159 7.
382 4100 507 4173 Capreol.
526 4116 552 4171 q.
567 4104 578 4154 l
593 4096 700 4168 prolog.
715 4101 766 4151 art.
783 4100 803 4161 l,
821 4091 935 4150 conch-5
965 4113 1020 4149 aon
1039 4104 1129 4149 autem
1148 4095 1326 4161 revelationi,
1342 4096 1370 4148 ei
1386 4096 1533 4164 quaesivit
1550 4096 1619 4149 aliia
1639 4098 1798 4151 doctoribus!

100 4196 151 4253 sed
167 4194 223 4250 illis
241 4196 318 4249 recte
331 4205 361 4245 se
378 4192 522 4261 opponunt
532 4184 631 4256 reliqui
646 4181 698 4237 hoc
710 4187 873 4254 argumento
886 4180 936 4235 usi.
957 4183 1053 4250 faeta.
1088 4181 1174 4236 Hisce
1192 4179 1297 4252 Lyrani
1320 4188 1348 4235 et
1372 4179 1497 4237 Thomas
1521 4182 1703 4252 pronuntiatis
1727 4182 1798 4237 forte

99 4280 274 4353 Principiata
298 4277 328 4332 in
352 4275 446 4348 aliqua
473 4270 623 4343 disciplina
649 4287 704 4324 non
732 4279 848 4339 possunt
877 4283 937 4322 csse
963 4285 1019 4324 non
1033 4267 1168 4323 immerito
1185 4274 1380 4323 annumeratur
1399 4268 1468 4324 illud
1487 4269 1648 4325 Ballarmini
1664 4271 1692 4325 in
1709 4268 1797 4342 praef.

100 4367 227 4442 ejusdem
239 4362 386 4441 principia.
413 4361 469 4418 Sed
482 4358 592 4415 articuli
605 4356 670 4411 lidci
687 4354 936 4427 suntprincipiata,
965 4361 1086 4411 nonnos.
1103 4355 1209 4426 primam
1226 4355 1362 4427 generalis
1379 4356 1432 4411 sub
1450 4355 1539 4411 finem.
1578 4355 1709 4412 Convenit
1727 4360 1798 4411 inter

99 4453 231 4512 videlicet
249 4442 439 4508 concluderes
459 4465 492 4504 er
511 4445 661 4518 Scripturis
680 4442 823 4498 deductae.
861 4441 935 4513 Ergo
964 4450 1058 4497 noser
1082 4459 1174 4496 omnes
1199 4441 1309 4495 crastino
1333 4441 1499 4506 haereticos,
1522 4445 1634 4498 verbum
1658 4446 1718 4500 Dei
1740 4463 1797 4501 ease

99 4558 157 4599 m
173 4539 233 4607 illi,
251 4536 303 4599 aad
319 4537 382 4608 ipsa
400 4534 543 4606 Scriptura
561 4539 603 4588 est
619 4531 730 4587 unicum
748 4537 777 4586 et
795 4530 934 4602 proprium
962 4531 1090 4599 rapulam
1108 4530 1197 4601 fidei,
1226 4545 1258 4583 ea
1278 4547 1335 4599 qua
1357 4530 1392 4584 rie
1415 4531 1588 4600 dopmotilvs
1605 4533 1797 4602 judicandum
1810 4559 1872 4606 Μ

100 4624 260 4700 theologiae
275 4623 450 4696 principium.
962 4617 1006 4684 nt,
1024 4633 1082 4671 esse
1100 4633 1241 4672 commune
1250 4618 1423 4688 principium
1437 4619 1472 4671 ab
1490 4620 1613 4673 emulus
1631 4637 1796 4687 eoncessum,

137 4721 180 4773 20.
208 4712 350 4770 Probatur
367 4709 396 4764 id
416 4707 536 4764 evidenti
562 4705 650 4761 isthoc
673 4708 844 4775 argumento.
884 4703 934 4757 Cui
962 4705 1037 4758 uncle
1063 4713 1227 4774 argumenta
1255 4706 1410 4774 ducantur,
1441 4706 1561 4776 denique
1588 4723 1646 4760 eree
1668 4706 1796 4774 pladim

101 4799 269 4858 messione
289 4813 383 4854 amnes
404 4793 532 4866 principii
556 4792 753 4864 proprietates,
779 4791 871 4846 omnia
895 4807 935 4845 re·
962 4791 1146 4861 spiritualem,
1165 4794 1216 4862 qui
1236 4793 1265 4845 in
1284 4792 1335 4846 lac
1353 4793 1504 4848 certamine
1520 4794 1649 4848 roeuaari
1663 4809 1719 4847 non
1730 4811 1795 4864 pve-

104 4886 214 4963 qnisita,
232 4884 302 4941 illud
320 4883 401 4940 etiam
419 4881 517 4938 merito
531 4879 662 4936 stabsitur
675 4879 848 4952 principium.
871 4880 935 4935 lam
962 4878 1006 4932 sit.
1032 4877 1094 4933 libr.
1117 4884 1127 4933 1
1149 4878 1184 4933 de
1207 4879 1292 4934 verbo
1317 4877 1371 4933 Dei
1396 4897 1420 4935 c.
1444 4887 1467 4935 2.
1508 4880 1606 4934 Sacra
1632 4879 1796 4951 Scriptvrie,

102 4991 167 5032 roro
178 4971 338 5045 Scriptum
359 4984 454 5026 sacram
470 4968 741 5023 conveniuntomnes
760 4967 887 5039 principii
907 4967 935 5023 in
963 4982 1035 5034 orsae
1057 4967 1228 5035 prophetissa
1257 4975 1283 5022 et
1308 4969 1471 5039 apostolieae
1494 4968 1583 5021 literis
1615 4968 1796 5038 continentur,

103 5059 242 5134 theologia
263 5057 454 5132 proprietates.
483 5055 570 5128 Ergo:
610 5055 772 5109 Assumtnm
794 5054 934 5126 probatur.
963 5056 1035 5110 nihil
1058 5064 1097 5111 est
1120 5057 1223 5125 notius,
1247 5056 1321 5111 nilla
1342 5056 1458 5124 vatim,
1482 5064 1512 5109 ut
1529 5056 1719 5111 martimum
1738 5074 1795 5112 esse

104 5146 244 5218 Pr‘meipia
260 5145 290 5202 in
308 5144 433 5218 qualibet
455 5142 604 5215 disciplina
625 5140 728 5197 debent
754 5158 814 5198 esse
840 5146 934 5217 πρῶτα
962 5161 1070 5199 neccaro
1088 5144 1138 5213 eit,
1159 5145 1209 5215 qui
1226 5144 1286 5199 illua
1298 5145 1387 5216 fidem
1405 5143 1561 5199 habandan
1580 5162 1638 5199 esse
1657 5153 1743 5214 repet.

104 5239 146 5289 art
158 5233 259 5310 iprae,
271 5231 370 5301 ἀληθῆ,
381 5227 572 5293 ἀνυπεύθυνα,
584 5226 934 5307 airdnrvrn,ivnsrtppnrs
998 5237 1038 5287 tt.
1066 5230 1184 5297 Quando
1202 5249 1268 5304 ergo
1286 5248 1319 5287 ex
1337 5231 1432 5303 Papae
1458 5231 1591 5296 decretis,
1617 5231 1795 5289 conciliorum

105 5323 147 5375 rat
164 5316 368 5384 ἂναπόδεικια,
391 5319 461 5375 adeo
483 5321 515 5373 ut
538 5315 672 5389 quicquid
694 5315 749 5371 illis
767 5318 935 5386 adversatur,
963 5319 1085 5384 statutis,
1113 5324 1222 5391 patrum
1241 5317 1337 5386 dictis,
1362 5317 1495 5375 ecclesiae
1518 5318 1717 5375 consuetudine
1743 5325 1794 5374 etc.

106 5414 151 5464 nt
166 5424 200 5466 ex
215 5405 264 5478 iis,
287 5422 359 5481 qnae
376 5405 479 5463 eisdem
496 5404 634 5462 contraria
651 5410 729 5473 sunt,
754 5407 935 5473 concluditur,
962 5409 992 5464 in
1009 5405 1074 5461 lidei
1090 5405 1214 5462 articulis
1232 5410 1261 5460 et
1278 5404 1500 5461 conclusionibus
1524 5404 1687 5478 theologicis
1712 5422 1794 5478 argu-

106 5492 354 5553 martinius
365 5491 493 5552 omnibns
506 5497 582 5549 recte
592 5491 785 5564 judicantibus
798 5501 942 5566 appareat,
956 5499 1049 5551 menta
1066 5499 1207 5566 petuntur,
1224 5492 1272 5548 illa
1291 5491 1422 5549 habenda
1440 5496 1504 5548 sunt
1522 5507 1577 5548 non
1595 5508 1629 5547 er
1648 5491 1794 5564 primariis,
