3984 6022
202 272 264 335 sss
887 241 1227 326 mcussacuun'us

202 438 227 478 c
246 429 276 480 l:
306 422 385 477 Sicut
400 440 522 477 summus
539 421 590 476 ille
611 421 748 491 Spiritum,
775 422 825 492 qui
840 424 921 477 Deus
939 430 991 491 est,
1015 439 1034 473 a
1061 421 1114 476 erit
1136 423 1219 477 etiam
1244 423 1274 475 in
1295 422 1387 476 medlo
1411 429 1437 475 et
1457 421 1532 474 idem
1544 421 1597 490 piet
1615 427 1739 474 centrum
1761 437 1824 473 cum
1842 418 1896 474 oir-

202 508 282 565 mus
301 508 442 565 intellectu
463 507 537 562 oola
553 508 672 578 proprie
697 508 864 577 eccopitari,
889 510 930 562 ita
954 508 1035 563 nulla
1061 510 1253 577 cumssrentio.
1297 510 1337 564 At
1366 505 1518 578 symbolica
1550 504 1698 576 descriptio
1725 521 1781 561 non
1808 512 1899 578 potest

203 594 363 667 definitione
384 599 479 664 potest
491 593 611 663 proprie
635 594 750 658 definiri
771 603 820 647 osu
846 594 1036 650 detuminari.
1061 596 1134 668 exigi
1152 595 1188 650 ad
1207 595 1283 667 leges
1302 592 1470 649 definitionis
1488 591 1606 664 logicae,
1623 608 1676 648 nec
1694 591 1763 647 dicit
1779 591 1899 648 'hisme-

202 677 332 737 Damasc.
349 678 368 734 l.
384 687 406 736 1.
418 677 487 735 ortlu
500 677 547 735 fid.
559 696 583 736 c.
595 686 627 736 4:
649 680 724 744 Quid
740 682 891 735 secandum
909 683 1036 736 substan·
1060 681 1150 753 gistus
1166 681 1258 737 Deum
1274 697 1351 751 esse,
1370 681 1450 752 cujus
1467 679 1589 735 medium
1607 679 1637 733 in
1654 683 1763 747 cenuo,
1784 677 1901 733 circum·

122 818 125 825 .
203 768 272 821 &om
291 767 428 836 sitDeus,
445 767 540 821 dicere
557 767 735 837 impossibile.
764 767 849 824 Hisce
867 767 1035 842 tnesoolypo-
1060 766 1177 823 luentia
1191 784 1256 823 sero
1274 767 1388 839 ubique,
1408 772 1439 821 ut
1459 763 1585 836 Scaliger
1602 762 1714 831 recitat,
1741 764 1791 819 sed
1808 763 1903 819 Deum

203 872 248 914 ros
273 851 333 906 loco
357 850 424 906 addi
443 858 537 923 potest
563 850 633 906 illud
654 851 791 925 Theupoli
817 853 865 909 lib.
888 862 911 910 1.
947 853 1036 909 Acad.
1061 870 1121 910 esse
1136 853 1352 910 intellectualem
1370 852 1528 924 sphaeram,
1547 852 1628 923 cujus
1645 859 1769 907 ccnuuun
1787 849 1901 922 ubique,

204 937 350 1009 contempl
370 955 394 993 c.
408 943 433 1008 2,
450 936 499 992 ubi
518 954 551 993 er
569 938 706 993 sententia
723 938 849 994 Platonis
868 939 908 995 sic
925 939 1035 994 scribit:
1061 939 1281 995 circumferentia
1297 957 1362 996 sero
1380 956 1530 1012 nusquam,
1551 937 1568 993 i
1588 955 1611 993 e.
1631 936 1679 1010 qui
1698 954 1749 993 nec
1767 937 1830 993 loco
1848 953 1900 992 uec

203 1027 283 1081 Deus
302 1025 474 1080 nomnium
492 1025 670 1092 notissimus,
691 1026 732 1079 ita
753 1026 873 1080 omnium
899 1027 1036 1095 ipnotissi-
1060 1033 1182 1098 tempore
1203 1026 1446 1083 circumscribitur.
1481 1023 1560 1080 Idem
1582 1023 1699 1080 Hermes
1724 1023 1754 1078 in
1778 1023 1899 1078 Poman-

202 1130 264 1167 msss
285 1111 393 1166 censeri
409 1111 495 1166 debet
526 1111 696 1165 Notissimus
714 1129 747 1166 eo
764 1113 811 1165 sui
827 1121 939 1178 notura,
959 1113 1036 1182 ipno-
1061 1112 1110 1168 dro
1134 1130 1158 1168 c.
1182 1119 1206 1169 2.
1230 1111 1321 1169 Deum
1342 1117 1425 1169 vocat
1449 1119 1542 1165 cetrum
1567 1111 1687 1165 omnium
1705 1111 1898 1180 potentiorum
1912 1117 1948 1157 111·
1960 1114 1987 1156 ⁷¹·

202 1198 326 1253 &amus
345 1197 433 1252 nobis.
468 1196 653 1268 Notissimus,
671 1199 819 1268 quodsi&
839 1198 1037 1268 ipnotissimur,
1062 1208 1087 1253 et
1108 1200 1263 1269 potentiam
1289 1199 1410 1253 omnium
1436 1207 1555 1253 actuum.
1587 1196 1666 1252 Idem
1683 1195 1899 1269 Trismegistus:

203 1284 274 1357 poto
292 1285 336 1339 sit.
371 1284 529 1352 Propterea
546 1292 577 1338 ut
593 1285 628 1337 ab
646 1284 757 1338 lomina
783 1293 876 1339 coacte
900 1285 1036 1353 capnosci,
1063 1287 1144 1340 Deus
1168 1294 1208 1340 est
1231 1294 1257 1340 et
1275 1304 1346 1356 puae
1364 1294 1428 1340 sunt
1446 1294 1472 1340 et
1489 1302 1561 1357 ossae
1578 1302 1634 1338 non
1651 1291 1725 1340 runt.
1760 1282 1839 1338 Deus
1858 1290 1901 1339 est

203 1371 246 1425 ita
269 1371 380 1425 nomine
405 1378 498 1425 scaete
526 1370 645 1441 exprimi
666 1370 879 1443 definitioneque
901 1371 1038 1441 capliouri
1064 1389 1135 1444 quae
1151 1378 1224 1441 sunt,
1244 1390 1299 1428 non
1317 1371 1483 1440 formaliter,
1511 1372 1563 1424 sed
1580 1378 1605 1424 et
1623 1370 1773 1424 eminenter
1792 1378 1819 1424 et
1837 1387 1901 1423 coa

202 1457 316 1513 niminis
328 1465 428 1528 potest
1063 1460 1171 1528 naliter,
1191 1475 1250 1514 esse
1266 1458 1315 1512 dat
1331 1464 1360 1513 et
1377 1464 1522 1513 conservat
1539 1456 1666 1513 omnibus
1684 1456 1803 1522 cutibus,
1823 1455 1900 1512 Deus

238 1550 281 1601 110.
316 1542 491 1599 Contrarium
508 1540 772 1613 propugnatVorst
789 1541 819 1596 in
835 1547 917 1599 tract.
930 1542 1037 1597 deDeo
1064 1554 1107 1601 est
1126 1562 1198 1619 quae
1216 1562 1272 1599 nou
1287 1550 1369 1613 suut,
1382 1545 1586 1615 potentialiter,
1603 1542 1669 1617 quia
1686 1560 1737 1615 per
1756 1558 1836 1598 suam
1852 1560 1900 1615 po

203 1649 231 1703 p
252 1636 317 1688 234:
349 1630 430 1694 enoc
446 1631 525 1685 Deus
543 1628 649 1683 dicitur
667 1645 714 1682 cns
732 1647 881 1698 summum,
898 1629 963 1683 irinc
981 1646 1038 1683 noa
1064 1631 1178 1688 muham
1195 1636 1279 1687 vocat
1300 1631 1334 1685 roi
1356 1627 1396 1702 μὴ
1413 1627 1481 1685 ὄντα
1500 1629 1535 1693 ὡς
1552 1626 1628 1685 ὄντα.
1662 1628 1743 1687 Rom.
1760 1637 1791 1698 1,
1814 1646 1841 1685 s.
1862 1635 1901 1697 ll,

204 1719 328 1789 efficitur
349 1718 399 1770 sub
411 1717 490 1772 nullo
504 1734 625 1787 prorsus
639 1732 741 1786 ponere
756 1733 813 1771 cers
830 1734 880 1771 nec
899 1716 961 1771 ulla
979 1717 1037 1783 dif-
1064 1735 1127 1773 cum
1147 1735 1202 1790 quo
1220 1717 1349 1789 congruit
1366 1716 1436 1772 illud
1459 1714 1602 1771 Siracidis:
1631 1716 1708 1772 Deus
1726 1722 1769 1771 est
1784 1715 1816 1770 ri
1837 1717 1900 1783 nir,

198 1805 328 1873 ferentia
344 1803 479 1872 restrinoi
490 1819 574 1873 porse
592 1803 634 1855 ad
652 1810 756 1856 certam
773 1803 898 1873 rpeciem
927 1801 957 1856 iu
976 1802 1037 1857 eod.
1063 1822 1086 1860 c.
1106 1809 1147 1874 13,
1165 1822 1191 1859 v.
1211 1811 1253 1861 21.
1289 1803 1398 1859 Platoni
1417 1803 1493 1860 Deus
1513 1811 1557 1859 cst
1576 1821 1651 1858 mens
1670 1812 1793 1872 artemo,
1815 1818 1901 1855 causo

203 1897 238 1949 tr.
250 1908 278 1963 p.
292 1896 340 1948 198
358 1892 453 1944 Deum
469 1889 580 1944 includi
594 1890 766 1943 rulstants'oe
775 1888 1039 1961 praedicamentali,
1064 1892 1153 1946 omnis
1172 1891 1237 1945 boni
1253 1891 1283 1944 in
1299 1899 1411 1944 statmo.
1445 1889 1497 1945 Est
1522 1893 1592 1954 ζῶον
1618 1887 1775 1954 ἀθάναιον,
1800 1886 1901 1961 αὐταρ-

206 1978 317 2033 includi
341 1976 431 2030 alicui
455 1993 549 2030 rossem
574 1975 671 2045 peracri
696 1984 722 2028 et
745 1977 794 2029 sub
822 1976 918 2044 aliquo
939 1992 1039 2044 ponere
1064 1979 1109 2040 κὲς
1124 1976 1194 2052 πρὸς
1211 1976 1407 2048 εὐδαιμονίαν,
1430 1973 1512 2030 οὐσία
1530 1974 1633 2042 ἀΐδιος,
1656 1975 1703 2045 τῆς
1726 1975 1774 2030 rori
1790 1972 1901 2045 clynici

205 2063 350 2121 contineri.
385 2062 441 2118 Pro
458 2061 512 2117 hac
528 2061 657 2135 opinione
676 2061 732 2117 tale
748 2067 841 2133 potest
859 2060 972 2117 formari
995 2077 1038 2115 sr-
1066 2062 1174 2136 φύσεως
1198 2068 1280 2118 atsto.
1314 2061 1429 2118 Aristot.
1456 2066 1495 2117 12.
1518 2060 1639 2131 metaph.
1658 2080 1681 2116 c.
1699 2067 1729 2116 t:
1757 2061 1824 2123 θεὸς
1845 2059 1901 2112 ἐστι

205 2156 382 2223 gumentum:
410 2149 446 2204 Si
465 2150 544 2204 Deua
562 2166 619 2204 non
635 2156 725 2220 potest
749 2149 877 2218 definiri,
900 2166 966 2217 erpo
990 2165 1040 2201 nec
1065 2151 1117 2215 ζῶν
1136 2149 1229 2205 oidaor
1246 2146 1368 2224 ἄριστον.
1403 2150 1484 2202 Deus
1507 2155 1547 2202 est
1564 2166 1698 2201 summum
1716 2165 1775 2213 ens,
1797 2155 1838 2200 est
1855 2162 1901 2199 esis

205 2237 342 2307 ooonosot.
369 2234 454 2308 Besp.
473 2234 697 2309 distinguendum
713 2241 757 2291 est
770 2235 875 2292 linter
888 2234 1039 2308 perfectam
1065 2237 1179 2307 ortium,
1207 2236 1333 2307 pmmum
1365 2235 1454 2288 omnio
1479 2241 1570 2287 motus
1591 2233 1779 2304 principium,
1810 2232 1901 2302 speum

206 2321 407 2392 definitionem,
434 2338 506 2394 quae
523 2322 561 2377 ad
580 2319 724 2396 ἀκρίβειαν
740 2327 952 2394 praeceptorum
969 2320 1038 2393 logi·
1065 2321 1202 2392 ἀκίνητον.
1243 2322 1349 2377 Auctor
1374 2320 1439 2377 libri
1467 2320 1502 2375 de
1524 2318 1628 2375 mundo
1652 2338 1676 2375 c.
1698 2325 1728 2376 6:
1758 2318 1823 2379 θεός
1846 2318 1899 2371 lon

205 2426 300 2467 corum
326 2414 422 2466 exacte
449 2405 594 2479 congruit,
626 2414 655 2464 et
684 2425 718 2464 ex
746 2406 894 2479 scripturis
923 2409 1039 2479 petitam
1065 2406 1183 2484 δυνάμει
1193 2407 1378 2483 ἰσχυρότατος,
1397 2405 1491 2463 κάλλει
1509 2407 1540 2462 tt
1559 2405 1788 2478 εὐπρεπέστατος,
1809 2404 1900 2480 §ofili

206 2496 429 2571 qualemcunque
452 2493 671 2565 descriptionem.
706 2500 732 2550 2.
758 2494 830 2550 inter
856 2494 1038 2566 cognitionem
1066 2496 1217 2559 desiratae,
1241 2492 1323 2568 ἀρετῇ
1342 2496 1374 2548 «ll
1392 2491 1543 2568 κράτιστος.
1578 2491 1650 2548 Ibid.
1668 2493 1731 2546 Hoc
1748 2493 1779 2545 in
1796 2492 1900 2546 mundo

206 2588 235 2643 et
258 2579 545 2655 comprehensionem,
567 2583 673 2652 γνῶσιν
696 2585 743 2635 sol
769 2579 931 2651 κατάληψιν.
965 2580 1039 2635 Illud
1066 2593 1105 2638 set
1124 2586 1217 2647 Deris,
1242 2583 1320 2653 quod
1337 2582 1368 2634 in
1385 2581 1454 2635 novi
1467 2580 1649 2650 palmatos,
1671 2581 1749 2651 qssod
1768 2579 1800 2632 in
1816 2597 1902 2633 cuma

206 2667 456 2742 comprehenditur,
474 2666 549 2738 quod
566 2665 690 2737 perfecte
707 2665 898 2739 cognoscitur3
916 2666 1038 2737 perfecte
1066 2670 1181 2738 euripo,
1205 2668 1282 2739 quod
1301 2667 1330 2720 in
1356 2666 1441 2720 choro
1461 2672 1643 2736 praecentor,
1671 2664 1701 2718 in
1720 2663 1833 2719 eloim
1850 2664 1901 2734 lar,
1958 2727 1964 2741 ⁹

208 2753 400 2829 cognoscitur,
420 2751 495 2824 quod
511 2756 620 2807 mutum
636 2751 823 2824 cognoscitur,
847 2757 981 2824 quantum
999 2756 1041 2806 est
1065 2757 1096 2810 in
1123 2755 1244 2810 coercita
1264 2754 1426 2823 imperator.
1445 2742 1563 2822 'Apollo
1583 2748 1770 2822 Colophonius
1789 2749 1902 2806 interro

209 2837 403 2914 cognoscibile.
439 2838 530 2893 Deum
549 2836 660 2911 quidam
679 2835 884 2910 cognoscimus,
910 2837 1039 2892 sednon
1066 2848 1160 2914 gatus,
1185 2839 1252 2914 quid
1278 2845 1350 2895 essm
1366 2838 1460 2903 Deus,
1485 2836 1639 2908 respondit:
1664 2833 1820 2909 simposio,
1843 2836 1901 2891 oldi-

208 2924 477 3000 comprehendlmus,
504 2923 534 2978 id
559 2929 602 2980 est
626 2939 682 2979 ncn
698 2923 824 2996 perfecte
842 2923 1040 2996 cognoscimus,
1066 2930 1178 2993 δακτος,
1209 2925 1333 3001 ἀμήτωρ,
1361 2923 1572 2997 irruptiones,
1601 2921 1708 2994 οὔνομα
1731 2923 1806 2994 μηδὲ
1831 2920 1902 2995 λόγῳ

208 3013 274 3086 quia
292 3018 335 3069 est
352 3008 488 3079 infinitus,
511 3009 560 3066 ubi
576 3016 670 3065 tamen
686 3010 839 3065 notandum
855 3010 1039 3081 cognitionem
1061 3014 1254 3089 χωρούμενον,
1273 3013 1304 3067 ἐν
1321 3015 1389 3085 πυρ1
1407 3015 1503 3066 rotor.
1533 3007 1701 3071 Τουτίθεός.
1720 3007 1820 3065 Cicero
1833 3006 1902 3064 refe-

207 3099 262 3157 Dei
281 3117 315 3156 cx
332 3096 417 3154 verbo
442 3097 559 3169 petitam
580 3095 635 3151 dici
658 3095 821 3168 perfectam,
844 3102 905 3151 tum
932 3097 1041 3151 ratione
1067 3110 1144 3159 rente
1160 3101 1253 3156 Lacrt.
1271 3099 1320 3156 lib.
1340 3105 1362 3155 1.
1379 3115 1402 3154 c.
1421 3105 1451 3154 5:
1478 3099 1560 3152 Dens
1577 3096 1651 3169 ἰρεο,
1669 3098 1718 3167 oui
1736 3096 1903 3166 intellipitur

208 3186 279 3254 fimi,
299 3184 365 3258 quii
382 3190 424 3240 0⁸l
442 3183 480 3238 Sd
497 3182 613 3238 ulutem
631 3180 785 3252 willelm,
803 3189 862 3237 lum
881 3188 1040 3254 comparate
1067 3209 1086 3243 a
1108 3189 1199 3257 nobis,
1222 3204 1277 3241 non
1295 3192 1391 3256 potest
1414 3184 1474 3238 alio
1492 3185 1575 3238 modo
1593 3182 1727 3253 intellipi,
1751 3182 1812 3237 nisi
1827 3200 1903 3236 mens

207 3280 333 3343 respmtu
344 3269 460 3325 notbim
471 3268 619 3332 nataralia,
629 3285 701 3341 quae
713 3275 756 3325 est
764 3268 913 3324 admodum
922 3268 1041 3324 obscura
1066 3276 1158 3330 aalma
1181 3273 1321 3343 maesiam
1337 3279 1363 3324 et
1379 3270 1468 3323 libero
1485 3277 1632 3339 seprepata
1649 3269 1684 3323 ol
1701 3270 1779 3323 omni
1795 3286 1903 3323 sonore

208 3365 238 3415 ei
253 3356 423 3428 imperfecte
459 3360 483 3411 ³·
509 3355 582 3411 inter
604 3354 789 3428 cognitionem
805 3354 859 3410 Dei
881 3355 909 3410 in
936 3355 990 3410 hac
1013 3360 1041 3410 el
1066 3363 1141 3419 tione
1161 3359 1290 3428 mortali,
1322 3357 1416 3412 omnia
1439 3357 1558 3412 sentiens
1583 3364 1609 3411 et
1625 3373 1748 3424 marens,
1783 3356 1903 3426 ipsaque

209 3438 375 3501 alteravita.
404 3441 486 3497 Illam
504 3447 605 3497 vocant
622 3441 807 3513 cognitionem
823 3441 950 3511 viatoris,
967 3439 1040 3494 hanc
1065 3449 1199 3520 praediea
1221 3455 1297 3501 moen
1318 3444 1491 3515 sempiterno.
1533 3442 1630 3500 Senec.
1658 3441 1705 3496 lib.
1735 3448 1756 3497 1.
1784 3442 1902 3497 natural.

208 3529 464 3600 wilielmum?
486 3527 563 3582 illm
580 3528 659 3592 ”5⁰02
685 3526 757 3609 hm
777 3529 850 3582 vim
869 3536 894 3584 ⁶²
914 3529 1038 3599 palliae·
1067 3540 1185 3608 quaest:
1208 3532 1283 3597 eote
1300 3539 1340 3586 sat
1360 3532 1462 3584 Deus!
1488 3547 1562 3584 inens
1578 3528 1712 3596 universi,
1731 3529 1812 3597 quod
1825 3528 1903 3583 rides

208 3616 343 3673 menum
370 3613 493 3671 definitio
519 3618 561 3669 est
586 3613 708 3668 omnium
736 3612 953 3685 perfectissima,
981 3614 1040 3685 jam
1067 3630 1153 3676 olom
1170 3629 1196 3676 os
1212 3619 1289 3691 qood
1305 3635 1361 3672 non
1378 3617 1456 3671 otoo
1474 3623 1567 3670 orrum.
1596 3613 1698 3671 Confer
1715 3613 1903 3671 definitionem

208 3720 273 3758 sero
292 3702 385 3758 Deum
402 3699 433 3756 in
449 3699 544 3755 funus
562 3698 621 3754 vita
640 3697 828 3755 videbimuss
845 3699 917 3756 facie
940 3700 976 3754 ad
1000 3699 1040 3754 fa·
1067 3705 1239 3762 parmenidis
1268 3703 1345 3775 apud
1372 3702 1478 3757 Bodam
1503 3701 1532 3755 in
1558 3700 1619 3756 libr.
1644 3698 1735 3755 Baitii
1764 3702 1800 3757 do
1826 3698 1903 3757 Tria

209 3788 289 3845 ciem.
320 3786 396 3858 argo
412 3786 535 3858 mrfcctc
552 3801 750 3857 menomenas
767 3790 796 3839 ot
812 3784 964 3857 persono
982 3785 1041 3856 elus
1069 3802 1133 3850 tom.
1151 3798 1175 3849 s.
1196 3791 1248 3846 ool.
1272 3794 1344 3846 1106.
1364 3786 1505 3844 cleanthis
1522 3786 1597 3858 apud
1609 3785 1741 3842 clement
1753 3786 1904 3842 Alema.

211 3873 397 3932 definitionem
428 3872 611 3928 addiscemus.
647 3878 671 3928 4.
703 3869 835 3927 Definitio
864 3870 1042 3947 ὀνομαιώδης
1069 3881 1098 3935 in
1122 3883 1255 3951 protrept
1274 3895 1301 3949 p.
1320 3881 1359 3931 25.
1379 3872 1533 3930 Stoicorum
1557 3871 1633 3944 apud
1649 3871 1794 3927 Lairtium
1813 3872 1861 3931 lib.
1880 3880 1904 3929 1.

212 3960 273 4017 dari
291 3963 392 4032 potest,
411 3957 546 4026 οὐσιώδης
563 3974 628 4013 sero
646 3957 766 4014 minime.
1070 3967 1100 4021 in
1120 3965 1168 4019 vit.
1193 3964 1294 4020 Zenon.
1325 3979 1352 4032 p.
1377 3965 1435 4017 450.
1463 3967 1491 4015 et
1516 3958 1592 4031 apud
1615 3956 1753 4015 Galerium
1778 3958 1842 4015 libr.
1870 3958 1905 4015 dc

85 4058 186 4109 Quous-
247 4054 289 4105 es.
322 4050 349 4102 2.
376 4047 518 4111 Qrsomodo
541 4048 622 4101 Deus
651 4046 833 4113 definiendus.
867 4043 969 4101 Variae
988 4052 1043 4123 tra·
1070 4051 1169 4124 philos.
1194 4049 1289 4104 histor.
1313 4066 1337 4103 c.
1356 4052 1397 4102 21.
1420 4045 1543 4103 Socratis
1561 4044 1636 4116 apud
1651 4038 1797 4100 'Plutarch
1814 4044 1863 4101 lib.
1883 4052 1905 4103 1.

85 4109 198 4203 miii.
212 4136 317 4191 duntur
339 4134 394 4191 Dei
418 4133 606 4201 definitiones,
632 4137 692 4188 tum
709 4149 727 4187 a
742 4131 927 4204 philosophis,
950 4137 1009 4187 tum
1027 4150 1045 4187 a
1072 4140 1106 4195 de
1123 4135 1216 4209 placit
1232 4133 1388 4206 philosoph.
1409 4150 1432 4187 c.
1452 4139 1474 4187 1.
1495 4138 1547 4186 etc.

90 4213 141 4254 ⁶¹¹¹·
212 4221 392 4295 scriptoribus
410 4218 616 4289 ecclesiasticis,
641 4236 759 4291 querum
780 4224 874 4274 tamen
893 4219 964 4275 aliae
983 4220 1044 4275 aliis
1107 4228 1148 4279 92,
1168 4223 1202 4277 In
1219 4219 1398 4292 scriptoribus
1415 4216 1608 4273 ecclesiasticis
1625 4217 1679 4273 hae
1696 4224 1845 4273 occurrunt
1860 4216 1905 4275 de

212 4317 278 4366 sunt
304 4307 497 4381 perfectiores,
532 4306 605 4361 inter
635 4323 704 4377 quas
734 4312 766 4361 ut
796 4304 906 4360 cossatio
938 4304 1045 4361 institui
1072 4309 1234 4380 scriptiones
1253 4306 1368 4377 Dionys.
1387 4304 1435 4361 lib.
1457 4309 1479 4360 1.
1503 4304 1539 4358 de
1556 4302 1610 4359 dir.
1627 4302 1743 4359 nomin:
1770 4305 1853 4358 Deus
1868 4311 1906 4359 est

212 4395 314 4469 possit,
342 4394 477 4467 quasdam
498 4409 594 4449 earum
616 4392 671 4448 hcc
693 4394 850 4448 referemus.
885 4390 1046 4465 Philosophi
1074 4397 1174 4459 omnio,
1191 4410 1263 4465 quoe
1280 4399 1351 4461 nont,
1371 4399 1397 4445 et
1414 4391 1487 4444 nihil
1504 4407 1606 4460 corum,
1625 4407 1696 4461 osone
1714 4399 1789 4445 susa.
1805 4390 1905 4447 lustin

213 4480 412 4553 descriptiones
431 4496 496 4535 suas
514 4478 616 4551 partim
637 4498 670 4535 ex
690 4476 796 4533 lumine
812 4485 928 4533 naturae
949 4477 1045 4534 hause-
1073 4489 1169 4538 contra
1192 4481 1283 4550 dogm.
1305 4477 1391 4532 Arist
1409 4495 1439 4549 p.
1458 4482 1503 4534 86:
1527 4478 1607 4531 Deus
1630 4485 1669 4531 ert
1690 4477 1860 4547 simpuloris,
1882 4486 1906 4533 et

212 4575 292 4635 rant,
316 4567 418 4640 partim
439 4584 473 4622 ex
490 4563 760 4638 peregrinationibus
777 4565 807 4619 in
822 4565 986 4639 Aegyptum
1008 4566 1045 4621 sd
1072 4587 1155 4637 anus,
1185 4567 1235 4636 prii
1261 4567 1342 4619 deum
1369 4567 1465 4619 deosve
1495 4580 1544 4618 nec
1572 4571 1636 4617 onte
1662 4579 1692 4616 se
1720 4580 1771 4616 nec
1789 4572 1856 4634 port
1879 4580 1907 4616 rs

210 4656 345 4729 populum
376 4652 430 4709 Dei
458 4653 593 4725 susceptis
621 4652 731 4708 domum
761 4669 855 4708 secum
883 4653 1044 4708 retulerunt.
1073 4654 1182 4722 irrubuit,⁹
1205 4659 1381 4706 coonernum
1396 4669 1450 4704 non
1467 4650 1570 4703 liabens
1588 4666 1674 4719 nepus
1690 4649 1845 4718 subjectum
1863 4666 1908 4704 se·

211 4740 329 4799 Homer
349 4732 561 4812 lhismegistiu,
588 4739 723 4794 referente
738 4738 819 4794 Alex.
839 4738 874 4794 dc
891 4739 958 4795 Ales
975 4757 1002 4810 p.
1024 4746 1045 4795 1.
1073 4757 1125 4811 pue
1155 4738 1330 4811 oppositum
1361 4736 1600 4807 incorruptibilem
1628 4734 1750 4788 obtinens
1777 4743 1908 4790 naturam

211 4845 239 4901 q.
259 4835 283 4883 1.
303 4825 404 4882 memb.
426 4832 447 4881 1.
469 4825 562 4881 Deum
580 4824 620 4880 sic
638 4824 748 4880 definit:
772 4829 851 4880 Deua
867 4833 907 4879 eat
925 4824 1046 4894 sphaera
1072 4828 1115 4881 vel
1131 4825 1290 4887 arentiam,
1314 4821 1518 4893 mercuriique,
1539 4820 1585 4875 cui
1600 4819 1674 4874 nihil
1685 4838 1809 4889 proram
1825 4821 1908 4877 intes·-

211 4913 418 4980 s'sstellsctualis,
437 4912 519 4983 cujus
535 4919 659 4966 centrum
675 4911 833 4980 catulique,
850 4910 1045 4976 circumferen-
1073 4915 1154 4968 cedat
1171 4909 1372 4980 impedimenti,
1395 4909 1571 4978 efficaciam
1596 4907 1697 4960 raundi
1713 4907 1798 4961 totirn
1816 4906 1908 4963 arciri·

212 4999 254 5055 tia
276 5018 341 5055 nero
364 5016 509 5068 nmquam.
548 4995 608 5051 Alii
636 4994 825 5052 definitionem
846 4995 923 5051 illam
946 4995 1045 5069 Empo-
1072 5006 1164 5054 tectus.
1188 4997 1314 5052 Lactant-
1339 4994 1387 5050 lih.
1408 5000 1431 5051 1.
1454 4993 1489 5048 de
1507 4992 1548 5046 ira
1565 4991 1631 5047 Dei:
1661 4994 1740 5046 Deus
1758 5000 1800 5047 cst
1818 4993 1907 5048 incor-

212 5085 284 5142 docli
303 5085 439 5155 tribuunt,
457 5083 576 5140 circulus
596 5090 638 5140 est
655 5083 746 5157 figura
763 5081 977 5153 perfectissima,
993 5099 1046 5138 nec
1067 5083 1182 5155 porolis
1197 5100 1285 5147 mens,
1305 5097 1377 5151 quos
1390 5098 1444 5150 por
1466 5096 1571 5133 omnem
1588 5094 1681 5131 rerum
1698 5086 1833 5137 naturam
1851 5078 1908 5147 dif—

211 5170 296 5227 iinem
314 5172 427 5241 habens,
446 5170 483 5227 ad
501 5170 666 5228 infinitatem
685 5169 771 5243 igitur
789 5175 818 5226 et
835 5168 1045 5226 immensitatem
1069 5172 1140 5237 fusa
1166 5176 1192 5222 et
1212 5169 1319 5221 incerto
1344 5166 1455 5219 sitalem
1471 5182 1581 5218 sensum
1599 5162 1703 5217 cunctis
1720 5164 1909 5219 animantibus

210 5255 267 5314 Dei
296 5257 496 5331 designandam
519 5257 673 5313 adhibetur.
714 5255 771 5312 Sed
792 5254 895 5327 Scalig.
919 5273 960 5311 ex.
987 5261 1045 5313 3113.
1072 5256 1175 5310 ιη’ὺιιίε.
1196 5252 1416 5309 Nationesne.
1436 5250 1465 5305 in
1482 5257 1539 5321 pat
1559 5250 1623 5310 θεὸς
1641 5253 1701 5322 φῶς
1714 5250 1743 5304 ιὰ
1757 5249 1911 5326 irplroror

211 5340 284 5398 hanc
307 5342 496 5400 definitionem
518 5342 668 5415 improbat:
701 5342 840 5407 Pessime,
867 5340 969 5414 inquit,
992 5359 1047 5397 me·
1073 5339 1281 5414 καῑᾶπρόσιιον
1298 5342 1345 5392 sot
1359 5335 1486 5413 ἅῤῥητον,
1504 5330 1566 5392 οὔτε
1585 5338 1624 5406 νῷ
1641 5333 1825 5407 sozilnnror,
1846 5334 1909 5393 oisc

214 5427 293 5484 dium
312 5428 440 5497 assignat
456 5429 580 5500 infinito,
607 5436 633 5482 et
654 5426 907 5494 circumferentiam
924 5428 973 5499 oui
989 5430 1047 5493 dot,
1073 5426 1147 5498 λόγῳ
1164 5424 1254 5500 ῥητὸν,
1274 5422 1342 5499 μήτε
1355 5421 1520 5497 ἀρξάμενον,
1536 5419 1605 5497 μήτε
1618 5419 1811 5497 παυσάμενον.
1836 5421 1911 5495 Aug.

208 5516 323 5588 finitum
344 5515 428 5583 socs‘t
466 5515 538 5571 tum
560 5515 588 5571 si
609 5513 665 5569 erit
686 5512 789 5586 stipas
812 5514 1048 5586 munimentis,
1072 5506 1636 5584 lib.e,oootv.osioasntsmsd.:
1662 5508 1913 5565 Drusonem-sm
