3984 6022
737 334 789 398 DE
806 331 1021 400 amoni
1037 329 1169 399 abeat
1722 334 1782 407 209

89 480 291 547 absurditatem
309 489 339 547 in
354 491 469 550 rationis
484 493 620 566 judicium
635 494 819 554 incurrentem
837 499 923 556 disce·
951 501 1036 568 negat
1058 495 1242 568 praesentiam
1265 491 1387 564 corporis
1413 499 1442 548 et
1465 493 1609 564 sanguinis
1629 494 1731 550 Christi
1755 496 1784 549 in

90 576 168 634 dunt.
204 578 250 635 Sic
268 579 340 635 enim
362 588 458 636 contra
481 581 555 654 ipsos
580 582 783 639 concludimus:
817 585 871 650 Qui
896 587 924 639 in
951 598 1050 652 coena,
1084 582 1149 654 quia
1175 589 1280 650 papnet
1314 599 1376 635 mm
1400 581 1624 649 proprietatibus
1656 583 1784 651 corporis

89 663 163 720 ndei*
184 664 307 720 articulis
335 684 351 720 a
379 667 459 723 litera
481 668 640 740 Scripturas
665 677 778 742 propter
801 671 924 727 absurdi·
949 667 1101 733 naturalis,
1125 685 1150 738 p.
1170 673 1234 734 2203
1261 667 1419 735 opinionem
1445 684 1527 719 atam
1556 667 1592 719 de
1614 668 1691 721 orati
1707 686 1784 720 mon·

87 756 177 807 tatem
203 750 232 805 in
258 751 371 807 rationis
396 754 533 825 judicium
563 755 745 812 inciurentem
772 757 924 826 discedunt,
951 754 1099 807 duratione
1122 753 1201 807 nullo
1227 755 1310 806 modo
1337 761 1441 807 certam
1461 769 1520 805 esse
1544 753 1654 821 rpsimet
1671 753 1785 824 (inquit)

89 836 132 892 illi
152 837 289 915 judicium
307 839 421 895 rationis
438 841 545 911 judicio
564 841 682 914 Spiritus
700 843 788 898 saneti
806 843 836 897 in
853 843 924 901 Scri-
947 841 1084 908 produnt,
1108 857 1169 893 cnm
1180 841 1325 908 fatentur,
1351 840 1463 893 modum
1489 839 1561 892 imre
1579 841 1710 893 sumendi
1724 857 1784 893 cor·

87 926 178 998 pturis
203 931 231 980 et
254 943 306 997 per
323 924 480 997 Scripturas
505 927 585 983 nobis
611 928 748 999 loquentis
764 930 925 1001 praeierunt
946 925 1029 993 poris
1050 925 1156 979 Gtmati
1178 941 1235 978 esse
1248 942 1368 993 prorem
1387 925 1625 994 inexplicabilem,
1651 934 1700 979 aut
1719 943 1784 994 itm·

87 1028 123 1068 ac
147 1012 239 1082 reipsa
260 1011 364 1083 judicis
386 1021 481 1084 partes
505 1012 663 1086 Scripturas
688 1015 795 1072 debitas
817 1015 924 1070 nefarie
950 1012 1033 1064 modo
1058 1011 1092 1064 id
1103 1013 1173 1080 fiat,
1200 1029 1229 1065 se
1247 1012 1336 1080 plane
1360 1013 1506 1081 ipnorore,
1529 1028 1594 1083 pag.
1613 1017 1677 1082 2213
1701 1019 1786 1083 negat

88 1096 130 1153 illi
149 1098 292 1169 derogant.
315 1092 476 1155 Photiniani
493 1099 523 1153 id
541 1099 654 1156 iaciunt.
673 1101 757 1174 Ergo.
776 1102 866 1172 Major
882 1109 925 1157 est
951 1096 1053 1152 Christi
1070 1097 1295 1166 satisfactionem,
1326 1099 1392 1170 quia
1409 1100 1484 1151 ratio
1495 1099 1613 1166 judicat
1628 1099 1710 1151 iilam
1727 1115 1785 1151 esse

84 1180 220 1240 'immotae
237 1184 369 1240 ueritatis.
405 1185 439 1239 In
460 1185 542 1240 claris
562 1185 636 1240 enim
653 1192 682 1243 et
698 1188 850 1258 perspicuis
869 1188 923 1242 illis
951 1185 1104 1239 absurdam
1120 1201 1186 1256 pag.
1207 1191 1253 1241 261
1274 1192 1326 1240 etc.
1360 1184 1513 1239 Ostorodus
1532 1192 1559 1240 ct
1576 1183 1742 1239 Weidovius
1756 1184 1785 1238 in

88 1269 248 1343 Scriptrrrae
266 1270 347 1325 dictis
367 1271 486 1342 Spiritus
504 1278 616 1327 sanctus
635 1289 713 1328 suam
732 1274 767 1329 dc
786 1274 923 1345 mysteriis
951 1269 1060 1343 apolog.
1085 1271 1121 1325 ad
1145 1271 1287 1326 decretum
1314 1271 1440 1325 ordinum
1466 1270 1556 1341 Belgii
1581 1287 1645 1325 ann.
1671 1275 1729 1326 600.
1756 1271 1785 1324 in

87 1354 153 1413 adsi
171 1357 317 1429 proposuit
334 1358 497 1412 sententiam
516 1376 651 1430 suumque
666 1360 810 1431 judicium
842 1362 923 1427 Quod
951 1356 1040 1412 lucem
1065 1357 1165 1412 emissa
1186 1373 1250 1428 pag.
1270 1363 1318 1414 24:
1344 1358 1518 1426 prooritae
1535 1358 1580 1411 oei
1597 1365 1683 1410 mente
1701 1358 1786 1425 capti,

87 1441 112 1498 si
137 1459 203 1516 ergo
224 1459 244 1498 a
270 1443 347 1498 clara
369 1443 450 1499 litera
474 1452 501 1499 et
523 1445 644 1516 genuino
669 1447 815 1502 verborum
841 1464 923 1502 sensu
951 1460 1006 1496 non
1025 1445 1150 1498 bominac
1168 1445 1281 1497 cordati
1297 1444 1386 1497 solent
1405 1443 1459 1496 illa
1478 1444 1598 1510 medere
1618 1460 1689 1512 pirae
1708 1445 1785 1497 nulio

87 1527 253 1593 disceditur,
287 1547 305 1583 a
332 1529 451 1600 Spiritus
485 1532 573 1586 sancti
602 1533 739 1588 sententia
766 1539 795 1589 et
817 1534 923 1605 judicio
950 1531 1034 1584 modo
1057 1547 1117 1584 cam
1141 1530 1252 1584 ratione
1276 1531 1445 1584 conveniunt.
1487 1528 1623 1584 Ostorod.
1642 1528 1671 1582 in
1694 1528 1785 1584 Instit

87 1615 248 1671 mastiter.
283 1616 313 1670 Is
340 1615 413 1671 enim
433 1622 475 1671 est
491 1633 573 1672 verns
593 1616 750 1690 Scripturas
768 1636 864 1676 sensus
883 1628 923 1675 at·
950 1632 974 1672 c.
993 1623 1017 1673 4.
1034 1634 1062 1687 p.
1082 1622 1128 1672 30:
1158 1616 1192 1671 Si
1208 1616 1283 1670 ratio
1301 1617 1378 1670 clare
1395 1615 1529 1682 ostendit,
1555 1615 1707 1669 trinitatem
1719 1632 1785 1684 per-

87 1717 144 1774 que
167 1718 200 1758 ea
224 1709 266 1758 est
283 1702 401 1773 Spiritus
421 1703 511 1759 sancti
535 1705 658 1775 genuina
675 1706 823 1777 sententia,
852 1724 923 1780 quae
949 1719 1082 1756 tanarum
1104 1702 1134 1755 in
1153 1705 1216 1755 0⁶0
1235 1718 1295 1755 ⁶⁸³0
1310 1702 1433 1768 famam,
1459 1703 1596 1769 4¹¹⁰m0d⁰
1615 1719 1719 1771 amm
1738 1703 1786 1755 hv·

87 1802 123 1844 ex
146 1788 238 1844 verbis
257 1787 417 1859 scripturae
441 1788 470 1842 in
495 1807 578 1845 sensu
596 1789 696 1846 literali
719 1791 748 1846 in
770 1792 835 1848 fidei
858 1793 923 1849 arti-
950 1787 1021 1841 mini
1042 1787 1181 1842 rationali
1203 1789 1233 1841 in
1256 1795 1371 1841 mentem
1393 1787 1486 1841 uenire
1507 1795 1615 1857 potest,
1638 1796 1668 1840 nt
1685 1789 1785 1841 nihilo·

86 1873 158 1930 culis
180 1876 302 1947 acceptis
323 1874 482 1930 immediate
503 1875 625 1948 profluit.
661 1878 690 1934 Si
714 1880 861 1951 peregrina
883 1880 923 1934 in·
950 1875 1042 1927 minas
1066 1874 1124 1928 ilia-
1132 1875 1228 1942 possit
1245 1890 1305 1927 esse
1320 1891 1388 1928 cera
1407 1881 1434 1926 st
1453 1891 1485 1926 er
1500 1873 1581 1926 ambo
1599 1875 1660 1927 Dei
1675 1876 1784 1929 &mon-

85 1961 249 2033 tupretatio
269 1961 377 2033 judicio
396 1978 563 2034 congruens,
587 1962 641 2017 illis
659 1963 807 2035 inferatur,
831 1965 924 2040 reipsa
950 1961 1046 2015 ttrori.
1096 1959 1270 2015 Theodosius
1306 1958 1511 2030 Schimbergius
1548 1959 1578 2012 in
1615 1959 1786 2030 praefatione

87 2041 189 2104 ¹a'rero
207 2047 366 2120 Scripturas
385 2065 467 2103 sensu
493 2057 521 2104 et
543 2066 561 2103 a
578 2050 697 2121 Spiritus
715 2051 802 2106 senen
817 2052 923 2123 judicio
949 2043 1109 2101 refutationi
1131 2045 1209 2100 Petri
1234 2044 1356 2100 Caralim
1384 2061 1402 2099 a
1424 2043 1552 2100 Johanne
1577 2044 1678 2100 Somm.
1707 2046 1786 2101 ador·

87 2133 252 2192 disceditur.
288 2134 318 2191 Si
338 2136 449 2206 quando
467 2136 600 2191 articulus
618 2138 763 2193 mendonis
781 2137 881 2194 Genea.
903 2146 924 2194 1.
950 2138 1032 2188 natae
1046 2136 1089 2191 ct
1114 2149 1187 2186 anuo
1215 2136 1287 2187 1582
1337 2130 1515 2201 lngolstadii,
1544 2136 1576 2185 ut
1602 2131 1657 2187 fert
1681 2131 1787 2200 titulus,

88 2219 269 2290 describitur,
293 2227 359 2276 tunc
378 2221 464 2276 rerba
481 2222 510 2275 in
527 2224 640 2294 propria
657 2231 686 2278 et
701 2225 823 2296 genuina
840 2225 925 2297 signi-
952 2235 1069 2273 excusae
1094 2218 1229 2290 praefixa:
1264 2219 1352 2271 Fides
1373 2236 1514 2287 nnnprsam
1540 2220 1717 2288 amplectitur
1737 2221 1785 2272 im-

86 2302 218 2362 buitione
244 2312 309 2361 sunt
334 2307 510 2377 accipienda,
542 2309 616 2378 quod
641 2310 747 2367 scilicet
771 2329 852 2366 verus
878 2312 925 2366 ille
951 2306 1099 2375 Ρθὸεῑῦῑῖῑα
1123 2306 1234 2369 nemis,
1266 2306 1341 2358 “nde
1364 2307 1545 2371 'nandulum
1569 2315 1610 2359 0⁸1
1634 2307 1785 2360 trinitatem

87 2389 174 2460 Deus,
193 2390 242 2463 qui
259 2399 302 2447 est
317 2391 411 2462 Pater,
433 2392 521 2447 Filius
541 2394 705 2465 suspiritus
724 2405 843 2462 sanctus,
861 2415 925 2455 vere
953 2399 979 2444 et
1001 2390 1176 2446 diuinitatem
1196 2391 1270 2445 Filii
1290 2409 1346 2445 non
1367 2407 1426 2445 erac
1446 2392 1583 2445 articulos
1606 2393 1675 2457 fidei
1697 2409 1785 2460 veros,

87 2477 208 2547 creant,
234 2495 327 2534 veram
353 2480 458 2546 lucem,
483 2477 580 2537 rerum
605 2481 820 2554 firmamentum,
846 2502 925 2541 veru
953 2478 1021 2546 qaia
1044 2486 1108 2533 sunt
1131 2477 1318 2548 impossibilia
1343 2478 1454 2542 mnam,
1477 2479 1541 2530 ideo
1559 2478 1589 2531 in
1614 2478 1657 2530 rei
1673 2479 1786 2531 ueritate

87 2578 178 2637 aqum
197 2571 249 2622 etc.
287 2565 341 2622 Sed
357 2567 382 2621 si
399 2584 417 2621 a
434 2584 517 2623 sensu
536 2568 637 2624 literali
654 2569 813 2635 disceditur,
832 2577 863 2625 ut
880 2573 925 2626 vel
952 2572 1016 2617 mal
1044 2567 1176 2635 deamata
1203 2563 1365 2633 blaapbetna
1391 2572 1416 2617 ti
1440 2564 1593 2617 bonarda·
1638 2563 1785 2619 Schmaltz·

87 2662 142 2723 per
156 2649 267 2706 Elobim
284 2651 475 2723 intelliguntur
491 2655 594 2726 angeli,
610 2655 654 2710 rel
671 2673 722 2726 per
737 2673 831 2712 vocem
850 2674 925 2713 crea
953 2656 1050 2706 contra
1071 2650 1246 2721 D·Seh01)i)·
1275 2650 1309 2704 de
1336 2649 1421 2704 trinit
1444 2667 1472 2719 p·
1496 2654 1543 2705 21:
1576 2650 1630 2713 Qui
1649 2651 1785 2704 rationem
1799 2669 1826 2710 11.
1840 2666 1887 2710 siu.

88 2736 175 2792 tionis
200 2736 373 2810 intelligatur
394 2739 541 2809 productio
564 2740 640 2795 iacta
664 2759 697 2797 ex
720 2743 834 2798 materie
859 2760 925 2816 qua-
952 2755 1051 2792 sanam
1072 2746 1141 2806 post
1164 2738 1276 2791 verbam
1295 2738 1355 2790 Dei
1375 2745 1563 2805 aspernantur
1587 2738 1618 2789 in
1642 2736 1786 2805 relipione,

90 2823 228 2880 damDeo
241 2832 393 2895 cmetcrns,
412 2825 456 2881 vel
467 2845 518 2899 per
532 2827 621 2883 lucem
639 2828 811 2901 intelligatur
827 2837 926 2886 natura
953 2825 977 2878 ii
997 2826 1160 2895 rdipionem
1182 2832 1337 2894 suspectam
1361 2824 1413 2877 boe
1436 2824 1497 2892 apso
1516 2825 1596 2890 apud
1615 2840 1709 2876 omnes
1728 2840 1787 2876 eor-

90 2910 220 2984 sngelica
234 2917 295 2982 etc,
315 2911 495 2968 disceditma
508 2931 572 2970 vero
591 2921 619 2970 et
635 2916 757 2985 genuino
772 2915 820 2972 illo
834 2934 924 2988 sensu,
955 2913 1033 2966 datos
1056 2913 1184 2966 reddunt
1220 2909 1324 2965 Contra
1338 2908 1375 2963 D.
1394 2909 1507 2963 Frantr.
1528 2910 1598 2979 disp.
1617 2915 1640 2963 2.
1657 2925 1722 2978 pag.
1740 2914 1787 2963 θοι

72 3014 175 3070 uuam
194 2998 313 3069 Spiritus
335 3005 448 3055 sanctus
472 2999 592 3055 intendit
616 3002 774 3057 strationis
792 3004 925 3060 tenebrae
954 2999 1042 3067 aum,
1070 2998 1120 3067 pai
1144 2999 1273 3052 innocens
1297 3004 1408 3050 creatas
1435 3004 1507 3060 erat,
1534 2996 1619 3049 semel
1641 2996 1787 3062 peccando

91 3083 148 3139 luci
173 3083 292 3155 Spiritus
315 3085 405 3141 sancti
431 3087 632 3157 praeferuntur.
677 3087 800 3144 Hilarius
826 3090 874 3145 lib.
903 3099 925 3146 1.
954 3102 1047 3138 omnes
1066 3085 1098 3138 io
1109 3092 1274 3154 perpetuum
1285 3090 1403 3152 1)ωοΜο
1422 3082 1561 3147 infecerit,
1582 3083 1690 3135 talioni
1701 3099 1786 3151 W·

92 3169 128 3226 de
146 3170 246 3226 Trinit
260 3232 261 3236 Ἰ
276 3173 400 3242 Optimus
419 3172 582 3243 Scripturas
601 3174 687 3228 lector
707 3184 753 3245 est,
773 3178 823 3247 qni
840 3180 924 3232 dieto-
953 3189 1000 3225 sus
1018 3178 1059 3224 cst
1075 3170 1255 3225 contrariam.
1272 3167 1352 3239 Disp.
1371 3174 1395 3224 4.
1412 3185 1440 3238 p.
1461 3173 1522 3223 137:
1540 3167 1633 3222 Nulla
1650 3176 1689 3221 est
1707 3167 1787 3221 Obri-

90 3274 155 3312 rum
180 3258 390 3326 inteilipcntiam
414 3268 552 3330 exspectat
576 3278 608 3314 ae
626 3262 710 3316 dictis
725 3265 822 3332 potins
843 3282 926 3335 pisam
953 3259 1063 3313 dianae
1085 3258 1231 3326 relipiomb
1248 3256 1506 3335 porticumque
1525 3272 1587 3307 cum
1606 3255 1716 3321 ratione
1731 3272 1787 3309 non

91 3344 237 3417 importet,
270 3353 295 3398 et
328 3345 454 3399 rdalcrit
477 3347 567 3414 napis
595 3365 678 3416 paam
705 3351 845 3421 attulerit,
877 3370 926 3406 nec
954 3344 1114 3410 conveniam
1133 3352 1159 3398 et
1177 3359 1249 3413 qnae
1265 3359 1326 3396 cum
1343 3342 1453 3395 ratione
1469 3359 1525 3395 non
1541 3343 1665 3395 corsocnit
1681 3342 1787 3411 opinio,

91 3439 175 3500 copat
191 3432 225 3484 id
240 3431 433 3485 videri'dictia
451 3433 594 3502 contineri,
614 3436 691 3504 quod
704 3444 768 3490 ante
784 3438 924 3494 lectionem
955 3450 989 3487 θα
1008 3433 1092 3486 eiiam
1113 3432 1144 3485 ὑὶ
1166 3430 1306 3498 ῑὴθθῑθθῑα
1328 3429 1419 3482 imm
1441 3429 1549 3482 ”ullum
1570 3429 1672 3482 babere
1685 3437 1786 3499 pomi·

87 3518 294 3585 praemonuerit
310 3519 529 3587 intellipcndnm.
959 3521 994 3574 Ut
1009 3536 1104 3590 parra
1123 3519 1171 3573 lan
1188 3533 1320 3586 mopnae,
1341 3516 1383 3570 ric
1400 3515 1475 3569 ratio
1494 3517 1659 3585 Scripotaraa
1676 3534 1731 3570 non
1749 3524 1788 3570 est

126 3610 185 3661 iii.
215 3603 358 3659 Assumtio
381 3605 492 3677 probari
513 3614 604 3676 potest
626 3623 659 3661 ex
682 3608 773 3663 verbis
797 3616 825 3666 et
849 3612 926 3682 praxi
955 3607 1107 3660 contraria.
1133 3606 1242 3659 Doceat
1258 3603 1411 3658 stammas
1428 3603 1471 3656 vd
1490 3604 1579 3672 pnioir
1597 3604 1686 3672 olins,
1704 3622 1788 3658 unam

90 3688 327 3760 Photinianorum,
346 3708 418 3762 quae
432 3698 556 3762 testatur,
574 3693 754 3751 Photinianos
768 3714 825 3752 nou
838 3698 926 3753 solum
953 3695 1080 3765 sapam
1092 3695 1256 3749 aminnium
1268 3711 1416 3747 romanum
1429 3694 1575 3747 literarum
1583 3713 1713 3764 pappare
1726 3713 1788 3748 mun

91 3793 110 3831 a
133 3777 214 3832 litera
232 3776 390 3850 Scripturas
414 3779 442 3832 in
464 3779 529 3836 fidei
554 3781 676 3835 articulis
700 3790 815 3853 propter
832 3785 926 3840 absur·
954 3783 1077 3848 ratione,
1108 3791 1134 3836 et
1159 3790 1225 3836 tunc
1252 3781 1328 3835 ratio
1353 3789 1447 3834 taceat
1471 3781 1501 3835 in
1525 3782 1651 3837 eceksia.
1693 3784 1788 3853 Supra

92 3862 208 3919 ditatam
235 3864 265 3917 in
291 3865 405 3919 rationis
420 3866 557 3936 judicium
576 3867 759 3925 incurrentem
778 3870 926 3940 discedere,
954 3869 1089 3923 rationem
1117 3869 1206 3922 malta
1230 3868 1311 3921 babet
1337 3868 1438 3936 rciipio
1468 3876 1493 3921 et
1522 3869 1671 3939 Scriptura
1697 3887 1788 3937 sacro,

91 3950 145 4006 sed
160 3951 243 4006 etiam
259 3949 324 4006 fidei
342 3953 472 4008 articulos
491 3954 599 4008 disertis
618 3960 647 4009 et
663 3958 817 4027 perspicuis
835 3959 925 4014 verbis
955 3964 981 4009 et
1001 3957 1057 4010 'lucc
1075 3957 1137 4026 ipso
1154 3958 1272 4010 mamma
1290 3972 1319 4009 se
1336 3956 1429 4025 ipsam
1446 3959 1634 4025 commendat,
1664 3964 1694 4009 ot
1713 3957 1789 4026 quod

92 4035 123 4090 in
142 4034 283 4108 Scriptura
301 4039 457 4109 propositos
473 4047 696 4111 argumentorum
714 4043 776 4097 telis
793 4060 826 4098 ex
844 4046 924 4100 ratio·
954 4051 1053 4096 contra
1070 4044 1187 4097 eandem
1204 4043 1255 4111 sit,
1274 4042 1360 4105 nituit,
1380 4043 1436 4096 imo
1453 4043 1480 4095 si
1496 4044 1602 4096 rationi
1618 4044 1718 4110 redipio
1737 4044 1787 4094 ad·

90 4121 136 4200 nis
163 4122 298 4179 humanae
321 4124 451 4196 pharetra
476 4127 646 4198 depromptis
666 4145 836 4200 oppugnare.
872 4133 924 4186 Er·
954 4138 1123 4198 vetaretur,
1151 4130 1203 4184 boc
1229 4130 1292 4199 meo
1317 4146 1398 4182 auam
1418 4129 1583 4196 falsitatem
1604 4132 1740 4198 proderet
1762 4136 1787 4181 et

88 4224 185 4282 presse
203 4210 276 4266 enim
296 4218 436 4281 asserunt,
461 4213 538 4268 nullo
556 4214 638 4268 modo
654 4231 750 4269 nerum
768 4233 827 4272 esse
845 4234 925 4287 posse
954 4216 1053 4285 rciipio
1082 4235 1138 4271 non
1169 4223 1250 4279 esset,
1283 4216 1379 4268 anima
1408 4215 1481 4268 enim
1507 4224 1533 4269 et
1558 4217 1621 4284 apsa
1646 4216 1721 4269 ratio
1748 4223 1788 4269 est

88 4313 142 4352 nec
168 4296 244 4351 credi
270 4296 386 4366 debere,
413 4299 487 4369 quod
513 4299 583 4353 ratio
610 4302 707 4356 statuit
732 4320 791 4358 esse
816 4303 924 4369 falsum,
953 4305 1062 4372 sclipio.
1086 4303 1167 4374 Disp.
1185 4309 1210 4357 5.
1229 4320 1256 4373 p.
1277 4307 1339 4357 165:
1361 4304 1398 4355 In
1415 4320 1516 4370 mapno
1535 4311 1560 4356 ct
1578 4320 1674 4356 erasm
1692 4319 1787 4355 errore

88 4381 165 4438 uude
191 4384 352 4456 mysterium
370 4385 525 4455 Trinitatis,
555 4393 694 4445 aeternam
720 4391 925 4460 generationem
952 4399 1079 4446 emautur
1097 4391 1248 4445 stancius
1267 4407 1329 4443 cam
1347 4390 1485 4459 Latiare,
1505 4391 1555 4459 qni
1571 4391 1677 4458 eredit,
1694 4406 1787 4442 oerum

86 4464 155 4524 Filii
186 4486 204 4524 a
226 4469 323 4538 Patre,
348 4471 464 4525 duarum
486 4474 515 4527 in
533 4472 644 4528 Christo
663 4483 824 4531 naturarum
849 4479 925 4533 unio·
954 4494 1011 4531 csse
1031 4477 1145 4546 aliquid
1161 4477 1192 4530 in
1208 4476 1354 4545 theolopia,
1375 4479 1452 4546 qaod
1468 4478 1504 4530 sit
1518 4478 1632 4544 falsam
1649 4478 1680 4529 in
1692 4477 1786 4546 pbilo-

88 4572 167 4625 nem,
192 4558 301 4627 peccati
319 4558 460 4628 originalis
477 4561 718 4632 propagationem,
743 4564 833 4617 curnis
853 4566 924 4635 ejus·
953 4565 1066 4633 neptia,
1091 4564 1117 4618 t.
1140 4580 1161 4618 a.
1187 4563 1295 4617 rationi
1319 4566 1498 4618 contrariam.
1544 4565 1693 4619 chssime
1716 4565 1789 4617 disat

89 4641 153 4699 dem
178 4643 406 4699 resurrectionem
434 4653 551 4716 negant,
578 4655 725 4717 propterea
754 4651 827 4721 quod
855 4653 924 4707 ratio
952 4651 1105 4719 Latiares,
1135 4652 1226 4719 mopis
1253 4652 1431 4720 disparatam
1457 4669 1515 4706 esse
1536 4653 1788 4721 praedicationem,

88 4729 201 4800 rtatuit,
232 4730 362 4785 articulos
388 4730 449 4785 illos
472 4738 582 4786 nostrae
608 4732 674 4788 fidei
698 4751 758 4789 esse
782 4736 925 4807 absurdos,
954 4739 1034 4792 Deus
1053 4745 1092 4791 est
1109 4737 1197 4807 bomo,
1216 4756 1300 4806 quom
1317 4739 1344 4790 si
1360 4739 1449 4807 dican
1466 4740 1546 4792 bomo
1565 4747 1605 4792 cat
1624 4739 1729 4794 onnus.
1748 4740 1788 4791 Et

88 4814 189 4887 falsos,
219 4816 419 4888 impossibiles,
447 4818 681 4875 contradictorios.
726 4812 925 4892 Expendantur
953 4826 995 4879 ita
1005 4825 1199 4894 fommsimnm
1215 4833 1269 4889 cst,
1293 4843 1392 4879 sacras
1412 4826 1510 4879 literas
1527 4828 1687 4893 affirmare,
1712 4826 1789 4895 parad

87 4901 159 4958 baec
182 4901 304 4973 ipsorum
322 4904 501 4972 emblemata,
529 4919 599 4976 quae
618 4906 853 4978 enumerabimus,
879 4909 926 4965 hic
954 4914 1043 4979 Dens,
1064 4928 1160 4981 nempe
1179 4913 1229 4980 qui
1243 4919 1346 4964 natura
1365 4912 1439 4978 taisi,
1459 4913 1496 4965 rit
1514 4913 1600 4967 bomo.
1619 4913 1699 4983 Disp.
1717 4919 1788 4982 post.

88 4986 252 5060 disputandi
277 5007 434 5061 processus,
463 5008 544 5062 quem
565 4992 772 5050 delineabimus.
809 4994 925 5051 Socinus
954 5005 978 5055 8.
998 5017 1026 5070 p.
1044 5003 1107 5054 421:
1136 4998 1171 5050 Ut
1187 5015 1282 5065 parua
1304 4998 1353 5050 lar
1370 5016 1502 5066 tropaea,
1526 5001 1567 5053 sic
1591 5001 1665 5054 ratio
1684 5001 1786 5054 doari-
1846 5017 1850 5025 ·

87 5074 137 5132 lib.
156 5076 191 5132 de
210 5077 335 5132 auctorit
352 5077 451 5148 Script.
469 5095 533 5148 pag.
556 5085 601 5134 ti:
622 5080 710 5132 Nullo
729 5083 812 5134 modo
829 5100 922 5138 venam
952 5101 1008 5139 nac
1025 5083 1200 5152 eoanpclicae
1218 5084 1360 5137 conserta
1379 5100 1437 5136 ease
1454 5087 1558 5154 nequit.
1596 5086 1701 5140 Cressa
1720 5087 1787 5140 naec

86 5177 150 5217 erac
167 5171 275 5231 potest,
302 5164 349 5218 cni
371 5165 446 5218 ratio
462 5182 582 5233 prorsas
606 5167 810 5236 communisque
827 5187 925 5225 semus
953 5180 993 5226 cat
1023 5173 1222 5242 plerorumque
1256 5171 1430 5239 ipnorantia,
1466 5173 1547 5240 cajus
1575 5173 1641 5241 jam
1674 5176 1786 5228 tandem

85 5257 254 5320 meant.
289 5248 401 5304 Catach.
424 5248 527 5304 Racov.
549 5257 634 5320 negat
655 5253 817 5321 mysterium
834 5253 924 5311 Trini-
952 5266 1060 5327 tempas
1078 5266 1159 5327 asad,
1184 5265 1214 5310 at
1231 5273 1278 5310 eos
1292 5259 1414 5327 puderet
1430 5258 1459 5311 in
1477 5266 1558 5312 tanta
1574 5261 1700 5313 veritatis
1719 5261 1786 5316 lece.

85 5334 156 5391 tatis
179 5350 214 5390 ex
238 5350 270 5390 eo
290 5335 441 5408 principio,
471 5335 537 5408 quia
563 5337 672 5389 rationi
698 5347 740 5392 est
768 5342 925 5414 adsecutos,
952 5344 986 5398 ln
1009 5361 1082 5415 resp.
1104 5343 1141 5399 sd
1160 5361 1211 5414 par
1229 5344 1359 5416 sophism.
1384 5345 1648 5418 aRsvenspergero
1665 5343 1786 5418 objecto·

83 5434 116 5497 p.
133 5425 184 5492 ⁴⁸3
202 5427 296 5494 negat,
315 5423 384 5477 duas
403 5437 464 5479 esse
482 5422 511 5477 in
528 5420 638 5478 Christo
656 5430 781 5496 naturas,
809 5428 876 5498 quia
892 5432 927 5485 id
951 5447 1014 5486 rum
1030 5446 1057 5501 p.
1075 5436 1122 5487 ³0:
1141 5432 1233 5486 Nullo
1250 5440 1290 5487 cst
1301 5433 1386 5502 fides,
1403 5433 1452 5486 adi
1467 5451 1523 5487 non
1540 5441 1580 5487 eat
1594 5434 1785 5503 inteiiipcritia.

83 5516 228 5580 reprom
255 5509 375 5579 rausa,
408 5527 437 5581 p.
467 5517 515 5581 ⁶53
546 5515 633 5582 negat
659 5517 800 5569 aeternam
824 5512 891 5570 Filii
907 5534 926 5571 a
951 5517 1024 5574 Ibid
1052 5518 1206 5574 Humiliter
1231 5519 1344 5589 aliquid
1372 5521 1511 5575 credendo
1543 5534 1637 5575 rernm
1669 5522 1702 5574 id
1731 5538 1787 5573 non

84 5593 176 5654 rsus
192 5593 411 5668 gsnmadonem,
436 5595 504 5669 quia
519 5597 628 5652 rationi
642 5607 814 5671 reprspsant,
830 5616 857 5673 p.
875 5607 925 5674 etc
952 5605 1083 5673 amedee.
1127 5603 1275 5662 Goslsvlns
1306 5621 1324 5660 a
1351 5602 1475 5661 Bnbslrm
1502 5606 1531 5663 in
1561 5605 1678 5679 praefat
1705 5610 1787 5661 tract.

1425 5715 1457 5769 14
