3984 6022
757 266 809 335 nn
825 264 987 322 unwan
1007 265 1081 323 nm.
1442 308 1445 311 -
1705 284 1763 343 tet
1827 232 1834 240 ¹

67 439 142 478 mum
163 421 263 477 bouum
281 422 439 475 meandum.
476 418 554 475 Deus
571 426 614 475 eet
631 436 712 476 omne
729 419 842 490 bonnm,
861 437 905 476 er-
936 422 1168 492 commutabilem,
1192 423 1297 479 nuilite
1315 426 1414 479 bonum
1432 434 1621 495 quaerentem,
1645 444 1700 498 quo
1717 449 1766 484 eu-

68 514 112 564 tra
129 510 210 564 illum
228 508 314 580 igitur
331 507 435 562 frustra
453 507 594 579 quaeritur
610 506 731 577 bonum,
750 506 795 561 cui
814 523 906 562 amore
932 516 1045 577 ocatur,
1070 511 1177 565 nuliius
1195 512 1299 566 molum
1316 513 1467 582 timentem,
1487 531 1540 582 quc
1557 513 1707 586 minuatur,
1726 517 1766 571 in·

67 596 222 654 inhaereat.
259 594 288 652 si
311 593 419 650 radium
443 593 573 665 exiguum
594 592 705 648 divium
726 592 858 648 bonitatis
876 593 905 648 in
931 595 1018 649 renio.
1055 596 1091 651 Si
1106 612 1172 665 erpo
1191 598 1325 667 quicquid
1340 598 1425 652 atiud
1442 599 1602 664 laudamus,
1621 602 1685 655 ideo
1704 602 1764 655 lau·

66 691 196 739 creatura
213 697 299 751 amas,
315 681 340 735 si
358 681 499 752 guttulam
514 680 598 751 hujus
616 679 699 735 fontis
718 679 818 750 cupide
832 680 904 735 desi·
931 683 1044 748 damus,
1069 683 1137 752 quia
1157 685 1255 739 bonum
1274 694 1327 754 eet,
1350 685 1431 739 nullo
1450 686 1502 739 tibi
1519 688 1612 756 major
1633 706 1720 742 cauea
1739 697 1765 743 et

66 772 159 838 derue,
179 785 264 840 quare
280 768 366 823 solem
383 767 474 838 ipsum
492 773 522 822 et
538 765 643 822 fontem
660 783 809 836 perennem
826 766 904 823 boni-
930 768 1030 823 melior
1055 777 1082 823 et
1093 771 1208 839 firmior
1227 773 1295 825 dari
1308 772 1415 841 potuit,
1441 788 1528 841 quare
1547 772 1646 826 laudes
1662 776 1764 845 Deum,

10 864 39 908 ta
66 857 133 913 tatis
162 872 216 911 non
241 852 371 910 amabis?
402 852 490 909 Omne
517 858 706 908 creaturarum
732 851 834 908 bouum
862 858 905 909 est
929 855 987 909 urei
1009 856 1077 924 quic
1103 858 1190 910 bonus
1213 867 1261 914 eet.
1305 856 1339 912 In
1363 857 1490 914 omnibus
1517 858 1649 914 creaturis
1672 861 1766 930 posuit

63 941 266 1013 imperfectum,
286 947 328 996 eet
343 939 486 1009 mutabile,
504 944 547 996 est
564 938 740 1010 particulare.
767 938 844 994 Deus
862 947 904 994 eet
930 940 1007 995 Deua
1025 941 1157 997 bonitatis
1174 960 1241 998 suae
1257 944 1383 1016 vestigia,
1401 950 1434 998 ut
1450 961 1545 999 omnen
1563 945 1599 1000 ud
1613 946 1763 1002 decantan-

64 1029 169 1085 bonum
196 1026 366 1098 perfectum,
394 1024 566 1081 immutabile
593 1031 621 1080 et
643 1025 814 1094 universale,
835 1042 901 1096 neg·
930 1027 994 1081 dam
1019 1027 1080 1082 Deo
1106 1028 1217 1082 laudem
1244 1047 1294 1084 nos
1321 1030 1479 1088 excitarent.
1514 1028 1547 1083 In
1572 1031 1625 1085 hac
1650 1032 1708 1085 vita
1731 1040 1763 1087 ut

63 1117 138 1172 lecto
156 1114 242 1186 igitur
258 1113 435 1184 imperfecto,
455 1111 581 1167 mutabili
599 1118 628 1166 et
645 1111 807 1183 particulari
830 1111 902 1167 bono
929 1112 1019 1168 Deum
1037 1114 1160 1169 nondum
1176 1114 1299 1186 perfecte
1315 1115 1497 1186 agnoscimus,
1516 1115 1555 1171 sic
1570 1133 1620 1171 nec
1640 1117 1762 1188 perfecte

65 1218 130 1258 ama
150 1200 313 1273 perfectum,
333 1199 505 1255 immutabile
524 1204 552 1255 et
570 1199 726 1254 universale
743 1198 854 1264 bonum,
873 1198 902 1253 in
929 1216 1060 1254 amamus.
1084 1199 1131 1273 ⁸,Ut
1147 1219 1202 1256 non
1219 1201 1342 1272 perfecte
1361 1218 1492 1270 mamus,
1510 1202 1551 1256 sic
1569 1219 1621 1257 nec
1638 1202 1761 1274 perfecte

63 1291 145 1361 cujus
168 1304 261 1343 amore
282 1302 334 1341 nec
355 1285 491 1354 taedium,
516 1301 567 1340 nec
585 1285 711 1355 satietas,
735 1302 786 1340 neo
806 1284 900 1355 poeni·
927 1286 1080 1351 laudamus,
1099 1288 1148 1342 sed
1166 1287 1195 1341 in
1212 1295 1325 1342 aeterna
1342 1287 1399 1342 vita
1416 1286 1515 1342 summi
1532 1288 1616 1359 bajus
1633 1289 1761 1345 bonierit

63 1374 153 1432 tentia
176 1374 269 1429 locum
293 1371 396 1426 habere
418 1376 539 1441 possunt
580 1372 656 1425 Arna
682 1389 767 1425 unum
793 1373 901 1436 bonum,
926 1371 1050 1442 perfecta
1065 1373 1184 1445 agnitio,
1203 1374 1328 1445 perfecta
1345 1374 1469 1443 dilectio,
1488 1374 1611 1445 perfecte
1627 1375 1759 1432 laudatio.

61 1465 93 1518 in
112 1480 167 1531 quo
184 1469 248 1514 sunt
267 1460 361 1515 omnia
379 1460 460 1528 bona,
478 1468 504 1512 et
521 1460 628 1526 sresfieit
642 1459 700 1513 tibi.
728 1459 852 1514 Anselm.
871 1458 900 1513 in
926 1459 1046 1531 August
1066 1459 1114 1515 lib.
1133 1466 1174 1515 22.
1193 1461 1228 1515 de
1245 1461 1319 1515 civit.
1336 1460 1390 1516 Dei
1409 1478 1433 1516 c.
1451 1467 1498 1518 30:
1523 1462 1685 1518 Praemium
1703 1465 1757 1519 uir-

59 1549 154 1621 proed.
176 1566 200 1603 c.
220 1553 260 1604 25.
297 1546 413 1602 Invento
439 1552 468 1602 et
490 1551 621 1618 percepto
635 1562 742 1600 summo
760 1545 808 1600 illo
826 1544 899 1599 bono
927 1546 993 1599 tutis
1011 1547 1079 1610 erit,
1105 1547 1155 1615 qui
1170 1546 1297 1601 uirtutem
1314 1548 1405 1619 dedit,
1432 1548 1510 1617 cipue
1528 1566 1557 1602 ee
1575 1549 1681 1618 ipsum,
1704 1568 1758 1620 quo

59 1641 153 1692 earet
179 1633 346 1690 desiderium
371 1632 487 1688 diorum
512 1632 663 1701 bonorum,
689 1632 756 1704 quia
777 1632 899 1686 ueniente
926 1632 1024 1687 melius
1051 1639 1077 1685 et
1100 1633 1193 1701 maiae
1215 1633 1394 1703 uituperare
1418 1651 1484 1704 esee,
1505 1635 1644 1704 promitit.
1679 1635 1760 1699 ,ante

56 1723 187 1792 perfecto
206 1728 295 1774 cesant
311 1721 505 1789 imperfectum
529 1725 551 1775 1.
569 1716 631 1775 Cor.
647 1724 686 1787 1³,
703 1737 728 1774 v.
745 1723 782 1773 10.
811 1720 897 1779 Qreae·
925 1718 999 1772 enim
1023 1718 1108 1772 aliud
1134 1727 1187 1788 eet,
1216 1720 1293 1789 quod
1314 1736 1370 1789 per
1389 1721 1560 1789 proplietam
1582 1721 1669 1775 dicit:
1696 1722 1757 1778 Ero

60 1810 181 1862 rendum
204 1814 255 1874 eet,
283 1804 374 1877 inquit
393 1804 506 1877 August
531 1804 579 1861 lib.
603 1810 627 1860 8.
652 1805 688 1860 de
705 1804 804 1860 'Irinit
830 1820 853 1859 c.
873 1810 896 1874 3,
925 1805 1039 1860 moran
1052 1806 1141 1870 Deus,
1159 1813 1184 1859 et
1201 1806 1260 1875 ipsi
1275 1815 1355 1861 erunt
1372 1805 1442 1860 mibi
1453 1806 1543 1876 plebe,
1559 1807 1618 1861 nebi
1633 1824 1683 1876 epo
1701 1824 1757 1879 ero,

60 1895 173 1949 amimae
191 1894 305 1957 bonum,
323 1910 379 1945 non
398 1893 445 1945 eui
462 1891 641 1960 mperuolitet
652 1892 828 1960 judicando,
846 1893 898 1946 ced
924 1895 998 1948 unde
1015 1893 1165 1963 satientur,
1190 1910 1239 1962 epo
1258 1911 1323 1964 erpo
1341 1910 1402 1962 oro,
1421 1909 1598 1964 quaecunque
1614 1896 1651 1948 ab
1670 1895 1755 1949 leomi-

60 1982 110 2035 cui
134 1981 278 2034 induerent
304 1980 442 2041 amando,
471 1985 497 2032 et
515 1978 586 2048 quid
602 1978 653 2031 boc
672 1977 729 2030 niei
746 1980 827 2032 Deus
844 1985 895 2034 etc.
924 1981 1004 2034 nibus
1022 1979 1132 2034 bauceto
1152 1981 1349 2035 desiderantur
1365 1988 1391 2034 et
1407 1981 1466 2034 rita
1487 1987 1513 2034 et
1530 1981 1609 2035 sulus
1627 1988 1653 2036 et
1670 1981 1757 2036 metue

59 2068 87 2121 ei
105 2066 234 2136 potueris
257 2065 391 2118 &mactes
410 2063 483 2132 ills's,
507 2080 579 2133 oreae
591 2063 813 2133 participatione
831 2064 898 2118 boui
925 2075 951 2121 et
976 2067 1058 2136 eopia
1084 2074 1110 2120 et
1130 2067 1225 2134 ylario
1249 2074 1275 2121 et
1295 2068 1385 2121 bonor
1403 2075 1428 2120 et
1440 2083 1503 2137 pau
1520 2074 1547 2123 et
1563 2069 1658 2123 omnia
1676 2069 1758 2139 bonu,

60 2154 135 2207 bono
151 2160 230 2220 emt,
243 2168 298 2221 per
313 2168 344 2203 se
362 2151 454 2219 ipsum
467 2150 630 2220 perspicere
650 2150 761 2228 bonum,
783 2167 896 2220 perspe-
923 2155 964 2208 eic
982 2153 1055 2208 euim
1072 2161 1098 2207 et
1115 2152 1192 2207 iilud
1209 2161 1281 2207 recte
1299 2153 1474 2221 intellipe'tur,
1491 2156 1569 2224 quod
1586 2155 1627 2208 ait
1646 2163 1756 2226 aperto·

59 2241 135 2294 ceris
154 2240 261 2305 Deum,
279 2238 326 2290 cui
340 2236 368 2289 ei
383 2252 479 2290 amore
498 2236 664 2304 intuereris,
687 2237 816 2291 continuo
835 2239 895 2290 beu-
923 2241 981 2308 lus,
1007 2247 1038 2293 ut
1058 2238 1095 2292 eit
1112 2240 1193 2292 Deus
1215 2241 1308 2293 omnia
1325 2240 1355 2292 in
1380 2239 1518 2304 omnibus3
1543 2240 1603 2310 ipse
1621 2242 1674 2295 erit
1692 2242 1756 2306 finis

59 2325 220 2397 inflecteris.
256 2325 369 2378 Pudeat
394 2331 484 2377 autem
512 2341 572 2377 cum
597 2323 658 2376 alia
682 2341 738 2377 non
756 2333 895 2392 amantur,
924 2325 1128 2380 desideriorum
1145 2333 1309 2393 nostrorum,
1328 2325 1377 2395 qui
1389 2326 1449 2379 eine
1462 2326 1516 2390 tine
1533 2328 1679 2395 uidebitur,
1695 2328 1756 2384 eine

59 2412 118 2466 nisi
135 2411 202 2481 puin
220 2412 292 2464 bono
309 2417 388 2477 eunt,
408 2409 448 2462 eis
464 2409 634 2464 inhaerendo
657 2427 714 2464 non
733 2427 831 2464 amare
850 2412 893 2464 bo·
921 2414 1043 2479 faetidio
1073 2413 1228 2474 amabitur,
1260 2413 1320 2465 sine
1347 2412 1553 2480 desatipatione
1584 2413 1755 2469 laudabitur.

60 2518 127 2554 num
145 2499 250 2568 ipsam,
269 2499 344 2551 unde
362 2498 433 2550 bono
450 2504 522 2550 sunt.
558 2495 587 2551 Si
605 2496 715 2569 singula
733 2497 805 2553 bona
824 2497 896 2552 dele·
923 2502 950 2553 3.
969 2501 1011 2554 ad
1027 2507 1174 2569 peccatum
1196 2499 1349 2552 uitandum.
1383 2498 1460 2553 Deae
1482 2504 1525 2553 eet
1547 2515 1683 2554 summum
1706 2499 1754 2557 bo·

58 2584 176 2642 ctabilia
197 2590 262 2639 sunt
284 2591 313 2638 et
330 2583 472 2652 amabilia,
499 2600 582 2654 quam
602 2600 701 2652 suave,
720 2601 804 2655 quam
821 2584 895 2639 dele·
922 2604 1002 2654 num,
1019 2602 1166 2641 caveamus
1183 2584 1268 2657 igitur
1285 2585 1355 2639 illud
1372 2584 1494 2655 peccatu
1511 2585 1658 2640 offendere.
1696 2584 1752 2642 Ini-

58 2671 164 2728 ctabile
187 2671 240 2728 erit
258 2669 327 2726 illud
347 2669 464 2739 bonum,
489 2671 564 2741 quod
589 2671 713 2726 continet
730 2670 893 2726 nauantem
923 2673 1084 2744 quissimum
1106 2672 1231 2743 profecto
1254 2679 1310 2740 eet,
1330 2670 1385 2738 illi,
1402 2688 1419 2725 a
1437 2687 1492 2743 qao
1509 2689 1590 2728 omne
1606 2671 1642 2726 ad
1659 2677 1687 2727 te
1705 2671 1751 2728 de·

56 2758 182 2815 omnium
208 2756 360 2814 bonorum?
398 2755 516 2811 Greetote
542 2758 631 2827 ipitur
653 2766 679 2811 et
704 2758 808 2826 ridete,
837 2748 894 2808 3111
920 2760 1029 2816 scandit
1045 2759 1158 2825 bonum,
1175 2759 1277 2816 referre
1294 2760 1405 2826 malum,
1423 2758 1561 2829 cumipse
1577 2759 1622 2814 lex
1637 2765 1753 2818 neruus

58 2847 147 2901 mnne
164 2862 249 2914 prum
266 2844 302 2897 eit
320 2843 455 2897 dominae.
487 2847 595 2898 Beatus
611 2845 667 2912 oir,
685 2844 735 2914 qui
750 2852 847 2913 eperat
864 2845 893 2897 in
921 2847 1021 2902 doceat
1044 2846 1163 2918 matiam
1186 2845 1294 2918 pause
1320 2851 1349 2900 et
1373 2845 1475 2901 bouum
1492 2844 1565 2901 bono
1582 2851 1864 2916 compensandam

57 2950 91 2988 eo
111 2931 159 2987 Pr.
183 2937 228 3000 34,
252 2949 278 2985 r.
303 2937 327 2986 9.
358 2928 415 2985 Cur
431 2947 482 3000 per
498 2935 638 2985 creaturas
663 2929 835 2998 oberramus,
862 2938 894 2985 ut
921 2934 995 2988 dnm.
1029 2932 1161 2988 Damnati
1186 2933 1215 2988 in
1236 2932 1343 2988 inferno
1364 2932 1540 3004 gravissimos
1557 2948 1591 2987 er
1609 2949 1642 2988 eo
1661 2932 1753 2988 cordis

55 3018 167 3091 aliquot
183 3016 307 3091 guttulae
325 3016 457 3071 bonitatis
470 3015 641 3087 colligamus,
660 3017 760 3087 quibua
774 3016 892 3072 oblecte-
920 3035 1037 3091 angores
1062 3018 1193 3083 sentient,
1219 3019 1294 3090 qnod
1312 3018 1415 3073 bonnm
1431 3017 1509 3072 illum
1531 3016 1638 3087 Deum,
1660 3034 1679 3073 a
1696 3033 1752 3088 quo

57 3123 135 3175 mur,
161 3104 262 3177 quibua
286 3104 395 3159 animae
419 3103 585 3159 desiderium
608 3103 753 3173 satiemus,
782 3120 845 3157 cum
863 3103 891 3158 in
919 3106 1120 3163 omnebonum
1137 3110 1317 3176 acceperunt,
1339 3105 1460 3175 peccem
1477 3102 1534 3157 suis
1550 3109 1605 3158 tam
1624 3110 1752 3174 proterve

54 3191 121 3249 Deo
138 3190 177 3248 sit
193 3190 386 3248 inexhaustum
408 3191 525 3263 pelagus
549 3191 637 3247 omnia
656 3191 735 3256 boni,
757 3192 831 3263 quod
849 3208 892 3247 eo·
920 3210 952 3249 ac
976 3192 1155 3264 pervicaciter
1179 3190 1352 3248 offenderint.
1387 3190 1428 3247 Ut
1452 3195 1543 3245 autem
1568 3189 1751 3247 consideratio

55 3279 117 3334 lum
139 3279 246 3334 animae
269 3283 378 3333 nostrae
402 3278 477 3331 sitim
509 3279 679 3349 restinguere
705 3285 811 3348 potest3
844 3279 891 3350 qui
919 3298 1042 3335 summae
1061 3279 1195 3334 bonitatis
1216 3278 1244 3333 in
1262 3277 1338 3332 DEO
1361 3278 1399 3331 ad
1414 3284 1559 3347 peccatum
1576 3275 1692 3348 quodvis
1711 3276 1749 3330 vi·

53 3365 110 3421 boo
134 3364 209 3421 bono
234 3364 348 3433 fruitur,
376 3364 417 3419 illi
441 3365 549 3419 nullum
571 3364 672 3420 bonum
695 3364 795 3435 deerit,
818 3364 892 3421 illius
918 3365 1034 3422 tandum
1056 3383 1107 3421 nos
1130 3373 1315 3432 commoveat,
1342 3364 1383 3419 sic
1401 3362 1577 3433 peculiariter
1594 3361 1630 3417 ab
1647 3359 1751 3416 invidia

53 3453 150 3509 enine
172 3452 200 3506 in
223 3451 296 3507 bono
318 3452 465 3507 satiabitur
488 3451 534 3508 Pe.
555 3458 594 3509 11.
614 3469 639 3507 v.
664 3451 730 3521 ult,
757 3450 804 3506 ille
829 3468 890 3506 cum
919 3471 969 3509 noe
986 3458 1102 3508 revocet
1136 3451 1163 3504 A
1181 3450 1242 3506 Deo
1260 3449 1352 3504 omnia
1369 3448 1399 3503 in
1417 3465 1467 3502 nos
1486 3453 1514 3503 et
1530 3449 1683 3519 proximum
1702 3463 1749 3503 uo·

41 3538 161 3613 „gaudio
184 3538 350 3594 exclamabit
377 3539 423 3593 Ps.
449 3545 495 3609 ta,
518 3556 543 3592 v.
564 3544 592 3594 1:
623 3539 713 3602 Quom
738 3540 825 3593 bonus
848 3541 891 3594 Ie·
918 3546 1006 3594 saum
1028 3537 1200 3593 descendunt
1221 3536 1311 3604 bona3
1337 3535 1385 3606 qui
1408 3534 1531 3605 proximo
1549 3533 1665 3598 invidet,
1688 3532 1749 3590 Deo

54 3626 132 3681 retii
152 3627 233 3680 Deus
257 3626 315 3690 tsi,
339 3626 389 3696 qui
405 3632 480 3679 recto
500 3633 563 3678 esmt
580 3627 673 3680 corde.
709 3625 835 3682 Breviter
859 3644 890 3682 er
919 3626 972 3696 ipsi
990 3626 1124 3681 donorum
1141 3622 1265 3695 largitori
1282 3622 1443 3677 adversatur
1461 3637 1493 3676 ac
1510 3637 1573 3676 vere
1591 3626 1634 3676 eet
1648 3616 1749 3674 ercuri-

52 3714 177 3786 Augnst.
195 3711 259 3770 libr.
279 3718 300 3767 1.
320 3713 355 3768 de
371 3712 467 3767 morib.
486 3712 553 3767 eccl.
571 3711 673 3767 cathol.
693 3729 717 3766 c.
739 3718 761 3768 8.
782 3713 891 3768 conclu·
914 3733 966 3784 χος
982 3711 1081 3766 Mattb.
1106 3716 1152 3779 20,
1177 3728 1202 3764 v.
1223 3716 1246 3764 5.
1267 3707 1396 3779 Denique
1413 3722 1467 3762 non
1485 3706 1573 3762 solum
1593 3706 1629 3761 ad
1646 3706 1749 3762 malum

53 3801 161 3857 dimne:
187 3800 333 3854 Bonorum
356 3817 465 3852 nnuma
483 3799 563 3852 Deus
580 3798 659 3851 notis
677 3806 729 3866 est,
753 3801 833 3853 Deus
850 3808 891 3854 eet
919 3800 1069 3866 vitandum,
1090 3797 1138 3853 sed
1156 3797 1239 3853 etiarn
1258 3796 1295 3851 ad
1311 3795 1416 3851 bonum
1433 3794 1597 3849 imitandum
1613 3812 1663 3865 per
1679 3793 1748 3850 divi·

53 3888 136 3944 nobr's
161 3905 295 3941 summum
319 3887 426 3940 bonum.
467 3886 562 3954 Neque
587 3886 669 3952 infru
695 3886 775 3939 nobis
802 3904 891 3940 rema·
919 3902 970 3941 nae
988 3883 1119 3940 bonitatis
1143 3881 1349 3938 meditationem
1367 3881 1525 3937 excitemur.
1560 3880 1654 3935 Bonus
1671 3879 1749 3936 Deus

52 3968 192 4038 nendum
222 3989 311 4044 nepae
336 3973 414 4025 ultro
441 3974 643 4041 moerendum,
673 3972 792 4026 alterurn
819 3975 891 4027 enim
919 3979 961 4029 cst
983 3980 1012 4029 et
1032 3972 1129 4044 regula
1146 3977 1228 4043 atque
1249 3969 1389 4041 exemplar
1403 3968 1491 4024 omnis
1508 3967 1588 4033 boni,
1612 3967 1650 4023 ad
1671 3967 1748 4023 illum

48 4061 256 4134 periculosum,
278 4060 396 4113 adenem
418 4059 534 4114 nullum.
562 4063 589 4111 2.
608 4061 649 4112 ad
665 4077 800 4113 mmmmm
816 4059 893 4113 illud
918 4077 974 4114 non
996 4059 1049 4114 nisi
1075 4057 1155 4114 honis
1172 4056 1327 4113 actionibus
1344 4055 1605 4127 appropinquamus.
1640 4054 1748 4110 Bonum

53 4149 158 4204 mnan
178 4146 363 4201 laudandum.
398 4143 441 4198 Er
469 4162 561 4200 amore
584 4151 613 4200 et
637 4144 771 4201 desiderio
792 4145 891 4200 summi
919 4152 960 4201 eet
977 4145 1019 4200 sui
1037 4144 1198 4200 diffusivum
1216 4147 1245 4198 et
1262 4142 1535 4207 communicativum,
1556 4141 1581 4195 si
1598 4140 1670 4195 bono
1687 4140 1748 4195 Deo

51 4235 123 4293 boni
151 4232 273 4288 auscium
302 4234 363 4303 ejus
389 4231 572 4302 praedicatio,
602 4231 677 4302 quod
705 4231 778 4287 enim
807 4233 891 4287 eorde
918 4232 1019 4287 similes
1045 4248 1105 4286 esee
1128 4229 1267 4300 capimus,
1289 4235 1412 4283 noenum
1438 4244 1548 4299 quoque
1564 4225 1667 4282 bonum
1686 4225 1748 4285 aliis

52 4325 180 4389 amatur,
205 4319 275 4374 illud
300 4335 347 4375 ore
372 4318 558 4389 praedicatur.
592 4317 725 4372 Dicamus
743 4335 811 4390 ergo
827 4335 890 4373 cum
918 4318 1162 4374 communicemus:
1188 4317 1249 4370 Fac
1273 4317 1373 4368 bonum
1391 4316 1528 4377 debono,
1553 4317 1627 4367 unde
1645 4332 1701 4366 non
1719 4330 1748 4367 ee

51 4406 184 4464 omnibns
204 4405 308 4462 sanctis
334 4412 358 4461 2.
375 4404 467 4460 Parsl.
492 4412 521 4472 5,
545 4421 571 4459 v.
595 4409 635 4461 13.
656 4404 723 4461 Esd.
744 4409 773 4470 ³,
799 4422 825 4459 v.
851 4411 890 4462 11.
917 4423 979 4460 uere
998 4407 1095 4472 boum,
1120 4412 1151 4458 ut
1166 4405 1324 4458 verobona
1341 4404 1486 4472 acquiras,
1507 4400 1597 4473 inquit
1613 4400 1748 4472 Augusti·

53 4493 103 4551 Pe.
124 4499 180 4550 lot.
198 4511 223 4548 r.
245 4502 273 4549 1:
302 4492 480 4555 Confitemini
494 4491 619 4561 domino,
644 4492 778 4561 quonium
797 4493 894 4562 bonus,
916 4511 969 4548 nus
988 4509 1068 4548 serm.
1086 4499 1109 4546 5.
1127 4491 1164 4546 de
1180 4491 1254 4546 verb.
1271 4489 1344 4545 dom.

52 4582 190 4654 quoniam
216 4581 246 4634 in
272 4580 393 4634 seculum
419 4578 618 4633 misericordia
647 4579 714 4648 ejus.
756 4578 802 4634 Ps.
833 4585 891 4650 135,

53 4685 80 4722 r.
100 4672 132 4723 3:
157 4667 287 4722 Mactata
304 4667 458 4736 dominum,
485 4665 555 4734 puio
577 4666 663 4719 bonus
688 4672 728 4719 est
754 4665 891 4735 domiuus,
1228 4715 1430 4727 Q

53 4761 167 4811 eantur
184 4753 292 4807 nomini
308 4754 377 4823 ejus,
396 4752 464 4822 quia
475 4752 647 4820 jactandum,
670 4752 699 4805 in
718 4768 790 4822 quae
806 4752 892 4808 rerba

53 4841 97 4909 sic
119 4844 320 4896 commentatur
345 4837 530 4911 Augustinus:
559 4837 629 4891 Cum
645 4838 724 4892 Deus
748 4839 833 4891 bonus
854 4839 891 4891 eit

53 4935 81 4982 et
99 4927 172 4981 bona
192 4927 286 4980 omnia
296 4924 415 4993 fecerit,
437 4924 577 4993 multoque
595 4925 633 4977 eit
651 4925 763 4992 melior,
783 4923 834 4993 qui
842 4924 890 4989 fe·
1174 4915 1237 4979 SE
1258 4917 1279 4977 0
1297 4918 1321 4977 Τ
1336 4916 1354 4978 Ι
1373 4916 1396 4978 0
1432 4915 1492 4978 xl.

52 5016 194 5088 moer
212 5015 277 5077 aa,
296 5029 367 5082 Μ
383 5012 461 5080 ree,
478 5027 535 5062 '¹⁰¹¹
553 5011 673 5065 ‘W
689 5011 795 5079 ''W‘’
815 5013 892 5081 ⁹¹⁴⁰⁶
1022 5039 1086 5106 na
1119 5040 1209 5106 ner
1244 5035 1637 5104 armenicorum.

51 5103 91 5157 de
107 5101 161 5155 iilo
183 5099 279 5164 dicae,
304 5100 362 5153 nisi
378 5099 446 5169 quio
465 5098 550 5151 bonus
577 5105 617 5150 est
635 5099 780 5167 dominus,
803 5098 832 5150 ei
848 5106 889 5151 ta-

51 5205 117 5243 men
140 5186 283 5254 inunum
304 5186 424 5256 proprie
447 5186 561 5253 bonum,
587 5202 606 5238 a
630 5202 684 5253 creo
699 5191 762 5238 eunt
778 5192 890 5239 vatim
951 5198 1010 5249 tto.
1034 5191 1139 5247 Tbesis.
1174 5190 1286 5245 DEUS
1306 5199 1335 5243 ut
1358 5198 1398 5243 est
1421 5207 1524 5244 mmme
1549 5191 1635 5245 bonus
1656 5193 1697 5245 ita
1721 5202 1794 5248 etue
1808 5206 1849 5246 oet

50 5277 128 5330 bonu
152 5279 205 5327 etc.
248 5273 394 5343 Ineffate‘li
416 5272 565 5326 dulcedine
586 5279 693 5339 teneor,
718 5289 779 5325 curn
801 5273 889 5327 audio
915 5295 1018 5333 eamme
1040 5279 1207 5332 misericors.
1243 5275 1358 5331 Bonitas
1381 5282 1409 5330 et
1431 5275 1619 5332 misericordia
1642 5277 1696 5335 Dei
1713 5295 1746 5334 or
1760 5257 1848 5348 wlf

48 5363 140 5417 bow
157 5361 300 5424 domim,
325 5360 551 5429 wllmltsstt'tttt
569 5359 693 5413 wilm
711 5365 736 5413 ti
763 5361 888 5413 1011δὶἅὰ
914 5374 1016 5422 natura
1026 5365 1066 5420 rei
1078 5383 1133 5420 nou
1148 5363 1289 5432 differunt,
1306 5364 1355 5419 sed
1373 5364 1479 5419 ratione
1495 5364 1581 5419 nostri
1598 5372 1747 5437 conceptus

46 5447 133 5512 rateb,
152 5463 225 5518 perae
235 5447 401 5514 forinsecae
408 5455 481 5515 nmt,
500 5449 556 5501 ieta
573 5466 629 5502 non
647 5447 736 5500 laudo
746 5447 807 5500 eine
819 5448 888 5515 ulto,
914 5451 1023 5508 bonitas
1038 5457 1172 5523 tanquam
1188 5467 1274 5506 censa
1291 5468 1309 5506 a
1326 5451 1514 5506 misericordia
1530 5458 1663 5525 tanquam
1681 5452 1747 5508 effc-

45 5535 135 5591 tuen
153 5542 245 5591 mm
262 5535 323 5588 eine
342 5534 404 5588 un'e
417 5536 585 5604 perfectum,
609 5552 665 5588 noe
681 5533 821 5602 indicum,
846 5536 888 5589 in·
914 5546 961 5594 ctu
977 5537 1164 5610 mergatur.
1198 5537 1320 5605 Aneelm
1338 5538 1459 5610 proslog.
1476 5553 1537 5611 cap.
1555 5544 1588 5596 t:
1628 5540 1699 5596 Vere
1715 5540 1745 5593 in
