3984 6022
823 299 1093 359 DEDICATORIA.
1756 307 1799 362 XI

112 457 328 536 procedimus:
370 454 491 538 Nepote
519 456 595 520 Filii
620 456 679 520 Dei
711 457 749 520 ob
777 473 903 522 aeterno
925 477 994 521 ntur
1015 458 1108 522 Patro
1126 458 1341 530 subsistentia,
1372 470 1505 540 nepatnr
1522 463 1669 541 protinus
1691 463 1800 528 diuina

114 567 179 648 ejus
197 577 327 639 natura,
350 577 462 648 nepeta
484 568 594 630 divino
609 566 684 630 Filii
704 577 832 639 natura,
855 579 987 647 uepatur
1006 586 1030 632 s.
1051 586 1075 632 s.
1102 567 1266 633 Trinitatis
1288 571 1481 648 mysterium,
1505 581 1637 651 nepotur
1660 569 1798 652 Spiritus

114 678 214 740 saneti
246 687 374 740 aeterno
405 687 432 741 et
464 674 555 740 Patri
586 695 622 740 ac
652 676 733 740 Filia
767 679 975 741 coissentiolis
1004 679 1189 760 hypostasis.
1239 676 1374 742 Ulterius
1404 689 1516 759 napata
1544 680 1654 745 diuina
1683 680 1799 747 Christi

114 797 247 860 notura,
278 797 377 851 totum
405 788 603 851 redemtionis
632 796 759 850 nostrae
787 798 814 851 et
842 788 1066 869 satisfactionis
1093 807 1151 868 per
1175 786 1331 852 Christum
1348 791 1519 869 praestitae
1542 793 1726 872 musterium
1745 812 1799 856 rte-

114 908 216 978 patur.
261 895 365 979 Nepae
386 899 468 960 enim
490 898 568 960 nudi
589 898 722 960 hominis
742 898 851 976 passio
874 907 903 960 et
922 915 1008 961 mars
1032 890 1212 981 ἱσόρῥοννον
1231 892 1347 978 itispov
1367 916 1431 961 esse
1450 900 1567 978 poterit
1584 917 1646 979 pro
1666 903 1799 983 peccatis

114 1008 237 1079 mundi,
269 1007 442 1071 obedientia
470 1007 548 1070 nudi
576 1007 710 1069 hominis
740 1025 804 1068 aon
830 1008 943 1086 poterit
966 1007 1124 1088 justitiam
1153 1017 1179 1070 et
1202 1007 1332 1070 salutern
1355 1007 1426 1070 aliis
1450 1011 1640 1087 promereri,
1670 1013 1799 1092 sanpuis

114 1118 191 1180 audi
219 1117 354 1180 honunis
380 1135 445 1180 non
468 1117 585 1196 poterit
612 1118 711 1197 ipnem
737 1117 804 1179 irae
824 1116 949 1180 divinae
971 1118 1174 1197 eastinpuere.
1217 1114 1254 1180 Si
1275 1115 1308 1180 in
1330 1136 1395 1183 una
1416 1116 1507 1182 lance
1530 1119 1590 1199 (ait
1614 1118 1650 1183 D.
1672 1120 1798 1185 Luther.

114 1227 163 1291 lib.
186 1227 222 1290 de
244 1237 376 1291 conces
396 1226 496 1290 eccles.
519 1236 538 1289 t.
561 1224 588 1288 l.
613 1222 716 1290 Germ.
737 1224 804 1289 len.
829 1245 860 1308 p.
884 1225 971 1306 264.)
1003 1231 1138 1309 peccate
1166 1227 1275 1292 nostr‘a
1301 1233 1334 1292 et
1363 1226 1411 1292 ira
1431 1227 1493 1293 Dei
1518 1228 1799 1311 peccatisnostris

114 1334 222 1401 desita
243 1334 475 1420 appendantur,
498 1340 531 1400 et
551 1333 585 1398 in
606 1335 708 1400 ultera
727 1342 862 1400 naturae
884 1342 1007 1401 tantum
1029 1336 1186 1402 humanae
1209 1357 1293 1402 mors
1315 1344 1460 1423 ponatur,
1483 1345 1539 1402 aut
1561 1338 1654 1405 homo
1676 1345 1800 1406 tantam

113 1466 171 1530 pro
199 1444 341 1530 peccatis
368 1443 486 1511 nostris
514 1465 644 1530 passus,
678 1452 752 1510 tunc
778 1445 880 1511 altera
907 1447 983 1511 lanx
1013 1447 1163 1530 deprimit
1190 1467 1249 1514 nos
1278 1446 1320 1513 ad
1346 1448 1488 1513 infimum
1510 1468 1611 1533 usque
1632 1449 1798 1517 iniemurn

114 1553 206 1633 Quod
226 1555 256 1622 si
275 1575 351 1622 vero
372 1555 405 1621 in
427 1554 564 1621 adversa
585 1555 678 1621 lanae
696 1562 833 1641 ponatur
854 1557 917 1622 Dei
938 1556 1064 1641 passio,
1085 1556 1148 1623 Dei
1169 1579 1270 1644 mors,
1291 1559 1354 1625 Dei
1376 1560 1525 1645 sanguis,
1548 1580 1606 1626 seu
1629 1561 1718 1627 Deus
1740 1581 1798 1645 pro

113 1666 204 1733 nobis
224 1684 343 1752 passus
363 1673 396 1732 et
417 1672 575 1751 mortuus,
606 1673 681 1732 tuno
702 1665 830 1751 gravior
851 1675 884 1732 et
904 1667 1111 1752 ponderosior
1132 1668 1187 1734 fiet
1209 1669 1285 1735 lanx
1308 1671 1387 1755 ista,
1420 1691 1515 1754 quam
1537 1671 1644 1736 omnia
1664 1678 1800 1757 peccata

113 1784 222 1844 nostra
242 1783 275 1844 et
297 1776 448 1844 universa
470 1777 533 1842 Dei
555 1776 611 1843 ira
655 1777 757 1841 Porro
780 1789 891 1859 napata
913 1781 1126 1863 satisfactione
1144 1798 1206 1861 pro
1226 1784 1360 1862 peccatis
1383 1784 1500 1846 nastris
1525 1801 1544 1845 α
1563 1782 1685 1847 Christo
1705 1801 1798 1863 proe-

113 1892 207 1962 stito,
239 1900 423 1953 nostrorum
457 1907 586 1970 operum
612 1891 731 1953 meritis
758 1888 800 1952 ad
828 1889 958 1952 salutem
985 1890 1214 1971 adspirandum
1241 1909 1304 1956 esse
1332 1892 1539 1974 relinquitur,
1574 1891 1640 1955 olio
1667 1911 1799 1976 nomque

113 2000 225 2064 salutis
250 2001 303 2063 nia
324 2009 463 2079 superest
488 2000 585 2062 nulla.
629 1997 736 2062 Posito
765 2018 893 2079 operum
915 2011 1098 2064 nostrornm
1119 2003 1229 2064 rnerita
1252 2001 1324 2082 lepis
1346 2002 1470 2065 diuinae
1487 2002 1625 2083 perfecta
1647 2013 1676 2067 et
1697 2005 1798 2067 omni·

114 2111 170 2173 bns
202 2111 342 2174 numeris
375 2109 521 2173 absolata
552 2109 689 2190 impletio
724 2110 891 2173 stabilitur.
936 2110 1045 2174 Posito
1075 2111 1148 2192 lepis
1180 2111 1315 2191 perfecta
1342 2129 1398 2191 per
1426 2129 1483 2176 nos
1508 2114 1593 2192 ipsos
1623 2113 1799 2193 impletione

113 2220 267 2284 articulus
298 2220 335 2283 de
363 2220 505 2301 pratuito
530 2220 753 2301 justificatione
778 2238 838 2300 per
860 2221 949 2301 fidem
971 2222 1005 2283 in
1032 2219 1189 2284 Christum
1211 2224 1367 2285 evertitur.
1411 2219 1447 2285 Si
1468 2219 1553 2286 enim
1578 2241 1618 2286 ex
1640 2222 1799 2307 operibus,

110 2328 181 2412 jam
210 2349 274 2395 non
302 2349 343 2394 ex
371 2328 478 2412 gratia
497 2328 588 2394 Rom.
614 2329 667 2412 ll,
696 2350 723 2392 n.
744 2329 773 2394 6.
817 2327 955 2393 Sulcato
977 2310 1132 2410 pratuitoe
1147 2331 1384 2414 justificationis
1404 2332 1626 2413 fundamento,
1653 2334 1800 2404 stabilitis

114 2452 226 2505 contro
249 2459 378 2522 operum
401 2441 520 2504 aseritis
543 2451 570 2504 et
590 2440 727 2522 perfecta
749 2440 821 2520 lepis
843 2441 1029 2521 impletione,
1055 2443 1136 2504 vires
1159 2441 1247 2504 liberi
1268 2443 1394 2505 arbitrii
1412 2443 1511 2505 modis
1531 2438 1676 2506 'ominibus
1695 2445 1801 2508 saluae

115 2562 207 2633 atpue
230 2553 367 2632 inteprae
390 2559 585 2614 asseruntur.
629 2548 775 2614 Stabilita
799 2550 888 2612 liberi
910 2549 1037 2614 arbitrii
1058 2553 1255 2624 rectitudine,
1276 2563 1437 2632 peccatum
1456 2553 1624 2633 oripinale,
1649 2554 1800 2634 ejusdem-

116 2680 174 2744 que
195 2662 230 2724 in
247 2671 392 2741 posteros
413 2659 498 2725 Adae
518 2661 705 2741 propapatio
728 2669 875 2740 nepotur:
906 2671 1015 2740 napata
1041 2670 1167 2741 peccato
1191 2660 1341 2741 oripinoli
1362 2662 1463 2725 virtus
1485 2662 1632 2742 baptismi
1654 2674 1796 2744 nepotur,

118 2783 145 2835 et
174 2773 208 2834 in
237 2781 399 2835 salernam
428 2769 585 2851 quandam
614 2771 820 2833 ceremoniam
849 2772 950 2834 omnis
979 2772 1157 2851 spiritualis
1179 2771 1331 2853 efficaciae
1352 2782 1508 2853 expertem
1529 2790 1655 2836 socrum
1675 2775 1732 2837 hoc
1752 2774 1800 2839 la

116 2900 246 2946 nanum
268 2880 525 2961 transformatur.
568 2877 707 2961 Denique
730 2889 843 2960 napata
864 2882 973 2944 divina
996 2880 1110 2946 Christi
1132 2890 1267 2953 notura,
1299 2893 1432 2963 nepotur
1455 2883 1547 2946 etiam
1567 2900 1642 2946 veru
1663 2893 1691 2946 et
1712 2883 1800 2946 soln-

117 2993 194 3056 toris
217 2992 360 3071 corporis
381 3008 418 3053 oc
440 2990 601 3069 sonpuinis
623 2991 723 3070 ipsius
745 2992 780 3053 in
801 3008 825 3053 s.
848 3009 944 3054 coena
960 2986 1124 3067 κοινωνία,
1147 3009 1244 3072 nepus
1258 2993 1340 3053 enim
1354 2992 1433 3055 nudi
1446 2994 1582 3056 hominis
1598 3011 1672 3056 caro
1687 2992 1801 3074 abspue

117 3101 330 3182 capernaitica
353 3099 479 3163 laniem
500 3099 702 3172 manducari,
734 3101 832 3165 niulto
860 3103 964 3164 minus
990 3101 1113 3183 oinifca
1144 3118 1207 3163 esse
1234 3112 1355 3181 potest,
1388 3104 1439 3165 sed
1468 3103 1536 3167 ideo
1563 3114 1590 3166 et
1625 3103 1696 3165 inde
1724 3121 1799 3167 caro

120 3210 234 3277 Christi
256 3220 300 3274 est
321 3210 461 3291 virifica,
495 3207 571 3291 quia
597 3215 647 3275 est
668 3209 771 3293 verbi,
799 3211 907 3276 omnia
928 3209 1091 3276 vivificare
1113 3209 1265 3295 valentis,
1293 3210 1425 3296 propria
1450 3230 1536 3294 caro,
1568 3222 1603 3274 ut
1624 3222 1703 3275 recte
1720 3229 1799 3291 pro-

116 3323 241 3385 nuntiat
272 3319 362 3384 Conc.
380 3319 526 3400 Ephesin.
550 3339 574 3384 c.
596 3320 645 3385 tt.
688 3320 807 3401 Napata
825 3333 929 3386 autem
949 3322 1162 3403 satisfactione
1183 3341 1242 3402 pro
1261 3324 1395 3402 peccatis
1422 3323 1539 3385 nostris
1561 3339 1621 3401 per
1644 3320 1800 3385 Christum

114 3433 278 3513 praestita,
301 3439 411 3510 nepote
437 3428 551 3495 Christi
572 3433 692 3508 merito,
713 3442 826 3514 napata
846 3434 987 3513 pratnita
1003 3450 1064 3512 per
1083 3432 1172 3514 fdem
1194 3434 1228 3494 in
1252 3430 1408 3520 Christum
1422 3432 1665 3515 iustificatione,
1689 3442 1801 3512 nepota

118 3543 263 3624 baptismi
294 3541 446 3623 efficacia,
478 3552 591 3622 nepota
621 3544 763 3622 corporis
793 3553 820 3607 et
850 3543 1013 3622 sanpuinis
1043 3541 1158 3606 Christi
1184 3543 1218 3605 in
1240 3560 1337 3605 coeno
1355 3544 1554 3624 praesentia,
1589 3542 1664 3624 quid
1685 3558 1799 3624 quaeso

118 3654 193 3732 spei,
212 3651 287 3734 pnid
309 3649 544 3722 consolationis,
565 3653 628 3714 imo
650 3652 726 3732 quid
748 3652 859 3715 salutis
882 3652 970 3715 nobis
994 3653 1116 3715 miseris
1134 3662 1236 3732 potest
1258 3669 1322 3715 esse
1343 3652 1522 3733 reliquum?
1554 3662 1581 3715 et
1602 3663 1703 3715 tomen
1722 3670 1797 3731 por·

119 3773 252 3826 tentatos
278 3763 367 3825 hosce
394 3761 498 3840 ipsum
519 3761 629 3824 salutis
649 3761 886 3842 fundamentum
906 3763 1017 3826 directe
1039 3771 1203 3826 evertentes
1223 3762 1348 3842 furores
1370 3765 1476 3844 potius
1498 3780 1594 3844 psam
1614 3779 1736 3826 errores
1759 3763 1800 3826 ad

118 3890 215 3936 unum
237 3888 341 3935 omnes
363 3869 544 3934 Photiniani
566 3872 635 3944 isti,
666 3865 845 3956 διαρρήδην
865 3883 893 3936 et
913 3872 1026 3953 abspuc
1047 3873 1120 3935 ullis
1145 3872 1310 3936 verborum
1333 3867 1531 3954 paidypaas
1557 3874 1622 3937 sive
1643 3874 1799 3937 incrusta

119 3983 253 4047 tionibus
273 3983 307 4045 in
327 3980 458 4062 publicis
480 3982 605 4062 scriptis
624 3994 824 4064 proponunt,
845 3993 1009 4063 sporpunt,
1033 3993 1169 4056 tueretur,
1191 4001 1226 4045 eo
1249 3983 1399 4046 asadaciae
1420 3994 1448 4046 et
1469 3984 1679 4064 impudentiae
1699 4000 1801 4063 nuper

116 4096 284 4175 propressi,
305 4100 340 4154 nt
361 4090 478 4154 illnslri
501 4092 676 4155 academiae
700 4091 913 4172 Witeberpensi
931 4095 1101 4156 catechesin
1116 4093 1274 4174 quondam
1288 4091 1445 4156 Racooioe
1461 4111 1609 4157 cucusam
1625 4092 1799 4166 inscribere,

118 4205 303 4283 eundemne
334 4200 470 4281 ampliss.
500 4203 623 4265 senatui
652 4199 794 4265 Cothano
828 4204 1036 4266 transmittere
1064 4221 1101 4265 ac
1129 4204 1343 4266 comanendare
1366 4221 1432 4265 non
1456 4203 1573 4283 fuerint
1595 4205 1697 4267 ceriti.
1742 4200 1801 4264 Hic

118 4332 189 4394 erpo
216 4312 353 4393 relipiosi
374 4313 465 4375 istius
488 4312 620 4385 silentii,
644 4331 705 4393 quo
728 4311 786 4408 Dd.
810 4313 979 4376 orthodoxi
1000 4331 1064 4376 non
1086 4313 1199 4394 absque
1221 4332 1254 4376 re
1274 4315 1420 4377 hactenus
1444 4315 1509 4386 nsi,
1533 4314 1706 4394 rnntpenda
1727 4323 1800 4375 sunt

119 4424 273 4489 claustra:
295 4421 343 4485 hic
364 4424 437 4486 totis
458 4422 578 4485 viribus
597 4423 707 4503 furori
727 4425 869 4504 ipsorum
891 4423 1015 4486 obuiam
1037 4424 1189 4486 eundum:
1215 4423 1262 4486 hic
1282 4441 1395 4487 manns
1417 4425 1534 4487 medica
1559 4423 1752 4486 adnromnda
1772 4432 1800 4485 et

118 4535 232 4605 studio,
256 4551 317 4614 quo
339 4541 438 4611 potest
458 4533 527 4612 fieri
549 4535 702 4606 monimo,
725 4535 759 4596 in
778 4535 884 4612 prima
904 4532 997 4595 herba
1017 4543 1170 4596 venenata
1189 4534 1304 4595 isthaec
1323 4551 1403 4612 sepes
1426 4534 1644 4597 conculcanda.
1681 4532 1799 4609 Quom-

118 4646 165 4708 vis
185 4661 259 4707 nero
279 4643 439 4706 tenuitatis
463 4659 563 4717 meae,
594 4645 621 4706 si
641 4646 807 4724 quisquam
829 4643 928 4714 alius,
949 4641 1046 4722 probe
1067 4644 1144 4704 mihi
1166 4643 1307 4705 conscius
1329 4644 1404 4717 sim,
1433 4663 1487 4707 nec
1508 4663 1555 4707 me
1578 4645 1697 4725 fupiat,
1720 4643 1799 4705 alios

120 4754 290 4835 theolopos,
321 4753 432 4834 quibus
452 4772 506 4816 nec
527 4754 716 4823 eruditione,
748 4772 802 4815 nec
823 4754 1022 4825 auctoritate,
1056 4772 1110 4816 nec
1134 4754 1325 4833 cooperientia
1351 4754 1415 4816 ullo
1448 4755 1540 4818 moda
1569 4754 1799 4833 comparandus

119 4881 203 4938 snm,
231 4865 266 4926 in
287 4865 344 4925 hac
361 4863 524 4943 palaestra
545 4879 608 4926 sese
630 4881 770 4925 coercere
795 4874 822 4926 et
842 4881 939 4944 parra
959 4865 1052 4925 etiam
1074 4864 1285 4932 exercituros,
1310 4872 1413 4926 tamen
1435 4875 1461 4927 et
1483 4881 1582 4927 meam
1601 4863 1800 4943 qualemcun-

119 4992 177 5055 ραν
198 4973 413 5036 drachmulam
440 4976 475 5037 in
495 4990 589 5037 asum
610 4973 750 5036 eccleuae
772 4975 925 5035 insumere
945 4973 1048 5045 volui,
1081 4992 1117 5036 ac
1138 4974 1284 5053 proinde,
1318 4976 1396 5037 serie
1418 4974 1665 5053 disputationum
1688 4975 1721 5037 in
1744 4976 1801 5038 hoc

119 5085 220 5164 primo
244 5093 327 5147 tomo
350 5085 395 5147 ita
414 5084 540 5165 ferente,
560 5084 721 5164 prolixius
737 5093 846 5146 contra
862 5081 1067 5147 Photinionos
1090 5095 1116 5145 et
1140 5083 1261 5164 quidem
1284 5095 1394 5146 contra
1416 5084 1549 5164 πρῶτον
1569 5083 1693 5165 ψεῦδος
1715 5085 1799 5165 ipso-

120 5213 204 5270 rum,
233 5214 294 5277 pua
321 5205 480 5258 aeternam
508 5195 569 5257 cai
597 5188 694 5274 lippo
724 5212 744 5256 α
769 5192 863 5256 Patre
885 5195 1113 5271 perorationem
1135 5203 1163 5255 et
1183 5194 1379 5272 personalem
1401 5193 1466 5273 ejus
1488 5193 1720 5257 subsistentiam
1741 5195 1798 5256 irn-

119 5317 276 5387 pupnont,
312 5306 462 5370 disserere
491 5305 631 5376 institui,
665 5322 759 5385 qaam
788 5305 829 5368 ad
858 5322 923 5367 rem
943 5304 1047 5366 calcar
1067 5305 1143 5366 mihi
1165 5323 1229 5365 non
1251 5303 1402 5366 mediocre
1423 5303 1542 5366 addidit
1564 5305 1749 5366 reuerendus
1772 5315 1799 5368 et

121 5415 238 5480 clariss.
261 5418 312 5478 vir
333 5414 395 5478 Dn.
416 5413 594 5478 Fridericus
617 5413 794 5478 Balduinus
818 5416 906 5479 theol.
929 5416 1037 5477 doctor
1058 5415 1207 5488 eximius,
1242 5413 1435 5494 ejusdemque
1463 5414 1496 5477 in
1522 5414 1681 5477 academia
1709 5412 1800 5477 Wite-
1905 5493 1907 5496 Α

121 5526 258 5608 berpensi
282 5527 462 5609 professor,
490 5536 517 5591 et
538 5526 678 5590 ecclesiae
702 5526 813 5588 ibidem
834 5525 1103 5606 superintendens,
1135 5524 1279 5587 dontinus
1301 5536 1329 5589 et
1350 5526 1469 5588 anticus
1490 5542 1575 5588 meus
1598 5524 1800 5604 sinpnlariter
1855 5583 1857 5586 ,
