3984 6022
211 269 229 324 4
947 253 1175 314 PROOEMIUM

209 411 350 467 alliciebat
367 419 395 467 et
411 411 553 468 invitabat
582 412 655 468 Vide
674 412 775 467 Euseb.
796 412 857 467 libr.
880 412 949 468 lde
965 426 1043 481 prae·
1070 409 1160 464 lianus
1182 409 1275 466 libri
1303 417 1398 493 eontra
1424 410 1509 466 Marc.
1532 429 1559 482 p.
1586 415 1642 466 115.
1676 411 1738 463 Nos
1753 409 1907 476 'dejicimus

208 508 299 570 parat.
318 498 452 570 Evangel.
473 499 593 571 August.
611 498 672 554 libr.
685 506 710 569 6,
729 507 743 555 1
764 507 792 555 et
809 506 824 555 8
844 499 879 553 de
895 497 968 553 civit.
981 496 1044 550 Dei.
1073 498 1165 551 Deum
1175 497 1269 566 primo
1287 505 1391 552 matura
1408 498 1635 566 cognoscendam,
1654 497 1755 550 deinde
1773 493 1904 548 doctrim

210 583 287 641 (leel.
300 585 450 658 Rhodigin.
461 584 523 641 libr.
545 593 554 642 1
575 584 683 641 lection
705 587 791 659 antiq.
811 602 871 656 cap.
884 590 925 654 33,
945 583 1007 638 libr.
1022 586 1046 652 5,
1071 587 1335 654 recopmoseemdam5
1366 592 1469 640 matura
1494 602 1527 639 ea
1551 584 1696 654 operiam,
1720 581 1851 636 doetrim
1874 596 1907 634 ea

212 688 235 726 c.
255 677 296 729 12.
328 672 434 726 Ludos.
455 671 518 728 Vir.
544 671 606 728 libr.
629 676 668 728 10.
692 672 812 745 August
837 672 872 728 de
895 671 968 727 civit.
992 670 1046 725 Dei
1070 671 1338 740 praedicatissimae.
1374 671 1448 743 Aug.
1473 671 1570 728 litae
1595 670 1631 725 de
1655 669 1728 726 civit
1753 668 1809 724 Dei
1833 684 1857 722 c.
1883 674 1908 724 1.

212 775 236 813 c.
255 766 270 814 9
287 757 336 813 uhi
355 758 436 814 hasce
454 758 611 830 theologiae
629 759 754 814 ethnicae
775 758 881 831 species
902 763 1045 813 recensent
1073 759 1241 829 theologiam
1264 758 1415 814 dividitis
1441 759 1600 813 naturalem
1624 767 1650 812 et
1672 758 1836 824 revelatam,
1858 754 1908 810 uhi

212 849 240 898 et
256 844 394 900 refellunt.
1074 844 1249 901 revelationis
1267 845 1377 900 nomine
1394 846 1483 901 utitur
1503 845 1532 900 in
1551 845 1687 901 strictiore
1705 842 1907 916 significatione

86 931 184 972 rasolo·
250 937 288 987 to.
303 930 378 986 Vera
385 931 526 1004 theologia
536 932 725 989 consideratur
734 934 764 986 in
773 951 802 986 sc
813 933 856 987 vel
871 934 900 986 in
915 933 1047 1002 subjecto,
1073 950 1123 1002 pro
1142 931 1308 988 revelatione
1325 932 1400 987 facta
1417 933 1447 987 in
1465 931 1563 1001 verbo,
1582 932 1611 986 in
1629 931 1751 1003 generali
1769 928 1907 1002 significa·

87 985 123 1032 ⁸¹⁸
137 993 199 1024 ’Μ
213 1016 338 1071 absolute
355 1017 399 1072 vel
415 1019 511 1073 relate.
546 1019 588 1073 Ex
607 1019 660 1074 hoc
680 1018 756 1075 fonte
776 1019 889 1090 profluit
906 1018 1046 1074 distinctio
1072 1018 1158 1087 tione,
1183 1018 1314 1074 revelatio
1341 1018 1424 1074 etiam
1442 1018 1563 1074 1111111111
1581 1017 1737 1090 theologiae
1755 1015 1907 1072 communis

211 1102 240 1156 in
254 1102 422 1175 theologiam
436 1104 592 1175 ἀρχέτυπον
604 1111 649 1160 καὶ
662 1105 789 1161 ἔκτυπον.
813 1105 976 1180 Ἀρχέτυιιος
993 1123 1042 1161 seu
1073 1113 1114 1162 est
1129 1106 1209 1160 Rom.
1225 1113 1246 1175 1,
1264 1124 1290 1163 v.
1305 1112 1336 1162 19
1354 1104 1519 1176 τὸγνυστὸν
1530 1106 1580 1159 τοῦ
1594 1109 1663 1161 θεοῦ
1675 1106 1855 1168 manifestam
1867 1111 1907 1156 est

201 1190 390 1274 Ιτιρωιότυτιος
405 1198 447 1247 est
464 1193 492 1247 in
508 1192 571 1248 Deo
589 1200 723 1261 creatore,
747 1210 803 1264 qua
821 1193 899 1248 Deus
925 1192 1045 1264 seipsum
1072 1194 1101 1246 im
1113 1194 1161 1261 eis,
1179 1195 1258 1247 Deua
1276 1194 1348 1247 emim
1367 1193 1428 1247 illa
1445 1193 1585 1247 revelavit.
1615 1193 1778 1249 Theodoret
1798 1209 1877 1247 serm.
1888 1195 1906 1246 ·3

211 1277 288 1333 norit
304 1278 333 1332 in
353 1278 452 1350 seipso,
472 1287 500 1335 et
514 1285 591 1336 extra
603 1298 633 1334 se
645 1281 773 1335 univerae
784 1297 834 1350 per
847 1280 969 1352 seipsum
981 1286 1045 1335 actu
1072 1280 1107 1336 do
1126 1299 1183 1336 cur.
1196 1279 1294 1335 Graec.
1306 1280 1398 1336 effect.
1416 1281 1464 1337 iol.
1484 1287 1516 1338 38
1532 1281 1583 1350 τὴν
1595 1278 1685 1347 ἀληθῆ
1696 1282 1849 1350 θεολογίαν
1860 1281 1906 1333 rai
1920 1284 1950 1326 ll
1962 1281 1984 1326 1.

126 1373 129 1384 ’
211 1363 342 1420 scientiae
367 1365 511 1422 individuo
536 1373 564 1421 ot
584 1365 759 1424 immutabili.
805 1366 883 1423 Haec
904 1366 1046 1438 theologia
1074 1367 1088 1434 'l
1111 1367 1196 1439 φύσις
1220 1368 1249 1431 ἐξ
1273 1365 1357 1439 ἀρχῆς
1380 1369 1540 1439 παρέδωκε,
1566 1371 1613 1421 καὶ
1637 1366 1670 1421 τὰ
1699 1372 1764 1422 θεῖα
1791 1365 1907 1439 ὔσῐερον

94 1475 104 1489 ·
211 1450 240 1506 in
266 1458 389 1508 creatore
418 1460 460 1509 est
488 1452 613 1514 ἰὶκτιστος
637 1460 682 1508 sal
710 1451 845 1521 οὖσιώόης
871 1453 993 1510 increata
1019 1458 1047 1508 et
1074 1455 1202 1528 ἐκράτυνε
1221 1454 1309 1525 λόγια.
1340 1454 1493 1526 Theologia
1506 1453 1641 1510 naturalis
1659 1459 1703 1509 est
1720 1453 1765 1507 vel
1784 1451 1906 1526 ἔμφυτος

98 1584 101 1589 ,
211 1539 378 1609 essentialis,
406 1540 515 1595 infinita
534 1547 562 1596 et
588 1541 766 1613 exemplaris,
792 1559 825 1596 ac
850 1541 966 1611 proinde
987 1545 1046 1594 toto
1073 1542 1243 1595 naturaliter
1260 1543 1290 1594 im
1306 1560 1367 1605 aaa,
1387 1558 1459 1613 quae
1478 1540 1669 1612 complectitur
1686 1539 1781 1601 κοινάς
1799 1539 1908 1599 ἐννοίας

211 1641 313 1698 genere
332 1626 427 1680 differt
446 1625 482 1680 ab
504 1624 627 1696 imino,
647 1645 718 1698 quae
737 1631 978 1700 ο11συμβεβηκεία
1001 1628 1047 1677 καὶ
1073 1627 1152 1682 nobis
1170 1627 1287 1691 innatas.
1305 1634 1365 1682 tum
1380 1627 1554 1694 theoreticae,
1573 1627 1648 1697 quod
1666 1627 1702 1681 sit
1719 1626 1814 1694 Deus,
1832 1624 1908 1698 quod

211 1712 311 1778 κτιοιὴ,
329 1711 509 1768 accidentalis
528 1720 555 1768 et
566 1712 653 1782 finita,
671 1731 703 1769 ac
722 1713 795 1768 illius
810 1713 948 1785 quaedam
960 1710 1046 1784 drot·
1073 1712 1231 1786 1111111111,
1258 1713 1332 1784 quod
1351 1712 1388 1768 sit
1405 1713 1494 1768 bonus
1513 1718 1566 1767 etc.
1584 1717 1644 1768 tum
1663 1712 1811 1784 practicae,
1830 1712 1906 1784 quod

211 1797 260 1871 ῥοὴ
280 1803 325 1851 καὶ
347 1794 527 1872 ἀπαύγασμα.
550 1797 684 1865 'Europos
701 1799 775 1854 enim
793 1798 934 1870 theologia
952 1802 995 1853 eet
1012 1814 1045 1852 ex
1072 1798 1150 1854 Deus
1168 1799 1366 1868 recolendum
1391 1799 1434 1854 vel
1453 1800 1597 1866 ἐπίκτητος
1614 1799 1764 1872 aequisita,
1783 1815 1855 1870 quae
1873 1816 1907 1854 ex

210 1884 296 1954 priori
308 1885 387 1955 quasi
400 1901 529 1956 expressa
546 1894 575 1940 et
593 1886 736 1941 efformata
746 1901 798 1957 per
811 1885 960 1957 gratiosam
974 1901 1045 1941 com·
1073 1884 1305 1954 contemplatione
1322 1891 1510 1940 creaturarum
1529 1892 1555 1942 et
1573 1903 1688 1957 operum
1700 1885 1856 1941 divinorum
1867 1884 1908 1939 in·

211 1970 431 2027 manicationem.
469 1972 564 2045 Atque
582 1971 651 2027 haec
673 1973 781 2027 ratione
801 1971 920 2041 subjecti
938 1978 981 2027 est
1001 1968 1047 2024 vel
1072 1971 1145 2026 tuito
1161 1970 1308 2043 colligitur.
1338 1972 1417 2026 Rom.
1438 1978 1459 2035 1,
1476 1989 1502 2024 v.
1522 1979 1554 2028 111
1572 1971 1606 2026 τὰ
1624 1970 1729 2042 ἀόρατα
1748 1971 1833 2028 αὐτοῦ
1851 1969 1907 2026 ἀπὸ

212 2055 357 2113 1110111110
383 2057 491 2129 eapite,
514 2059 559 2113 vel
582 2058 611 2112 in
636 2059 696 2129 ejus
716 2058 853 2115 membris.
890 2057 1045 2130 Theologia
1074 2064 1184 2119 κτίσεως
1206 2057 1314 2127 κόσμου
1340 2065 1397 2119 τοῖς
1424 2057 1559 2126 ποιήμασι
1587 2057 1725 2132 νοούμενα
1744 2060 1907 2131 καθορᾶται.

211 2141 328 2204 ἔκτοπος
350 2143 379 2197 in
397 2143 506 2200 Christo
527 2144 636 2200 homine
661 2152 703 2199 est
724 2143 875 2199 habitualis
898 2142 1044 2215 sapientia,
1073 2140 1226 2216 Theologisi
1243 2146 1377 2200 naturalis
1395 2151 1460 2201 ante
1485 2145 1593 2216 lapsum
1616 2146 1714 2201 fuisset
1740 2145 1822 2217 longe
1846 2162 1908 2215 per-

212 2228 438 2300 perfectissimam
459 2230 513 2286 Dei
533 2238 561 2287 et
580 2248 670 2287 rerum
689 2229 842 2292 divinarum
861 2228 1046 2301 cognitionem
1072 2232 1171 2288 tectior
1182 2237 1211 2288 et
1228 2232 1369 2300 illustrior,
1387 2249 1470 2303 quam
1488 2240 1531 2287 est
1548 2232 1631 2287 hodie
1648 2239 1711 2303 post
1727 2232 1843 2303 lapsum,
1861 2232 1909 2286 vix

211 2315 410 2386 complectens,
435 2334 507 2388 quae
524 2323 639 2373 vocatur
656 2317 796 2385 tlreoloas'a
813 2318 934 2370 arrianis.
967 2315 1045 2370 Haec
1074 2319 1146 2376 enim
1170 2326 1266 2374 tenues
1290 2319 1427 2390 quaedam
1450 2319 1583 2390 reliquiae
1606 2337 1640 2374 ao
1663 2322 1771 2392 {prtum
1797 2318 1910 2374 divinae

211 2401 307 2457 itidem
330 2408 388 2458 toto
412 2420 513 2473 genere
538 2404 632 2460 differt
654 2421 672 2458 a
696 2402 837 2474 theologia
858 2402 887 2457 in
911 2399 1045 2457 creaturis
1074 2405 1201 2478 imaginis
1220 2412 1381 2478 supersunt,
1409 2421 1441 2460 er
1468 2404 1568 2477 quibus
1586 2411 1619 2460 ut
1637 2413 1666 2461 et
1684 2423 1717 2461 ex
1736 2405 1909 2476 inspectione

210 2488 404 2557 rationalibus,
431 2492 498 2561 quia
521 2491 642 2547 humana
663 2489 765 2545 Christi
788 2489 881 2544 anima
903 2488 933 2543 in
956 2488 1045 2570 ipsam
1074 2501 1262 2549 creaturarum
1278 2492 1386 2563 aliquid
1402 2491 1437 2546 de
1449 2490 1511 2546 Deo
1523 2498 1552 2546 et
1566 2491 1649 2547 rebus
1667 2491 1767 2547 divinis
1779 2491 1909 2562 cognosci

209 2578 259 2630 τοῦ
281 2577 366 2648 λόγου
389 2575 545 2632 ὑπόστασιν
570 2583 692 2633 assumta
717 2576 800 2648 longe
825 2577 899 2631 ultra
924 2577 1047 2630 omnium
1074 2587 1173 2653 potest,
1190 2581 1264 2635 unde
1281 2578 1362 2635 Alex.
1375 2577 1486 2633 Alonsis
1505 2577 1574 2631 dicit
1590 2595 1618 2648 p.
1634 2583 1656 2646 1,
1674 2597 1700 2648 q.
1713 2583 1738 2647 2,
1755 2576 1870 2634 membr.
1883 2584 1910 2647 3,

211 2662 371 2733 angelorum
394 2670 422 2717 et
444 2662 585 2719 hominum
604 2664 768 2737 dignitatem
792 2669 821 2718 ct
838 2661 981 2718 scientiam
1005 2667 1048 2717 est
1073 2673 1124 2723 art.
1143 2674 1167 2722 1.
1206 2669 1353 2735 Desuper
1370 2672 1515 2718 areatsras
1534 2665 1709 2733 capnosas'tur
1731 2673 1761 2718 at
1774 2681 1830 2734 per
1846 2680 1909 2734 spe-

210 2756 320 2818 evecta,
339 2751 413 2805 unde
431 2759 546 2806 vocatur
563 2751 645 2822 plane
663 2751 819 2823 singularis.
1074 2756 1172 2822 colam,
1186 2770 1241 2824 per
1258 2754 1370 2807 ceroma
1387 2761 1417 2806 at
1432 2769 1485 2821 per
1505 2751 1600 2805 lacem.
1636 2751 1732 2807 'lhom
1751 2770 1779 2822 p.
1803 2758 1824 2815 1,
1843 2769 1869 2823 q.
1885 2757 1909 2820 1,

249 2842 288 2892 16.
318 2835 451 2911 ”Erinnae
482 2837 622 2909 theologia
648 2837 677 2893 in
702 2837 836 2894 creaturis
865 2836 1046 2893 rationalibus
1073 2848 1123 2897 art.
1145 2848 1166 2897 1.
1207 2840 1318 2894 Veritas
1337 2841 1372 2893 de
1391 2841 1455 2892 Dae
1472 2856 1524 2907 per
1541 2839 1678 2893 rationem
1702 2840 1866 2906 investigata
1889 2856 1909 2892 a

212 2924 309 2979 estvel
320 2926 584 2995 comprehensorum,
602 2926 805 2998 utloquuntur,
824 2923 882 2980 sive
895 2926 1044 2986 laesorum.
1071 2928 1171 2999 paueat
1189 2935 1214 2980 at
1229 2944 1283 2996 per
1301 2926 1412 2993 lorrprsm
1431 2933 1537 2994 tempus
1558 2934 1583 2978 et
1601 2944 1662 2978 cum
1685 2926 1815 2980 metatione
1838 2925 1909 2978 mal·

210 3010 413 3066 relrs'atcram.
441 3011 752 3084 Theologiabeatorum
768 3019 884 3067 vocatur
901 3011 1043 3080 theologia
1073 3024 1163 3070 taram
1182 3031 1309 3067 erronem
1327 3012 1434 3065 lomim
1446 3011 1583 3081 praeemit.
1630 3011 1675 3066 De
1695 3011 1749 3067 hac
1766 3010 1909 3082 theologis

210 3099 325 3153 aimonis
343 3119 378 3153 ac
396 3101 482 3169 vitae,
511 3100 576 3170 quia
594 3098 623 3153 in
641 3099 716 3154 clara
734 3107 762 3153 et
778 3097 909 3154 intuitiva
926 3097 979 3154 Dei
997 3114 1045 3152 no·
1073 3098 1192 3157 naturali
1211 3098 1240 3153 in
1262 3098 1378 3153 articulo
1402 3097 1515 3160 deDeo
1541 3096 1569 3152 in
1594 3114 1654 3168 cap.
1679 3099 1714 3153 de
1737 3098 1836 3154 notitia
1852 3098 1908 3155 Dei

210 3184 289 3255 titia,
316 3185 374 3241 sive
401 3185 532 3242 beatifica
553 3186 659 3241 visione
683 3187 712 3240 in
736 3185 794 3241 vita
817 3192 931 3241 aeterna
956 3184 1046 3239 beatis
1073 3187 1193 3243 naturali
1216 3185 1342 3256 pluribus
1366 3189 1472 3256 agetur.
1513 3183 1667 3256 'theologia
1690 3185 1907 3256 supernaturalis

189 3325 193 3339 ,
210 3273 412 3328 communicata
429 3273 562 3331 consistit.
608 3273 714 3346 Estque
738 3273 783 3328 rel
802 3273 963 3345 angelorum
982 3271 1047 3326 bea·
1074 3293 1107 3330 ex
1123 3273 1227 3329 lumine
1243 3272 1350 3344 gratiae
1368 3277 1428 3326 orta
1445 3271 1597 3343 acquiritur
1614 3271 1658 3327 vel
1680 3272 1763 3327 modo
1786 3278 1907 3329 extraor-

210 3367 318 3424 torum‚
346 3358 394 3431 qui
421 3376 529 3432 semper
550 3360 647 3415 vident
667 3361 773 3425 faciam
791 3359 896 3414 'Patris
921 3359 1047 3413 caelestis
1074 3360 1179 3416 dinario
1197 3377 1247 3430 per
1264 3357 1450 3414 immediatam
1462 3356 1516 3413 Dei
1534 3357 1760 3414 illuminationem
1778 3366 1806 3415 et
1823 3359 1908 3430 inspi-

210 3446 308 3501 Matth.
331 3453 376 3515 ts,
394 3465 420 3501 v.
442 3454 471 3502 lo
490 3447 535 3502 vel
552 3447 693 3502 hominum
711 3446 871 3516 beatorum,
889 3446 937 3519 qui
955 3446 1046 3502 Deum
1073 3449 1215 3516 rationem,
1234 3446 1311 3502 utin
1331 3444 1473 3516 prophetis
1491 3450 1519 3499 et
1540 3445 1681 3515 apostolis,
1699 3447 1744 3502 vel
1761 3448 1842 3502 modo
1861 3464 1908 3502 or·

211 3553 230 3588 a
247 3535 326 3600 facie
344 3535 500 3597 adfaciem
513 3535 615 3603 rideat,
638 3541 658 3590 1.
672 3534 733 3589 mr.
750 3540 789 3604 13,
808 3552 833 3589 v.
849 3539 888 3590 12.
908 3532 1008 3589 1001.
1023 3541 1046 3597 t,
1074 3534 1180 3589 dinario
1201 3549 1251 3604 per
1275 3532 1441 3599 orationem,
1468 3530 1692 3603 meditationem,
1717 3532 1908 3603 tentationem,

210 3638 237 3675 r.
257 3627 279 3676 1.
313 3626 335 3675 1.
353 3618 417 3676 lob.
438 3627 467 3689 3,
491 3638 516 3673 v.
536 3627 559 3676 2.
606 3621 649 3676 De
667 3620 829 3694 angelorum
853 3628 882 3676 et
907 3620 1046 3676 hominurn
1074 3627 1126 3677 etc.
1160 3619 1207 3674 Ad
1230 3611 1436 3674 meditationem
1463 3617 1583 3688 pertinet
1610 3617 1730 3690 diligens
1756 3627 1784 3675 et
1810 3620 1909 3676 sedula

212 3706 355 3762 beatorum
377 3706 518 3778 theologia
547 3707 576 3761 in
599 3706 682 3778 hujus
706 3708 779 3764 vitae
803 3707 923 3780 caligine
946 3706 1045 3778 parum
1075 3707 1233 3779 Scripturae
1251 3702 1389 3771 lpsivqorr
1407 3703 1465 3759 sive
1488 3703 1686 3793 perscrutatio,
1711 3706 1833 3762 studium
1856 3705 1909 3761 lin·

212 3794 282 3848 scire
294 3810 328 3848 ac
341 3794 474 3849 disserere
487 3811 642 3865 possumus.
668 3794 821 3868 Eleganter
835 3795 870 3850 de
881 3811 914 3850 ea
925 3796 1046 3868 August.
1074 3811 1199 3868 guarum,
1219 3791 1320 3863 quibus
1332 3791 1366 3846 V.
1380 3808 1412 3845 aa
1425 3789 1460 3845 N.
1478 3789 1611 3862 scriptum
1630 3797 1672 3846 est
1689 3791 1908 3864 Testamentum,

210 3879 272 3935 libr.
293 3887 332 3938 13.
352 3880 475 3936 Confess.
493 3897 517 3935 c.
539 3886 568 3936 15
588 3880 697 3937 scribit:
731 3882 831 3936 Vident
841 3883 953 3950 faciem
970 3890 1046 3935 taam
1074 3883 1155 3939 lectio
1167 3881 1356 3950 interpretum,
1375 3876 1505 3933 exercitia
1522 3876 1740 3948 disputationum
1758 3885 1841 3951 atque
1853 3879 1910 3935 alia

210 3984 333 4037 semper,
358 3976 383 4022 et
407 3968 448 4021 ibi
464 3968 556 4036 legum
574 3967 635 4021 alne
652 3967 770 4035 syllabis
787 3975 955 4039 temporem,
980 3968 1049 4038 qaid
1074 3968 1243 4024 adminicula
1265 3981 1314 4020 suo
1342 3965 1402 4017 loco
1426 3970 1592 4019 enumerata
1628 3963 1690 4020 Ηοο
1713 3965 1774 4020 Ιοοο
1798 3965 1907 4037 agimus

210 4053 276 4107 velit
294 4062 407 4107 aeterna
424 4054 554 4107 volumtas
572 4063 636 4122 tac,
655 4054 759 4123 legum,
778 4055 896 4124 eligunt,
916 4056 1046 4123 diligant,
1075 4057 1109 4112 de
1127 4052 1268 4124 theologia
1287 4067 1372 4119 sera,
1397 4049 1504 4119 ἔκιὺπῳ
1527 4048 1556 4104 iti
1574 4048 1730 4107 homiuibus
1753 4051 1907 4108 viatoribus

210 4157 317 4212 semper
335 4140 441 4210 legarat,
466 4150 491 4194 et
508 4159 648 4212 mumqaam
670 4142 823 4211 praeterat,
848 4143 925 4212 qaod
947 4143 1046 4210 legent,
1075 4160 1107 4198 ex
1129 4141 1233 4197 lumine
1256 4137 1363 4211 gratiam
1388 4136 1418 4191 in
1441 4134 1525 4192 verbo
1553 4134 1692 4205 patefacto
1715 4138 1850 4208 accensa,
1880 4146 1910 4196 et

212 4228 341 4298 eligendo
360 4229 442 4282 etiam
461 4236 486 4281 et
504 4227 651 4295 diligendo
670 4227 764 4295 legant
788 4228 879 4298 ipsam
898 4229 1046 4281 iricommrs-
1075 4229 1156 4285 modo
1175 4224 1313 4283 ordinario
1337 4223 1547 4278 communicata.
1580 4221 1651 4278 Eam
1676 4223 1790 4295 quidam
1812 4223 1908 4281 distin·

212 4315 375 4369 tala'le'tatem
399 4314 512 4368 aemilii
538 4315 588 4369 tal.
637 4313 717 4368 Haec
738 4313 882 4369 beatorum
906 4312 1047 4387 theologia
1074 4322 1172 4388 guunt,
1186 4314 1215 4368 in
1240 4310 1432 4378 theoreticam,
1455 4325 1539 4380 quam
1560 4315 1662 4366 vocant
1678 4316 1836 4383 osoooqtav
1852 4309 1908 4369 Dei

211 4419 229 4456 a
245 4401 389 4474 theologia
406 4401 541 4457 viatorum
561 4401 601 4456 sic
624 4399 815 4474 distinguitur,
840 4402 914 4473 quod
939 4401 988 4456 illa
1011 4402 1048 4457 sit
1074 4401 1267 4474 cognitionem,
1285 4415 1318 4453 ac
1337 4399 1489 4466 θεολογίαν
1508 4395 1666 4465 specialiter
1682 4397 1723 4455 sic
1741 4396 1860 4468 dlotam3
1879 4405 1909 4455 et

206 4508 388 4560 permaneus,
406 4489 474 4543 haec
494 4488 648 4557 transieram
673 4487 723 4542 illa
737 4490 881 4557 perfecta,
905 4487 974 4542 haec
992 4489 1046 4541 im·
1070 4488 1239 4560 practicam,
1266 4501 1348 4555 quam
1365 4487 1467 4538 vocant
1485 4485 1652 4550 θεοσέβειαν
1665 4497 1698 4540 ac
1716 4481 1772 4549 Dei
1793 4483 1908 4552 cultum,

206 4573 339 4648 'perfecta
365 4582 386 4631 1.
405 4575 466 4630 Cor.
488 4581 532 4638 13,
557 4593 580 4628 v.
606 4582 630 4631 9.
674 4571 803 4648 [Quidam
829 4575 948 4629 ἔκτυπον
970 4575 1045 4631 theo·
1074 4574 1124 4630 sed
1149 4571 1216 4643 quid
1245 4571 1280 4626 de
1308 4568 1360 4624 hac
1384 4567 1561 4623 distinctione
1586 4568 1763 4626 statuenduilr
1790 4570 1843 4636 sit,
1873 4588 1907 4627 ex

210 4663 312 4736 loriam
325 4663 364 4718 sic
378 4662 560 4734 distinguunt,
581 4661 656 4733 quod
668 4661 724 4715 alia
739 4661 776 4714 sit
794 4661 972 4733 angelorum,
991 4661 1047 4716 alia
1073 4657 1260 4731 superioribus
1283 4662 1378 4727 potere
1396 4659 1497 4726 potest.

210 4750 365 4820 hominum,
391 4749 549 4820 etquidem
567 4747 611 4802 vel
629 4747 657 4803 in
675 4746 727 4802 hac
745 4748 790 4803 vel
809 4748 838 4802 in
861 4748 956 4804 futura
980 4747 1044 4803 vita.
1109 4752 1147 4803 18.
1174 4745 1267 4799 Causa
1290 4742 1414 4811 efficiens
1437 4741 1592 4810 theologiae
1617 4743 1842 4812 supernaturalia
1863 4750 1979 4811 esto..

210 4836 266 4894 Sed
284 4854 328 4893 res
347 4836 444 4892 eodem
461 4832 577 4908 recidit]
1073 4832 1166 4888 divina
1185 4828 1317 4885 revelatio
1334 4828 1363 4883 in
1381 4827 1466 4884 verbo
1483 4829 1623 4900 patefacto
1641 4828 1752 4885 hadita
1784 4829 1905 4887 Proinde
1919 4820 1984 4863 ‘²¹⁰¹

247 4931 286 4980 11.
322 4922 476 4995 Theologia
499 4922 635 4977 viatorum
660 4927 774 4976 vocatur
797 4921 937 4990 theologia
970 4939 1043 4982 reee-
1071 4917 1289 4976 causaelticiens
1302 4914 1462 4986 principalis
1475 4916 1604 4972 estDeus
1615 4915 1741 4972 revelans
1753 4915 1852 4973 Matth.
1866 4874 1986 4988 iiiiii}

210 5012 326 5066 latiom'a
345 5019 370 5065 et
385 5012 459 5079 as'ae‘,
486 5015 582 5081 estque
601 5007 738 5080 sapientia
756 5008 851 5063 divina
867 5008 924 5064 sive
946 5009 1046 5064 notitia
1072 5027 1097 5063 v.
1117 5014 1157 5075 11,
1176 5024 1200 5060 c.
1222 5011 1262 5073 16,
1281 5021 1306 5057 v.
1328 5009 1368 5072 11,
1388 5002 1491 5059 icor.
1512 5010 1536 5073 1,
1558 5009 1596 5059 111.
1630 5001 1723 5057 Causa
1740 5002 1906 5060 instrumen-

209 5116 302 5154 rerum
320 5098 474 5152 divinarum
493 5095 649 5152 hominibus
668 5094 697 5150 in
714 5094 766 5149 hac
784 5093 842 5149 vita
859 5112 876 5150 a
893 5096 955 5151 Deo
972 5113 1045 5151 com·
1070 5093 1135 5151 11111
1146 5098 1189 5148 est
1205 5089 1319 5146 verbum
1338 5088 1448 5145 divinae
1466 5087 1639 5146 revelationis
1657 5088 1787 5145 medium.
1805 5085 1906 5155 Quem-

209 5185 357 5241 manicata
384 5182 609 5240 communicatur
626 5188 719 5237 autem
737 5187 797 5235 tum
815 5198 866 5252 per
883 5181 975 5239 lumen
996 5200 1045 5238 na·
1071 5179 1219 5238 admodum
1239 5181 1331 5231 autem
1348 5176 1450 5248 duplex
1469 5182 1512 5232 est
1527 5174 1645 5230 hominis
1662 5176 1788 5233 verbum.
1823 5178 1906 5233 1111-

208 5279 296 5340 turae,
315 5279 343 5327 et
356 5278 470 5326 vocatur
483 5269 623 5336 meoloqta
641 5268 792 5337 naturalis,
809 5273 869 5321 tum
887 5284 937 5338 per
947 5269 1042 5323 lumen
1071 5275 1179 5324 ternum
1199 5281 1232 5319 ac
1251 5262 1424 5333 troadesrov,
1448 5261 1523 5333 quod
1541 5261 1572 5315 in
1589 5267 1680 5317 menta
1700 5262 1781 5331 latet,
1809 5269 1839 5318 et
1863 5269 1908 5319 est

208 5359 316 5431 gratim
333 5359 362 5412 in
380 5357 464 5412 verbo
481 5354 603 5410 revelato
620 5371 774 5422 accensum,
793 5359 824 5407 et
837 5363 951 5410 vocatur
968 5357 1042 5409 theo·
1073 5352 1151 5429 quasi
1169 5349 1268 5406 mentis
1292 5350 1428 5422 quaedam
1445 5347 1567 5404 soboles:
1593 5348 1693 5403 dicitur
1716 5347 1798 5404 etiam
1823 5348 1908 5421 λόγος

209 5445 287 5512 logia
305 5442 541 5514 supermolarem,
567 5461 674 5495 arcena
691 5443 748 5494 siva
766 5441 900 5508 pretiosa.
934 5442 1044 5498 Tertul-
1072 5442 1134 5496 ἔσω.
1166 5444 1189 5495 2.
1209 5444 1350 5492 externum
1368 5439 1413 5489 sal
1426 5435 1611 5508 npomopsmiv,
1628 5435 1710 5510 λόγος
1728 5435 1779 5497 ἔξω
1797 5435 1903 5492 dictum
