3968 6024
800 268 851 324 Dc
871 268 1118 327 Namusam.
1744 280 1804 337 345
1821 338 1825 346 ,

109 427 171 479 Noe
192 424 351 493 diligimus,
376 424 443 492 quia
461 424 523 492 ipse
537 422 622 494 prior
639 424 745 478 ditarit.
779 423 855 477 Hinc
880 440 946 490 erpa
976 426 1050 496 quod
1074 432 1192 495 peccata
1217 431 1312 481 nostra
1337 426 1537 495 projiciuntur,
1564 432 1755 498 utnusquam
1777 426 1806 483 in

101 514 217 579 suetum
250 517 306 578 est,
335 517 365 563 ιιι
394 508 591 578 ddiperemue,
619 510 689 580 quia
717 510 817 564 dilecti
843 526 945 565 mmru.
975 517 1154 582 conspectum
1182 511 1237 568 Dei
1265 511 1365 567 iterum
1393 511 1512 568 veniant
1560 514 1618 566 Dei
1651 512 1806 578 clementia,

113 598 237 650 Ριοιιιιι
262 597 364 651 mm
385 595 446 648 Dei
465 603 507 649 set
534 595 655 663 diligere
677 595 787 664 Deum,
814 598 947 665 quautam
972 596 1063 668 inquit
1092 597 1166 653 idem
1185 597 1328 669 chrysost
1350 598 1423 654 horn
1447 603 1471 654 3.
1496 597 1531 653 de
1554 599 1664 668 poenit,
1687 599 1808 655 tamisis

111 683 182 752 ipsa
201 690 232 736 ut
249 681 426 750 dilianator,
445 683 533 748 dedit,
559 684 608 752 aui
625 701 680 737 aaa
699 683 816 737 dilectus
836 683 944 740 dilexit.
972 684 1112 738 maiitiam
1133 693 1257 754 srsperat.
1304 685 1406 753 Capita
1430 685 1596 751 scintillam,
1622 686 1650 738 si
1675 686 1705 739 im
1728 702 1807 742 mars

111 769 301 840 Diepb'centes
319 769 410 823 amati
426 787 534 838 eumue,
558 777 588 823 ιιι
605 777 678 824 esset
701 769 731 822 im
752 769 847 840 mobis,
871 770 945 822 unde
958 830 961 835 ‚
973 771 1111 836 ceciderit,
1129 789 1195 842 mum
1211 772 1313 840 poterit
1331 779 1407 825 sture
1424 779 1474 825 aut
1494 775 1657 842 appareret
1674 781 1807 842 queamus

105 855 293 926 placeremus,
309 871 367 910 aaa
384 854 458 909 ssim
475 872 634 909 amaremur
653 855 772 925 Mum,
790 855 848 908 arbi
867 872 946 909 ama·
973 858 1100 911 actualia
1117 859 1252 911 admare
1269 875 1299 911 se
1316 858 1411 927 iubet,
1434 866 1542 912 tamam
1558 857 1678 912 hominis
1696 859 1807 913 rraiitia

110 958 201 996 resaus
218 949 245 996 et
263 941 388 996 Patrem.
423 942 510 995 Amat
526 960 579 996 aas
596 943 692 1010 Pater,
713 942 781 1012 quia
799 959 850 996 nae
867 959 944 994 ama-
973 945 1014 997 ud
1032 945 1092 998 Dei
1103 945 1236 1013 pietatem
1255 952 1280 999 ct
1298 946 1489 1013 clementiam,
1508 947 1564 1000 ima
1582 946 1656 999 emim
1671 963 1728 999 aaa
1747 953 1806 999 tarr·

109 1048 169 1082 mus
195 1027 319 1096 ι’ίιιῗιιιι,
351 1044 412 1082 cum
442 1046 463 1081 a
488 1029 574 1082 Patre
597 1036 625 1083 et
646 1029 726 1083 risio
748 1028 945 1100 acceperimus,
972 1032 1128 1095 cammada,
1153 1033 1204 1085 sed
1220 1033 1303 1101 laage
1325 1051 1421 1103 supra.
1451 1034 1539 1086 ,Nam
1563 1041 1590 1086 et
1606 1033 1740 1102 pelapue,
1764 1040 1808 1086 ta-

111 1123 140 1170 ut
157 1116 273 1170 Patrem
290 1123 316 1169 et
332 1115 441 1170 Nisam
459 1132 589 1170 ιιιιιιιιιι.
622 1117 769 1186 Dr'p‘msdst
785 1117 854 1170 arim
873 1115 945 1169 cari·
973 1118 1055 1171 metei
1069 1134 1201 1186 mearum
1215 1119 1265 1188 eit,
1288 1135 1446 1172 mammam
1461 1119 1577 1189 recepit,
1596 1119 1656 1172 Dei
1670 1135 1736 1173 cero
1752 1119 1807 1174 cie-

110 1211 195 1257 tatem
220 1202 250 1255 ia
277 1203 410 1256 cordibus
436 1203 541 1256 eastris
564 1220 618 1272 per
646 1203 783 1272 Spiritum
810 1210 944 1269 summam,
973 1204 1078 1257 mertia
1107 1220 1267 1258 mensuram
1295 1222 1351 1259 marr
1381 1205 1470 1258 habet.
1523 1204 1635 1260 Intuere
1663 1204 1808 1276 speculum

107 1307 163 1360 per
179 1306 259 1360 auem
279 1289 417 1359 Sps'ritem
435 1297 460 1343 et
472 1291 589 1344 Patrem
606 1307 739 1357 amamus,
757 1289 902 1343 etlilium
919 1299 946 1342 et
973 1290 1177 1346 misericordiae
1199 1291 1310 1347 divinae
1328 1291 1396 1347 Luc.
1418 1299 1457 1348 15.
1475 1291 1660 1362 propositum
1687 1296 1709 1345 1.
1728 1297 1808 1362 pata·

110 1394 190 1446 auem
218 1376 357 1445 Spiritum
382 1393 509 1429 amamus
532 1394 593 1430 cum
621 1377 709 1430 Patre
739 1383 765 1429 et
791 1375 870 1429 lilia
894 1380 946 1429 etc.
974 1379 1103 1445 acersrrit,
1117 1376 1439 1433 haecestmisericordia
1444 1378 1647 1448 praecepisses,
1660 1380 1685 1431 2.
1702 1377 1807 1447 ample·

111 1462 189 1527 Quae
207 1461 237 1516 in
254 1462 421 1518 contrarium
443 1462 525 1519 affert
542 1463 671 1520 Bellum.
690 1461 738 1518 lib.
760 1468 781 1518 1.
802 1461 837 1516 dc
855 1460 947 1532 gratia
973 1471 1063 1533 satur,
1082 1463 1152 1519 baec
1172 1468 1214 1518 est
1231 1464 1420 1519 misericordia
1437 1465 1591 1534 recipiam
1608 1468 1635 1516 3.
1655 1463 1806 1535 osculatur,

78 1596 83 1607 .
112 1555 141 1605 et
158 1548 208 1604 lib.
225 1547 307 1604 arbit
326 1566 351 1605 c.
370 1555 395 1605 t.
413 1566 446 1605 ex
463 1549 544 1606 Prov.
564 1556 588 1618 8,
606 1568 631 1604 v.
655 1555 694 1605 11.
714 1548 777 1605 Joh.
799 1556 837 1616 14,
858 1565 883 1601 ι.
903 1554 944 1605 21.
972 1549 1041 1604 haec
1059 1556 1101 1605 est
1119 1549 1307 1606 misericordia
1324 1552 1437 1619 saraiam,⁶
1456 1556 1480 1606 4.
1498 1550 1620 1620 proferte
1637 1551 1806 1619 vestimenta,

111 1652 137 1690 c.
159 1641 204 1697 11,
230 1652 255 1692 ι.
273 1640 324 1704 tl,
345 1641 377 1691 ut
399 1636 499 1708 probet
518 1641 640 1692 nostram
658 1636 835 1692 dilectionem
853 1635 946 1691 facem
973 1636 1041 1691 haec
1055 1642 1097 1691 est
1109 1635 1296 1691 misericordia
1307 1638 1432 1704 amtieae,
1447 1636 1549 1692 Christi
1566 1636 1673 1691 scilicet
1680 1635 1806 1707 justitia,

110 1739 162 1778 nos
188 1720 250 1778 Deo
279 1721 413 1790 dilectos,
440 1721 477 1776 ad
503 1722 552 1776 illa
577 1722 792 1794 respondemus,
817 1740 874 1777 non
900 1721 945 1776 de
975 1730 998 1779 5.
1025 1723 1090 1778 date
1118 1725 1270 1788 annulum,
1302 1723 1371 1780 haec
1404 1730 1446 1778 est
1476 1723 1664 1778 misericordia
1693 1740 1807 1791 οιιιιιιι,

111 1808 194 1865 scribi
217 1808 246 1862 in
270 1807 325 1863 illis
348 1826 462 1862 curuum
488 1810 660 1864 merdarium
687 1807 797 1864 divinae
823 1808 946 1864 dilectio·
974 1809 1140 1865 charismate
1160 1809 1279 1881 Spiritus
1291 1827 1326 1876 ις
1345 1817 1369 1866 6.
1388 1809 1452 1866 date
1471 1809 1668 1880 calcearnerua,
1684 1809 1753 1866 haec
1766 1816 1808 1866 est

110 1895 170 1965 nis,
201 1895 250 1950 sed
277 1893 351 1949 illins
380 1900 404 1948 1.
436 1897 546 1963 cipetum
569 1902 595 1949 et
618 1895 768 1964 s'sdicium,
800 1896 849 1966 qui
872 1895 944 1950 enim
973 1894 1163 1951 misericordia
1179 1897 1323 1964 musicam·
1340 1904 1364 1951 1.
1382 1896 1513 1952 adducite
1528 1897 1658 1965 situlam,
1680 1895 1748 1952 hacc
1765 1902 1807 1952 est

111 1983 202 2038 Deum
222 1981 358 2053 diligunt,
376 1981 417 2036 illi
434 1981 572 2037 internum
589 1981 694 2037 habent
710 1981 899 2037 ιιιιιιιοιιιιιιιι
915 1996 947 2036 ιι
974 1980 1163 2037 misericordia
1176 1999 1298 2052 pascens
1316 1982 1395 2038 bonis
1414 1980 1603 2052 spiritualibus
1622 1989 1674 2037 etc.
1701 1986 1727 2036 2.
1755 1983 1806 2038 mi·

111 2069 201 2124 aDeo
217 2067 304 2139 diligi,
322 2085 386 2123 cnm
404 2068 476 2124 enim
488 2069 567 2123 Deus
584 2069 622 2124 sit
638 2070 704 2139 ipsa
722 2069 828 2122 caritas
848 2067 944 2123 hdoh,
972 2069 1111 2121 seriarum
1136 2077 1297 2123 marmarum
1323 2069 1504 2124 multitudini.
1540 2068 1669 2123 Miserias
1695 2075 1808 2126 nostras

112 2164 142 2219 ι,
166 2174 191 2209 ι.
211 2160 242 2224 83
266 2155 330 2211 ideo
349 2173 404 2210 non
422 2162 514 2226 potest
530 2171 585 2210 uon
605 2155 721 2227 diligere
739 2171 769 2210 ιι
788 2154 946 2227 diligentem
973 2154 1084 2224 multae,
1103 2156 1153 2209 sed
1165 2154 1354 2211 misericordia
1365 2154 1420 2210 Dei
1437 2155 1571 2210 immensa
1587 2161 1630 2209 est
1647 2161 1675 2211 et
1692 2154 1808 2211 infinita

113 2249 139 2296 2.
158 2243 304 2311 objmum,
322 2243 371 2313 qui
388 2242 462 2299 onim
478 2243 570 2298 Deum
589 2242 723 2315 diligunt,
740 2241 781 2295 illi
800 2241 946 2297 dilectione
972 2240 1073 2296 Psalm.
1096 2246 1158 2306 103,
1178 2259 1203 2295 ι.
1216 2247 1246 2297 t:
1274 2243 1442 2296 Misericors
1461 2251 1486 2295 et
1505 2242 1654 2297 meacm
1671 2243 1806 2312 daminus,

111 2328 166 2384 Dei
193 2327 352 2384 salutadter
377 2327 524 2397 frnuntnr3
560 2331 587 2384 3.
613 2331 752 2397 effectum,
780 2327 829 2399 qui
853 2326 945 2381 Deum
972 2328 1141 2395 longanimis
1160 2335 1187 2381 et
1203 2329 1306 2382 multus
1324 2328 1498 2396 benignitate.
1519 2333 1583 2382 r.9:
1597 2329 1706 2382 Noreia
1718 2336 1806 2382 aeter·

113 2416 250 2487 diligunt,
281 2416 387 2486 majora
416 2415 444 2468 in
476 2416 535 2470 dies
566 2414 702 2470 beneficia
730 2430 763 2469 ex
792 2413 847 2468 Dei
879 2413 946 2467 dile·
972 2433 1036 2467 mrem
1053 2415 1176 2482 litigabit
1194 2431 1280 2483 measse
1300 2414 1330 2466 ia
1349 2414 1471 2467 seculum
1489 2414 1562 2466 iram
1580 2431 1661 2467 ereum
1679 2431 1805 2467 cosmoe·

111 2502 203 2556 ctione
221 2500 258 2554 ad
282 2518 311 2556 se
334 2500 531 2556 descendentia
556 2500 714 2572 percipiunt
737 2506 765 2554 et
786 2499 846 2569 ipso
869 2498 946 2553 facto
972 2502 1017 2554 bit.
1055 2500 1157 2555 Psalm.
1176 2509 1217 2569 oo,
1234 2519 1259 2558 ι.
1280 2507 1326 2557 23:
1350 2502 1416 2555 Noa
1433 2502 1512 2555 dabit
1534 2502 1565 2553 ia
1590 2508 1731 2554 scurnum
1749 2503 1804 2570 jiu-

111 2587 291 2660 sxperiuntnr
327 2605 359 2642 se
393 2605 410 2642 ι
442 2588 504 2644 Deo
538 2596 652 2660 propter
680 2586 819 2643 Christum
848 2585 945 2657 diligi,
973 2589 1138 2641 cinationem
1150 2589 1238 2657 jueta.
1271 2587 1388 2653 Quando
1406 2587 1605 2642 adversitatum
1623 2586 1754 2643 fluctibus
1771 2605 1806 2644 ao

111 2675 274 2743 taradros
302 2675 385 2744 juxta
422 2674 546 2730 ordinem
584 2672 717 2728 divinitus
755 2671 943 2727 constitutum.
972 2673 1109 2728 venusin
1130 2675 1198 2728 mari
1217 2674 1300 2744 hujus
1318 2674 1414 2729 mundi
1437 2673 1664 2744 circumtegimur,
1689 2671 1806 2746 re'cipia·

111 2760 247 2834 Specialis
264 2760 336 2817 eninr
356 2760 405 2814 illa
425 2761 552 2830 dilectio,
570 2776 627 2832 qua
644 2760 722 2815 Deus
739 2775 804 2814 ιιιι
821 2759 850 2813 in
868 2757 945 2813 chri·
973 2778 1033 2815 mus
1051 2777 1101 2814 nos
1123 2760 1158 2814 ad
1177 2761 1435 2832 nanquillissimum
1455 2765 1484 2815 et
1506 2760 1714 2831 pacatissimum
1735 2761 1806 2816 diri·

109 2855 185 2904 stum
203 2848 345 2905 medentes
363 2854 391 2903 et
408 2865 441 2903 ex
457 2847 514 2903 fide
532 2864 562 2903 se
580 2826 728 2919 diligeritee
745 2845 945 2916 complectitur,
971 2863 1025 2902 nae
1053 2847 1260 2903 misericordiae
1284 2853 1395 2919 portum
1422 2847 1496 2902 amni
1518 2853 1685 2919 tempestate
1711 2864 1806 2904 careu-

110 2935 214 2991 nemini
240 2933 392 3031 confingit,
424 2934 478 2989 nisi
503 2933 580 3005 prius
607 2932 726 3003 Spiritus
754 2937 867 2986 sanctus
894 2947 945 3001 per
972 2941 1045 2999 tem;
1062 2934 1174 3004 quando
1192 2933 1228 2988 ab
1245 2933 1372 2989 hostibus
1389 2934 1520 3006 fugamur
1535 2940 1564 2989 et
1581 2939 1722 2997 terremur,
1742 2951 1807 2990 con·

111 3022 227 3079 rsrbum
239 3035 333 3075 veram
345 3020 374 3076 in
388 3035 421 3074 eo
432 3019 525 3087 fidem,
543 3036 614 3091 quae
626 3035 676 3090 per
688 3018 832 3074 caritatem
846 3016 945 3072 rdficax
973 3019 1113 3090 fugiamus
1131 3020 1168 3075 ad
1187 3021 1277 3074 sinum
1298 3019 1409 3074 divinae
1428 3019 1550 3091 gratiae,
1576 3036 1647 3091 quae
1663 3036 1715 3074 nos
1731 3019 1808 3077 foret

109 3115 164 3178 est,
183 3107 325 3164 accendat.
973 3112 1001 3162 ιι
1018 3106 1225 3178 complectitur,
1242 3115 1273 3160 ut
1289 3115 1381 3160 mmer
1391 3108 1474 3174 filias
1489 3123 1555 3159 euos
1572 3106 1636 3163 Esa.
1658 3111 1699 3176 66,
1719 3123 1745 3160 ι.
1766 3112 1806 3163 lt.

145 3201 204 3251 221ι
240 3194 294 3261 ou.
317 3200 340 3249 5.
375 3194 422 3246 Aa
449 3210 546 3262 maor,
573 3193 670 3262 pratia
695 3199 722 3247 et
748 3191 946 3246 misericordia
972 3197 1000 3250 2.
1017 3196 1244 3263 perseverentiae
1261 3196 1464 3251 incertitudini.
1490 3197 1637 3250 Rebar-ata
1653 3202 1681 3252 et
1704 3198 1806 3264 confir·

112 3283 172 3337 Dei
186 3297 307 3352 marusa
330 3280 387 3332 siat
411 3279 580 3332 abacistae!
615 3276 766 3332 Affirmant
789 3277 944 3332 Geminiani
972 3289 1048 3334 mata
1074 3287 1222 3351 estsuper
1247 3298 1297 3335 aas
1323 3283 1381 3335 Dei
1405 3282 1603 3335 misericordia
1625 3283 1656 3336 iu
1683 3284 1806 3337 seculum

110 3384 200 3441 eoque
218 3367 361 3437 applicant
379 3366 484 3420 dictum
500 3365 682 3435 apostolicum
700 3364 778 3419 Rom.
797 3371 827 3432 9,
852 3382 877 3417 ι.
901 3370 944 3420 18:
971 3366 1073 3420 Psalm.
1095 3372 1152 3433 111,
1180 3385 1206 3420 ι.
1224 3373 1253 3435 23
1281 3382 1347 3437 ergo
1373 3383 1428 3420 uon
1459 3367 1592 3423 destituet
1619 3385 1671 3423 nec
1698 3368 1807 3424 deseret

112 3457 263 3521 Misereor,
282 3456 363 3524 cujas
375 3455 524 3522 miserear,·
540 3452 590 3508 sed
601 3468 674 3522 resp.
690 3450 879 3506 misericordia
890 3449 945 3503 Dei
973 3470 1030 3507 nos.
1065 3451 1164 3507 Gratia
1182 3460 1210 3509 et
1233 3452 1421 3507 misericordia
1437 3452 1503 3520 Dei,
1528 3469 1584 3525 qua
1609 3471 1659 3509 nos
1686 3455 1806 3525 comple-

110 3550 154 3598 est
170 3542 269 3609 libera,
287 3540 336 3596 sed
347 3557 402 3594 non
419 3539 585 3609 simpliciter-
602 3540 741 3595 absalmm
767 3537 944 3609 Distinguen·
972 3541 1070 3603 ctitur,
1095 3545 1137 3593 est
1154 3545 1279 3602 aeterna,
1303 3539 1375 3592 nibil
1392 3540 1478 3611 igitur
1495 3541 1531 3593 ab
1549 3558 1582 3594 eu
1602 3559 1653 3595 aas
1671 3558 1807 3611 separare
1818 3549 1858 3592 111.
1873 3547 1918 3592 1711.

110 3630 178 3684 dum
195 3628 281 3700 igitur
298 3626 370 3682 inter
387 3625 506 3698 gratiam
525 3625 583 3679 sive
599 3641 721 3680 amorem
744 3625 901 3694 amarciem
919 3633 944 3678 et
969 3628 1073 3696 poterit
1090 3627 1169 3681 Rom.
1188 3631 1217 3695 8,
1243 3644 1267 3679 ι.
1290 3631 1329 3680 25.
1366 3626 1407 3683 Ut
1425 3641 1458 3680 er
1480 3628 1570 3699 gratia
1591 3643 1665 3683 mere
1683 3628 1807 3700 gratuita
1972 3632 1977 3643 '

110 3715 269 3787 specialem
296 3713 441 3769 Generalis
461 3712 574 3767 dilectio
586 3718 629 3768 est
640 3711 775 3774 absoluta
793 3712 856 3766 ideo
867 3712 945 3765 Deus
972 3728 1022 3766 nos
1039 3712 1132 3783 elegit,
1147 3712 1257 3766 vocavit
1274 3717 1302 3766 et
1316 3710 1495 3783 justificavit,
1513 3712 1553 3768 sic
1572 3731 1605 3768 cx
1624 3715 1716 3785 gratia
1732 3729 1806 3770 mere

111 3819 145 3859 ea
163 3819 197 3857 ex
216 3817 305 3871 aequo
325 3815 419 3854 omnes
437 3798 646 3869 complectitur,
673 3798 722 3853 sed
747 3797 875 3868 specialis
891 3797 945 3852 Dei
972 3798 1095 3870 ιιιιιιιι
1111 3816 1160 3853 nos
1179 3799 1359 3870 glorificabit,
1384 3797 1445 3869 ipse
1465 3807 1521 3863 est,
1545 3801 1592 3872 qui
1620 3809 1754 3870 operatur
1775 3803 1806 3854 in

111 3888 224 3944 dilectio
247 3887 383 3945 fundatur
402 3887 431 3939 in
449 3885 551 3941 Christi
578 3885 692 3955 merito,
719 3885 783 3940 idco
807 3885 885 3940 Dens
912 3901 946 3940 ea
971 3887 1051 3940 maire
1066 3886 1137 3940 aelle
1156 3895 1182 3941 et
1193 3889 1329 3957 perficere
1349 3889 1499 3941 secundam
1518 3889 1618 3942 ianam
1639 3888 1806 3943 voluntatem

111 3993 167 4030 non
180 3974 233 4028 nisi
251 3989 316 4028 vere
335 3974 364 4026 in
382 3972 522 4028 Christum
540 3972 697 4041 credentes,
721 3971 747 4025 h.
768 3988 791 4026 ι.
818 3971 952 4036 meritum,
974 3973 1092 4044 Philipp.
1113 3979 1145 4037 2,
1171 3990 1196 4026 ι.
1218 3978 1258 4029 13.
1301 3979 1325 4028 4.
1352 3975 1451 4028 martie
1473 3976 1665 4028 amaritudini.
1708 3973 1807 4030 Suavis

112 4061 289 4118 christifide
310 4059 364 4114 sibi
383 4059 567 4129 applicantes,
593 4058 797 4129 complectitur,
824 4058 853 4113 id
871 4059 946 4130 quod
974 4058 1025 4114 Dei
1045 4058 1231 4113 misericordia
1251 4060 1340 4130 ipsam
1360 4060 1443 4115 etiam
1462 4065 1576 4115 mortem
1596 4077 1707 4116 suavem
1729 4067 1807 4131 pote·

111 4157 208 4205 contra
220 4148 397 4204 Calvinianos
416 4152 444 4202 et
457 4146 638 4202 Photinianos
655 4146 722 4201 alibi
736 4146 819 4201 latius
834 4147 946 4201 demon·
973 4145 1009 4198 rit
1027 4145 1151 4214 reddere,
1170 4144 1237 4215 qula
1254 4145 1327 4200 enim
1344 4152 1388 4200 est
1402 4151 1516 4202 aeterna
1534 4146 1727 4212 misericordia,
1743 4147 1806 4202 ideo

112 4243 222 4294 ,tratur
974 4248 1029 4285 non
1046 4231 1183 4302 relinquet
1201 4247 1251 4286 nos
1279 4233 1308 4285 in
1331 4239 1421 4287 terrae
1444 4232 1570 4303 pulvere,
1594 4233 1644 4287 sed
1665 4233 1807 4288 revocabit

147 4329 206 4380 227.
240 4323 312 4377 Usus
321 4322 505 4391 practicusl.
519 4320 725 4394 παριιληιιιός.
757 4319 947 4376 consideratio
974 4316 1072 4372 iterum
1091 4319 1127 4372 ad
1146 4319 1247 4387 vitam,
1266 4318 1420 4373 exaudiet
1412 4336 1440 4371 nr
1460 4319 1586 4373 omnibus
1608 4318 1758 4392 angustiis,
1776 4320 1806 4375 ιιι

51 4385 70 4476 ιο
70 4394 225 4467 1”ιιιιιιιιιι
243 4408 446 4465 misericordiae
464 4407 630 4479 opponenda
647 4413 704 4463 est:
732 4415 753 4463 1.
767 4415 947 4478 peccatorum
975 4405 1035 4474 ipsa
1053 4406 1138 4461 etiam
1161 4411 1249 4460 morte
1273 4421 1369 4476 preces
1397 4411 1520 4473 ιιιιιιι,
1547 4405 1667 4477 gemitus
1689 4412 1806 4476 nostros,

51 4487 85 4579 ζ·
114 4505 273 4553 marmorum
286 4496 483 4564 magnitudini.
508 4492 761 4550 MisericordiaDei
773 4499 816 4549 cst
831 4491 947 4555 infinita
975 4491 1074 4562 cripiet
1090 4508 1148 4557 nos,
1166 4490 1285 4546 salvabit
1302 4506 1352 4544 nos
1370 4497 1421 4545 etc
1460 4490 1517 4547 Jer.
1538 4498 1579 4559 31,
1595 4510 1621 4545 ι.
1640 4497 1669 4548 ³:
1688 4493 1806 4548 caritate

51 4601 81 4632 rr·
113 4601 180 4658 ergo
203 4583 408 4656 praeponderat
433 4581 618 4680 magnitudini
643 4588 820 4652 peccatorum
842 4587 946 4636 nostra
970 4587 1108 4648 perpetrm
1127 4578 1216 4631 dilect
1236 4585 1275 4644 te,
1303 4579 1369 4632 ideo
1389 4579 1495 4630 attraxi
1511 4586 1543 4631 te.
1579 4577 1614 4632 In
1634 4578 1685 4634 hoc
1702 4580 1805 4634 miseri·

113 4689 181 4727 rum
217 4669 314 4741 Chrys.
333 4668 427 4724 homil.
449 4674 473 4725 2.
490 4669 520 4722 in
539 4667 641 4722 Psalm.
661 4674 710 4723 5⁰:
728 4668 867 4721 Miserere
884 4668 946 4729 mei,
974 4664 1085 4720 cordiae
1103 4670 1130 4719 et
1148 4664 1272 4719 caritatis
1289 4662 1437 4719 ιιιιιιιι
1416 4680 1479 4718 srrru
1493 4664 1805 4736 quietissimeinmortc

112 4760 201 4827 Deus,
219 4758 371 4810 sermidam
387 4773 517 4822 stapam
535 4754 758 4807 mesericordiam
775 4763 859 4809 taam.
892 4753 946 4807 Di·
974 4751 1215 4820 obdormiscimus,
1231 4751 1303 4806 sicut
1322 4751 1443 4806 infaus'
1430 4770 1460 4806 m
1478 4754 1542 4806 sim
1560 4754 1659 4807 matria
1682 4753 1745 4807 Esa.
1763 4757 1805 4816 16,

108 4845 178 4900 aisti
193 4861 338 4912 maguam,
361 4842 463 4895 edicito
482 4848 623 4910 assumtam.
662 4839 773 4903 Quanta
791 4841 945 4909 citocatia,
973 4857 999 4895 v.
1023 4845 1044 4893 1.

109 4934 188 5002 meod
204 4931 326 4999 prandia
345 4937 386 4982 est
404 4929 475 4982 maci.
515 4929 652 4992 Οιιαιιιιιι
671 4936 763 4982 autem
786 4946 842 4981 aaa
864 4927 945 4981 valea
1008 4930 1065 4980 228.
1102 4930 1125 4978 2.
1146 4922 1336 4998 nuperrimis
1363 4929 1384 4980 1.
1409 4925 1451 4977 cd
1466 4925 1558 4978 Deum
1579 4925 1803 4993 piareflcamdum.

108 5019 330 5088 apprehendere,
349 5017 443 5069 nescia
461 5017 663 5082 moestitudinis
682 5016 871 5084 qsmmtitatsm
889 5032 944 5068 aaa
971 5011 1017 5066 Ps.
1041 5019 1103 5080 106,
1130 5029 1155 5065 ι.
1176 5016 1204 5066 1ι
1237 5012 1357 5066 Caritate
1375 5013 1502 5079 damino,
1528 5013 1659 5080 quamam
1677 5013 1707 5064 ia
1726 5028 1802 5065 seca-

108 5103 356 5172 comprebsnditur
373 5104 463 5156 rerba.
502 5102 590 5156 Video
610 5118 728 5170 mamque
740 5103 871 5170 metum
894 5102 944 5154 mi·
972 5100 1029 5152 ium
1048 5099 1244 5153 misericordia
1263 5100 1332 5167 ejus.
1368 5097 1436 5153 Luc.
1459 5104 1487 5167 1,
1510 5115 1535 5154 ι.
1557 5103 1606 5152 tt:
1634 5097 1803 5166 Mapmdicat

108 5192 286 5247 sericordiae
303 5192 448 5262 grandem,
466 5190 525 5242 reici
541 5188 614 5243 emim
629 5189 659 5241 irr
675 5190 837 5242 immensum
855 5196 944 5241 eutem
972 5185 1067 5238 anima
1089 5202 1151 5238 mea
1173 5186 1322 5240 domimum
1357 5184 1393 5239 V.
1419 5189 1465 5237 50:
1497 5185 1579 5252 cujus
1605 5184 1804 5238 misericordia

109 5281 236 5345 deretur,
255 5278 407 5331 admodum
421 5278 513 5346 pauci
528 5277 707 5330 sumerentur
724 5282 776 5332 etc.
811 5276 887 5337 oasa
905 5284 944 5328 est
971 5291 990 5325 a
1005 5273 1139 5342 properie
1159 5273 1188 5325 im
1200 5273 1374 5342 progeniem.
1403 5270 1481 5326 Sicut
1500 5271 1607 5326 nullum
1624 5276 1667 5325 est
1683 5287 1803 5326 momen-

103 5372 256 5435 peecatum
273 5366 315 5418 ad
332 5364 442 5417 domimi
457 5363 702 5416 misericordiam!
727 5363 785 5416 teia
811 5379 943 5429 araneae,
969 5364 1045 5423 tum,
1076 5375 1131 5430 quo
1150 5359 1231 5413 homo
1252 5375 1308 5413 nan
1326 5357 1428 5412 fruitur
1450 5356 1505 5412 Dei
1530 5357 1734 5424 misericordia,
1761 5358 1803 5413 sic
1871 5408 1873 5412 .

108 5468 182 5520 auae
197 5458 279 5505 reato
291 5452 382 5519 flaute
399 5456 696 5519 umquamcamparet.
726 5446 810 5502 Mich.
824 5454 846 5513 1,
863 5466 888 5503 ι,
904 5454 942 5503 19.
970 5445 1077 5501 nullum
1095 5444 1178 5501 debet
1196 5449 1455 5512 ιιιιιιιοιιιιιιιιιιι,
1474 5459 1609 5516 quaeum
1627 5461 1683 5500 non
1700 5443 1803 5500 habeat

109 5541 287 5607 comparatur
306 5534 402 5590 divina
427 5533 614 5592 misericordia
632 5535 780 5604 prafrsada
803 5534 889 5602 amri,
913 5533 942 5587 in
968 5532 998 5587 in
1024 5531 1155 5589 memoria
1182 5536 1211 5587 ct
1235 5547 1287 5603 pro
1312 5530 1486 5603 benignitate
1512 5531 1575 5603 ejus
1599 5530 1709 5588 debitas
1734 5534 1801 5602 agat
