3984 6022
713 293 766 349 DE
783 291 998 352 summunt
1014 293 1144 353 SACRA
1745 310 1783 368 bb

87 402 279 518 integritatem
298 462 331 503 aa
348 447 546 520 perfectionem
569 449 683 506 ιιιιιοιιιι
701 466 758 507 nou
776 465 837 507 esse
855 447 921 504 defl-
950 449 1161 519 Hierosolymo
1189 470 1208 505 a
1238 451 1392 506 Chaldaeis
1419 454 1486 508 olim
1514 455 1634 508 recitata
1660 455 1787 510 Mosaici
1798 459 1879 508 tter·-

86 532 219 588 ciendam
236 550 350 590 numero
367 534 513 605 librorum,
530 536 581 592 sed
600 536 768 593 sufficientia
783 536 821 591 ad
837 535 920 591 linem
947 552 981 589 ac
995 537 1156 607 prophetici
1172 537 1241 591 libri
1257 555 1351 593 omnes
1369 539 1499 593 incendio
1513 541 1627 608 suarim
1642 542 1784 610 consumti,
1797 514 1928 603 iiissib'
1867 511 1928 552 ”¹¹⁶⁵

86 619 243 676 maria
267 636 300 675 ac
325 621 443 692 provida
468 622 517 678 illa
539 628 568 678 et
586 623 787 697 sapientissima
802 621 857 678 Dei
874 637 919 675 ιο-
947 638 1015 691 quos
1036 624 1158 693 proinde
1182 625 1296 679 Esdrcs
1318 642 1372 695 per
1396 625 1563 679 mirantium
1582 635 1683 696 postea
1703 628 1783 682 resti·
1797 612 1931 714 οζοζοι1οζ1000

86 704 208 774 laniate,
223 722 295 777 quse
310 708 370 777 jam
387 708 453 764 iude
470 708 659 779 aprimordiis
677 707 919 780 ecclesiaequoris
945 709 1048 763 meriti
1082 708 1275 767 Affirmantt.
1295 711 1410 783 quidam
1427 729 1461 767 ex
1477 710 1626 769 veteribus.
1661 711 1782 770 Basilius
1797 718 1848 758 ”brt
1863 717 1913 762 rs.-

86 796 210 863 tempore
230 810 281 864 pro
305 811 356 849 suo
381 793 558 867 beneplacito
582 812 714 852 canonem
733 801 837 851 certum
855 811 918 850 con·
944 794 975 848 iu
992 795 1072 865 epist.
1092 797 1128 851 ad
1141 796 1301 853 Chilonem:
1330 800 1387 853 Hic
1403 815 1527 868 campsis,
1545 799 1576 852 in
1589 817 1644 868 queo
1657 769 1815 860 sssscccssu¹¹
1810 774 1914 864 ἒζιιᾞ

85 877 176 934 stituit
192 885 252 932 tum
270 879 462 951 paucioribus,
479 889 539 936 tum
556 881 683 953 pluribus
702 880 779 938 libris
792 885 919 937 coustan-
943 882 1021 945 facto
1043 882 1156 936 Esdras
1173 901 1266 938 omnes
1285 885 1394 938 diuinos
1416 884 1502 938 libros
1520 902 1553 938 ec
1570 887 1704 939 ιιιαιιάαιι
1724 886 1811 973 Dei
1796 883 1867 922 0000
1826 874 1867 914 000
1869 875 1895 914 00
1884 884 1932 916 0000

85 968 151 1019 ιιιι.
189 970 216 1022 3.
239 965 414 1038 Augustinus
434 966 482 1023 lib
506 973 544 1024 18.
570 968 604 1024 ds
628 968 679 1025 ιιι
696 967 752 1023 Dei
777 984 802 1023 c.
818 973 859 1023 38.
878 966 918 1021 di·
944 968 1084 1021 measa
1118 967 1232 1025 Suidam
1258 971 1373 1025 Esdras
1392 971 1487 1035 libros,
1515 971 1565 1040 qui
1583 972 1783 1026 desideraban-
1796 977 1851 1017 ιιιῑι
1842 928 1909 1018 tin

85 1050 204 1151 tinguit
220 1051 293 1108 inter
310 1053 395 1108 libros
414 1054 575 1124 intonsos,
600 1071 670 1127 quos
694 1054 783 1110 sancti
799 1053 854 1109 Dei
871 1053 917 1109 ho
944 1061 1025 1107 ture
1051 1056 1187 1109 memorab
1214 1059 1393 1128 depromptos
1419 1057 1574 1126 descripsit.
1612 1055 1646 1110 In
1664 1058 1782 1114 eandem

85 1137 172 1192 mines
196 1137 343 1210 diligentia
365 1139 497 1196 historica
521 1141 557 1196 ad
581 1140 736 1196 ubertatem
753 1138 917 1212 cognitionis
943 1139 1101 1209 opinionem
1134 1142 1305 1212 propendere
1334 1142 1464 1199 ridentur
1491 1140 1563 1197 Isen
1591 1141 1638 1196 lib.
1663 1148 1687 1197 ³.
1715 1143 1779 1200 adv.

84 1224 262 1295 scripserunt,
279 1232 308 1280 et
322 1227 508 1296 propheticos,
530 1244 599 1299 quos
614 1232 647 1281 ut
659 1225 811 1298 prophetae
824 1225 918 1281 divina
942 1223 1047 1280 haeres.
1064 1242 1087 1280 c.
1108 1232 1147 1282 25.
1166 1227 1215 1282 ubi
1231 1228 1342 1297 scribit,
1360 1230 1389 1282 in
1408 1229 1568 1298 captivitate
1583 1229 1692 1298 populi,
1711 1246 1783 1299 quus

85 1310 264 1381 irrepiratioue
281 1312 317 1366 ad
334 1312 477 1384 religionis
495 1313 696 1381 auctoritatem,
713 1312 742 1367 in
760 1328 817 1384 qua
828 1327 917 1366 canon
941 1314 1023 1376 facta
1040 1320 1080 1365 est
1096 1331 1116 1366 a
1135 1314 1404 1382 Nabuchodonosor,
1422 1316 1563 1384 corruptis
1582 1314 1739 1386 Scriptores
1757 1324 1783 1371 et

84 1397 247 1465 custoditur,
266 1397 442 1468 scripserunt.
478 1400 515 1452 ln
532 1399 604 1468 ipsu
626 1398 724 1470 inquit,
742 1399 915 1452 luistmiare·
941 1405 1005 1465 post
1030 1399 1208 1467 septuaprnta
1233 1416 1322 1453 annos
1346 1400 1571 1453 descendentibus
1594 1401 1625 1453 in
1642 1401 1782 1469 repionem

83 1501 149 1552 pum
166 1484 264 1538 Judae
283 1491 309 1538 et
327 1501 422 1552 repam
439 1484 548 1550 Israel,
568 1501 639 1554 meae
658 1501 703 1537 res
720 1491 812 1552 pectem
830 1483 917 1537 conti
942 1501 1031 1551 suam,
1053 1491 1078 1537 et
1097 1493 1162 1553 poet
1183 1486 1285 1539 deinde
1305 1486 1470 1556 temporibus
1489 1483 1657 1540 Artaccrbis
1676 1489 1780 1542 Persa·

84 1579 135 1638 nat,
155 1571 190 1623 de
208 1570 306 1640 quibus
325 1570 489 1640 Scripturas
509 1570 659 1624 conanime
674 1571 827 1638 credimus,
845 1587 916 1623 com·
941 1587 1004 1622 rum
1023 1570 1098 1638 repis
1116 1571 1266 1641 inspiravit
1284 1572 1364 1626 Deus
1382 1573 1510 1642 Esdrae,
1534 1574 1676 1626 recaduti
1693 1574 1781 1630 tritus

83 1664 272 1710 memorantem
295 1655 436 1726 plurima,
461 1673 533 1727 prae
551 1656 592 1709 tbi
606 1673 661 1709 non
679 1657 866 1727 explicantur,
892 1664 917 1709 et
945 1655 1019 1722 Levi,
1040 1657 1244 1725 prophetarum
1264 1675 1356 1712 omnes
1375 1675 1561 1713 rememorare
1578 1675 1728 1730 semones,
1755 1668 1783 1716 et

83 1741 111 1794 in
137 1742 222 1796 libris
246 1741 315 1794 aliis
345 1743 466 1796 inueniri
491 1743 637 1810 dicuntur,
669 1760 738 1812 qum
763 1742 917 1813 prophetae
942 1744 1085 1796 restituere
1107 1744 1215 1812 populo
1244 1760 1306 1797 eom
1332 1745 1432 1812 tepens,
1461 1761 1532 1814 quae
1555 1745 1624 1797 dota
1643 1753 1712 1799 esset
1726 1762 1783 1817 per

82 1828 255 1898 tempserunt
281 1835 307 1882 et
333 1828 440 1882 alicubi
463 1844 558 1882 sorum
583 1845 691 1899 quoque
714 1829 916 1899 prophetarum
945 1828 1071 1896 Moysen.
1106 1828 1294 1884 Tertullianus
1315 1828 1363 1885 lib.
1381 1829 1417 1885 de
1434 1828 1531 1884 habitu
1552 1830 1676 1886 muliebr.
1695 1829 1780 1886 Clem.

83 1914 197 1968 nemim
215 1930 272 1968 non
290 1922 429 1984 lacertum,
450 1931 500 1967 nec
519 1922 609 1968 tanim
628 1915 803 1968 inueniuntur
821 1915 852 1967 in
871 1932 915 1968 ca·
943 1911 1093 1967 Alexandr.
1120 1914 1169 1971 lib.
1196 1919 1218 1970 1.
1247 1914 1376 1972 Stromat.
1400 1914 1539 1969 Eusebius
1564 1915 1594 1970 in
1614 1915 1734 1972 chronic.
1756 1923 1780 1976 t.

81 2017 163 2070 noas,
190 2017 270 2070 mem
292 2002 417 2071 populus
435 2001 495 2055 Dei
511 2002 628 2070 recepit,
654 2003 734 2070 cujsss
758 2000 801 2054 rei
821 2001 917 2064 satem
943 1997 1056 2069 quidam
1083 2016 1116 2055 ex
1140 1998 1308 2068 Pontificiis,
1338 2000 1472 2056 Pistorius
1497 2000 1527 2054 iu
1551 2000 1598 2055 lib.
1625 2008 1721 2057 conus
1741 2002 1779 2059 D.

81 2103 168 2140 causa
185 2103 228 2139 nse
245 2085 319 2155 latet,
343 2087 400 2139 nebi
417 2088 493 2156 meod
511 2102 560 2154 epo
578 2086 713 2154 samtimc,
731 2086 815 2139 ιιιαιιι
831 2085 916 2153 meos,
943 2084 1078 2140 Mentaeri
1099 2085 1179 2157 Diep.
1202 2093 1224 2141 1.
1243 2086 1310 2143 sixt.
1332 2085 1459 2142 Senensis
1477 2087 1525 2141 lib.
1538 2093 1560 2142 1.
1579 2086 1710 2142 Biblioth.
1729 2087 1781 2144 sub

82 2173 180 2241 quibus
201 2190 250 2241 ea,
270 2189 342 2242 quoe
364 2171 394 2225 in
417 2173 582 2226 auctoritate
599 2172 746 2239 relipionis
763 2187 820 2225 esse
838 2171 916 2223 debe·
942 2171 985 2228 tit.
1006 2171 1112 2226 Esdrae
1138 2172 1202 2227 libri
1225 2171 1288 2236 duo,
1313 2172 1418 2227 etalii.
1462 2173 1568 2229 Nititur
1593 2173 1663 2228 baec
1688 2173 1781 2243 opinio

82 2266 157 2328 rent,
180 2267 292 2312 candus
314 2259 414 2328 abicite
443 2258 567 2328 Spiritum
591 2258 746 2326 revelabat,
772 2258 843 2310 simet
867 2256 914 2310 bo·
943 2255 1033 2311 tribus
1073 2257 1245 2328 potissimum
1285 2258 1487 2312 fundamentis:
1532 2264 1554 2312 1.
1586 2258 1782 2316 testificatione

82 2346 168 2399 mines
187 2345 322 2399 historica
338 2345 501 2414 dilipentia,
529 2345 591 2398 alia
608 2345 681 2399 sista
700 2344 856 2415 propbetas
874 2344 915 2396 di·
942 2341 1029 2413 ipsius
1046 2342 1152 2399 Esdrae
1172 2344 1220 2400 lib.
1240 2351 1264 2399 t.
1284 2361 1306 2400 c.
1328 2350 1368 2400 14.
1388 2344 1437 2398 ubi
1457 2351 1631 2414 memoratur,
1653 2348 1781 2401 Esdram

82 2432 146 2486 rina
171 2431 358 2502 inspiratione
378 2431 499 2484 scribere
517 2432 655 2502 potuisse,
679 2439 761 2500 atque
783 2430 851 2483 baec
873 2431 915 2483 ita
942 2430 1006 2482 totis
1039 2430 1232 2500 prendrapinta
1265 2431 1363 2483 diebus
1392 2431 1487 2483 divino
1514 2432 1618 2501 spiritu
1651 2431 1781 2501 afflatum

77 2519 174 2586 suiset
185 2517 327 2586 rimanda,
339 2525 369 2571 nt
381 2517 435 2571 ulla
447 2525 580 2587 tanquam
592 2518 672 2588 apsis,
685 2517 740 2570 ista
750 2533 815 2570 vero
829 2516 916 2570 DEO
941 2516 1062 2568 dictasse
1080 2516 1200 2586 quinque
1217 2516 1294 2584 ciris,
1312 2517 1363 2585 qui
1378 2533 1485 2569 mmmo
1502 2517 1635 2584 cleritatu
1655 2535 1726 2587 quae
1744 2519 1780 2571 ab

83 2612 216 2675 tanquam
240 2620 294 2674 per
316 2604 394 2674 ipsos
416 2604 540 2674 loquenti
559 2604 760 2673 judicarentur
785 2618 842 2656 esse
866 2602 914 2653 tri·
941 2618 972 2654 eo
991 2602 1163 2671 dicebantur,
1183 2603 1363 2673 excipiebant,
1383 2611 1465 2673 atque
1478 2620 1508 2656 ec
1524 2605 1607 2658 modo
1620 2604 1780 2659 uniuersam

83 2691 203 2759 ιιιιιόιι,
229 2708 263 2744 uc
279 2691 320 2744 sic
337 2691 391 2744 allo
405 2690 577 2761 pertulissent
596 2692 638 2743 od
653 2690 805 2743 ubermtem
822 2689 914 2757 capni-
940 2688 1120 2757 scripturam,
1150 2706 1222 2759 quae
1244 2689 1333 2759 plane
1356 2689 1497 2760 perierat,
1525 2707 1583 2743 esse
1605 2698 1779 2761 reparatam.

81 2778 173 2846 acra,
191 2777 260 2830 baec
276 2776 474 2844 adralipionis
487 2777 689 2846 auctoritatem,
707 2777 737 2829 in
752 2793 807 2845 qua
821 2783 913 2829 aucto·
941 2779 964 2831 t.
994 2773 1128 2831 relations
1158 2775 1274 2832 Nebern.
1306 2781 1332 2846 8,
1365 2793 1390 2831 ι.
1425 2781 1455 2832 t:
1491 2777 1633 2831 Dr'eernnt
1661 2779 1776 2832 Esdrae

81 2865 164 2920 ritate
180 2879 272 2917 maon
288 2862 452 2916 custoditur.
483 2861 602 2927 Quidam
614 2868 712 2916 contm
722 2867 827 2934 negant
838 2867 912 2916 aute·
939 2861 1061 2930 scribae,
1085 2869 1116 2915 ut
1132 2863 1246 2932 afferret
1264 2864 1367 2916 librum
1384 2863 1454 2932 lepis
1475 2864 1579 2933 Moysi,
1595 2864 1692 2918 attulit
1710 2878 1776 2933 erpo

80 2951 182 3007 sedens
199 2955 283 3021 atque
300 2965 394 3005 omues
412 2948 474 3003 illos
491 2948 586 3018 libros,
607 2964 724 3020 quorum
743 2948 772 3002 in
787 2947 914 3002 adductis
941 2949 1055 3001 Esdras
1076 2956 1125 3002 stc.
1163 2953 1187 3004 3.
1213 2949 1398 3020 appellatione
1416 2949 1535 3018 Esdrae,
1563 2951 1638 3022 quod
1661 2956 1776 3006 vocetur

81 3035 241 3107 Scripturas
257 3034 324 3090 locis
341 3034 445 3090 mendo
460 3032 500 3103 tit,
515 3040 623 3090 exstare
639 3040 739 3105 putant
756 3034 808 3089 sub
826 3033 912 3090 diver·
941 3024 1016 3100 Ἷιιῗιῠ
1041 3033 1142 3087 scriba

80 3123 116 3178 eis
135 3130 231 3180 ιιιιιιιι
248 3120 412 3176 nominibus.
977 3124 1034 3175 112.
1061 3119 1119 3175 Nos
1139 3119 1299 3191 opinionem
1325 3119 1401 3174 illam
1425 3120 1603 3191 repudiamus
1629 3125 1658 3175 st
1682 3125 1779 3176 coutm
1791 3132 1858 3176 ιιιι.
1866 3133 1918 3188 [ιι]

115 3214 174 3266 11ι).
196 3208 254 3264 Nos
264 3206 415 3278 Augustini
432 3206 595 3263 sententiam
607 3205 807 3278 amplectimur,
823 3211 851 3260 et
866 3204 913 3259 ad·
940 3222 1002 3260 eam
1024 3221 1154 3277 urgemus
1182 3212 1203 3261 1.
1228 3206 1354 3259 diuinam
1368 3207 1593 3276 providentiam,
1619 3223 1691 3278 quae
1708 3223 1777 3263 nuu-

79 3296 181 3351 dimuss
193 3293 223 3350 Si
230 3293 275 3348 rel
284 3292 403 3349 maxime
412 3293 522 3364 probari
531 3292 774 3365 possetquosdam
785 3292 868 3347 ιιιιιιιι
880 3307 913 3346 ex
941 3308 1025 3364 quam
1049 3291 1174 3362 permisit
1199 3308 1250 3346 uec
1275 3292 1423 3362 permittit,
1450 3298 1483 3346 ut
1503 3291 1566 3347 libri
1591 3291 1717 3347 canonici
1742 3293 1777 3348 ιιι

78 3379 247 3455 propheticis
264 3379 343 3436 libris
361 3379 454 3434 diviua
469 3378 649 3450 inspiratione
670 3377 780 3450 scriptis
798 3377 913 3432 amissos
941 3377 1159 3434 conservandum
1189 3377 1266 3434 verbi
1298 3377 1454 3449 depositum
1488 3384 1516 3432 et
1548 3377 1695 3433 ecclesiam
1721 3395 1778 3434 om·

79 3484 151 3538 esse,
171 3466 294 3522 noudum
306 3460 619 3535 tamenevictumforet,
637 3482 770 3521 canonem
788 3481 847 3521 esse
864 3464 913 3519 im·
941 3464 1017 3519 nium
1044 3469 1199 3534 temporum
1230 3462 1421 3518 instruendam
1443 3464 1540 3535 scripti
1562 3481 1687 3536 unquam
1711 3464 1777 3520 abc·

78 3550 240 3627 perlectum.
275 3551 510 3625 Distinguendum
530 3551 602 3608 enim
621 3551 693 3606 iuter
712 3550 797 3606 libros
816 3569 914 3605 sacros
940 3551 1058 3606 leantur.
1082 3549 1147 3604 Esa.
1168 3555 1209 3619 40,
1226 3567 1251 3603 ι.
1271 3554 1295 3605 6.
1314 3547 1383 3604 Luc.
1405 3555 1445 3606 21.
1462 3568 1488 3603 v.
1500 3555 1540 3606 33.
1561 3550 1726 3620 1.Petl,v.
1735 3557 1777 3609 ts.

77 3649 105 3697 et
128 3641 205 3696 inter
228 3640 377 3694 canonicos
399 3638 525 3709 spea'fice
547 3637 587 3691 sic
612 3638 715 3706 didos,
739 3636 769 3690 id
793 3640 851 3706 est,
877 3636 914 3690 ad
942 3642 967 3693 2.
985 3636 1186 3706 exemplarium
1212 3636 1376 3689 biblicorum
1400 3637 1518 3707 copiam.
1560 3637 1594 3691 In
1613 3637 1718 3708 populo
1737 3636 1778 3693 Is·

77 3726 143 3784 hdei
160 3725 324 3782 universalis
342 3740 476 3781 ιιιιοιιιιιι
492 3723 675 3795 pertinentes,
693 3723 723 3777 iu
743 3738 876 3777 canonem
896 3739 914 3776 a
940 3722 1065 3778 ra'eliticc
1088 3721 1201 3778 fuerunt
1225 3721 1332 3793 aliquot
1352 3722 1440 3776 millia
1459 3722 1584 3777 codicum
1604 3723 1778 3796 biblicorum,

78 3810 219 3885 prophetis
241 3810 343 3866 relatos
364 3809 451 3865 stab
476 3809 595 3866 ecelesia
610 3814 744 3879 receptos.
784 3806 813 3862 Si
833 3825 911 3880 quos·
942 3809 1046 3882 quippe
1076 3824 1194 3881 quorum
1225 3807 1338 3862 assidua
1364 3815 1393 3863 et
1422 3808 1585 3881 quotidiana
1611 3810 1692 3865 lectio
1718 3816 1779 3867 erat
1880 3859 1883 3865 .

80 3899 144 3957 dam
162 3896 286 3970 priorum
304 3897 418 3951 amissos
438 3911 498 3951 esse
516 3896 636 3965 daretur,
659 3912 693 3950 ex
709 3911 742 3950 eo
761 3899 853 3950 tarum
869 3895 909 3949 in·
941 3895 1057 3968 singulis
1080 3894 1255 3949 demandata.
1296 3894 1411 3951 Deuter.
1438 3897 1461 3949 s.
1485 3912 1510 3949 v.
1535 3901 1557 3950 1.
1582 3912 1606 3950 c.
1629 3902 1668 3954 17.
1688 3915 1715 3954 ι.
1737 3903 1776 3955 18.

80 3981 145 4039 iuri
174 3983 287 4040 minime
318 3982 422 4054 possit,
452 3981 535 4037 etiam
565 3981 699 4054 quosdam
729 3981 913 4052 posteriorum
941 3990 992 4038 etc.
1028 3981 1132 4054 Ecquis
1148 3998 1214 4036 vero
1232 3979 1286 4035 sibi
1303 3980 1464 4052 persuaderi
1475 3980 1604 4053 patietur,
1622 3982 1672 4039 illa
1686 3984 1779 4041 omnia

79 4069 192 4125 amissos
217 4086 288 4126 esse.
321 4068 376 4135 Qui
402 4068 474 4123 enim
495 4067 559 4125 libri
576 4067 633 4122 fine
652 4084 684 4123 eo
700 4082 718 4122 a
737 4067 842 4122 sanctis
859 4067 912 4124 Dei
940 4084 1071 4124 masam
1086 4066 1275 4140 autographis,
1294 4083 1366 4139 quas
1383 4066 1512 4122 inlatere
1529 4082 1611 4122 arcae
1628 4067 1776 4125 foederalis

78 4155 235 4213 haminibus
251 4155 455 4218 scribebantur,
480 4161 513 4209 ut
529 4162 622 4210 essent
636 4169 702 4225 pars
719 4153 847 4223 emonis,
872 4154 911 4209 illi
940 4154 1160 4216 asservabantur,
1180 4151 1265 4207 tuisse
1282 4152 1411 4207 incendio
1430 4152 1578 4209 absumta?
1613 4155 1777 4212 Sacerdotes

78 4243 112 4298 ad
128 4242 288 4299 mserdotes
309 4242 395 4298 delati
418 4241 448 4296 in
467 4241 553 4297 latere
571 4256 651 4296 mose
669 4239 816 4296 foederalis
833 4258 910 4312 repo
940 4240 993 4295 Dei
1018 4238 1191 4295 ordinatione
1217 4237 1359 4293 mustituti
1378 4245 1457 4293 mant
1475 4239 1585 4296 divinae
1604 4241 1675 4313 legis
1692 4242 1777 4297 inter·

78 4310 224 4400 ιιιιιιιιιιι,
243 4336 271 4384 ιι
289 4343 396 4383 summa
412 4327 557 4400 diligentie
570 4327 789 4397 asservabantur,
806 4333 837 4381 ut
850 4326 910 4381 uul-
939 4331 1031 4398 pretes
1051 4342 1083 4380 ac
1104 4325 1243 4380 custodes.
1274 4324 1414 4380 Jamvsro
1427 4327 1777 4399 eorumaliquotmilliain

77 4414 134 4471 lum
150 4414 307 4471 amissionis
327 4414 482 4485 periculum
500 4413 593 4468 divina
612 4413 787 4486 providentia
804 4429 913 4483 semper
939 4412 1042 4484 populo
1065 4410 1219 4467 Isratlitico
1243 4411 1381 4466 numerari
1407 4418 1566 4482 potuerunt.
1601 4412 1693 4468 David
1713 4431 1777 4470 con·

79 4518 207 4559 ιιιιιιιιιι
229 4500 298 4572 ipsis
318 4500 480 4556 immineret
516 4499 618 4556 Confer
642 4516 691 4569 sa,
715 4515 788 4571 quae
806 4499 859 4553 hac
877 4499 913 4554 de
939 4498 1030 4554 stituit
1052 4497 1127 4553 mille
1151 4504 1181 4553 et
1198 4496 1389 4569 septingentos
1408 4497 1534 4568 levitas,
1552 4499 1600 4572 qui
1619 4498 1658 4553 cis
1676 4500 1775 4556 Jorda-

78 4605 107 4645 ιι
127 4587 206 4643 dicta
230 4586 356 4658 superius
380 4583 408 4662 §-
427 4592 466 4642 ιι.
503 4585 676 4658 Augustinus
701 4586 760 4658 ipse
780 4585 853 4640 banc
871 4585 912 4639 di·
939 4601 1001 4641 nem
1028 4585 1161 4655 populum
1186 4582 1330 4653 docerent,
1355 4584 1400 4639 bia
1426 4583 1502 4640 mille
1527 4589 1556 4641 et
1579 4585 1776 4659 septingentos,

78 4674 254 4730 ιιιιιοιιοιιιιιι
278 4673 389 4729 ιιιιιιιιι
412 4688 575 4745 agnoscere,
604 4671 716 4744 quando
741 4671 790 4727 lib.
816 4677 853 4727 ts.
878 4671 913 4727 de
940 4672 988 4744 qui
1019 4677 1096 4725 ιιιιιι
1122 4669 1273 4726 Jordanern
1308 4670 1425 4726 docendi
1462 4670 1555 4727 officio
1586 4671 1776 4745 tangerentur,

79 4761 128 4817 siv.
154 4758 210 4816 Dei
235 4774 260 4816 c.
286 4763 327 4814 2³.
353 4759 389 4814 de
410 4758 483 4814 libro
502 4757 598 4813 Enoch
624 4757 733 4826 scribit,
762 4759 839 4828 quod
856 4774 913 4811 non
940 4757 1077 4830 quomodo
1109 4762 1202 4814 sutem
1236 4755 1335 4813 docere
1362 4763 1513 4828 potueruut
1539 4758 1645 4831 absquo
1672 4759 1776 4817 biblico
1804 4770 1808 4779 ’

78 4846 166 4912 sade
190 4845 221 4898 in
240 4861 272 4899 eo
293 4861 411 4913 canone,
438 4845 488 4914 qui
510 4845 674 4899 semeleter
696 4844 727 4896 in
744 4843 846 4914 tenplo
865 4845 913 4898 dc-
940 4843 1057 4899 codice?
1082 4843 1173 4909 Quare
1190 4842 1213 4897 si
1231 4841 1276 4899 vel
1295 4843 1413 4898 maxime
1431 4843 1599 4916 exemplaria
1617 4844 1666 4900 illa
1686 4863 1776 4903 sacro·

19 4932 60 4989 ⁸⁸.
80 4933 152 4987 mini
174 4931 379 4987 succedmtium
402 4930 549 4999 dilipcntia
572 4932 756 4985 sacerdotum.
792 4928 873 4994 Quod
890 4931 913 4984 si
940 4948 1001 4985 rum
1034 4929 1181 4996 librorum,
1213 4945 1285 5002 quae
1313 4928 1342 4984 in
1366 4928 1453 4985 latere
1480 4945 1561 4985 meae
1586 4933 1776 5008 servabantur,

81 5017 144 5075 utri
162 5015 214 5086 illi,
230 5032 300 5088 quos
321 5015 436 5071 amissos
448 5013 779 5086 esseurgentPontiiicii,
795 5015 914 5072 tuissent
939 5016 1058 5071 iubeant
1077 5015 1205 5072 incendio
1224 5016 1367 5085 absumta,
1390 5016 1464 5086 quod
1482 5023 1575 5072 tamen
1593 5024 1625 5071 ut
1642 5021 1776 5079 couceda-

81 5096 209 5160 tabouiei
226 5100 355 5174 specifica
371 5101 412 5157 sic
431 5101 512 5170 dicti,
535 5117 586 5156 nec
611 5101 664 5173 ipsi
690 5117 799 5174 quoque
819 5103 913 5158 Ponti·
940 5120 1002 5157 mus
1029 5101 1107 5156 nulla
1130 5102 1257 5157 evidente
1274 5100 1382 5157 ratione
1398 5101 1536 5174 cogimur,
1564 5103 1673 5159 interim
1692 5108 1776 5178 plane

81 5187 134 5245 tsii
164 5204 300 5244 emonem
320 5187 454 5244 baberent
477 5185 642 5259 perfectum,
669 5204 759 5258 neque
787 5188 860 5242 euim
884 5189 914 5244 in
940 5205 995 5243 nou
1018 5193 1060 5243 est
1076 5187 1238 5256 verisimile,
1263 5203 1319 5242 uon
1344 5188 1477 5244 mansisse
1495 5188 1590 5261 aliqua
1608 5194 1776 5265 exemplaria

82 5273 221 5332 vaticam
245 5273 415 5329 bibliotheca
440 5289 487 5329 eos
512 5271 603 5327 adhuc
629 5277 752 5343 exstare,
774 5275 913 5346 usquein
940 5275 1015 5346 apud
1042 5274 1211 5342 sacerdotes,
1235 5273 1399 5344 praesertim
1421 5275 1571 5346 prophetas
1594 5277 1775 5353 Ezechielem,

83 5361 182 5417 seinte
205 5359 320 5432 Papdis
347 5359 467 5431 pectoris
497 5375 632 5414 summam
661 5375 755 5414 eorum
780 5360 914 5418 contineri
940 5359 1093 5429 Danielem,
1109 5358 1266 5458 Jeremiam,
1280 5357 1456 5432 Haggaeum,
1469 5361 1630 5419 Zachariam
1645 5367 1775 5439 etipsum

84 5446 256 5504 ubitramur.
940 5445 1070 5512 Esdram,
1095 5445 1142 5516 qui
1162 5444 1236 5500 circa
1252 5445 1422 5516 captivitatis
1438 5447 1628 5520 Babylonicae
1646 5452 1774 5508 ineuntis

10 5489 71 5596 bsh
114 5540 172 5592 111.
200 5531 233 5600 Q.
257 5536 283 5592 t.
309 5532 392 5590 Aa
378 5550 409 5587 sn
429 5530 651 5603 coaflapvmione
673 5530 773 5603 templi
790 5539 815 5585 et
830 5533 908 5586 urba
942 5549 977 5588 ac
994 5531 1118 5587 durantis
1136 5537 1263 5604 tempora
1278 5531 1414 5590 ιιιιιιιιιι.
1449 5534 1568 5600 Quidam
1585 5537 1692 5595 addunt
1705 5544 1773 5596 ext.
