3984 6022
158 204 189 262 X
909 215 1095 272 EPISTOLA

161 368 306 449 ipsorum
327 370 503 434 doctrinam
524 392 563 435 ec·
581 373 713 453 publicis
739 376 862 455 scriptis
885 373 985 438 Laelii
1006 385 1033 438 et
1056 373 1167 438 Fausti
1188 370 1386 446 Socinorum,
1409 370 1570 435 Francisci
1593 369 1732 447 Dauidis,
1757 368 1840 435 Gru-

163 477 243 541 tiuni
279 478 450 561 Turpioni,
491 480 617 564 Georpii
651 484 792 559 eruceri,
831 485 986 561 lobannis
1022 481 1193 557 Summeri,
1232 482 1446 563 Cbristopbori
1480 479 1647 554 Ostorodi,
1688 480 1841 545 Valentini

163 584 343 654 Scbmultzii
365 603 392 655 et
418 593 555 655 aliorum
580 594 697 674 liquido
721 597 864 676 capnosci
882 605 993 675 potest.
1040 594 1112 658 illos
1134 596 1197 658 siue
1218 593 1442 663 Pbotinianos,
1466 593 1530 655 siue
1553 590 1839 664 Samosatenianos‚

162 699 226 762 siue
250 697 446 765 Servetianos
467 704 665 783 appellemus,
689 707 816 786 perinde
837 715 897 778 est,
920 706 1070 785 siquidem-
1092 703 1244 767 Pbotinus
1267 703 1354 783 (teste
1376 702 1549 780 Aupasduo
1572 702 1640 764 libr.
1663 702 1699 765 de
1724 704 1839 766 baeres.

162 809 203 872 ud
228 807 476 886 Quodvultdeum
497 833 520 877 c.
544 811 595 877 45.
618 833 658 878 ec
671 813 857 896 Pbilustrio)
880 813 914 878 in
936 813 1080 880 omnibns
1097 813 1190 879 Pauli
1206 811 1407 878 Samosateni
1428 816 1555 876 secutus
1576 809 1636 875 tuit
1657 810 1841 877 doctrinam.

165 918 304 999 ldipsum
338 924 432 985 etium
464 944 504 986 esc
535 937 647 988 mutua
674 927 852 1007 dopmatum
881 928 1045 990 collatione
1073 936 1213 1005 apparet.
1259 923 1375 986 Paulus
1405 920 1626 985 Sumosutenus
1656 926 1844 986 Aretiocbiue

162 1031 323 1109 episcopus
346 1033 431 1095 circa
450 1051 568 1097 annum
593 1033 707 1099 Cbristi
728 1033 799 1100 270.
822 1039 942 1107 claruit,
973 1035 1133 1100 Christum
1162 1052 1224 1098 nou
1248 1051 1373 1116 semper
1394 1030 1508 1114 tuisse,
1538 1030 1597 1096 sed
1619 1032 1690 1117 ejus
1710 1032 1843 1115 initium,

164 1157 204 1202 ex
227 1157 288 1220 quo
312 1138 352 1205 de
374 1141 478 1206 Maria
499 1148 593 1209 natus
616 1150 678 1229 est,
709 1144 878 1231 exsistere,
907 1164 966 1210 nec
991 1165 1063 1210 eum
1092 1142 1214 1227 aliquid
1235 1141 1371 1227 amplius
1394 1161 1489 1226 qaam
1511 1140 1670 1207 hominem
1692 1162 1764 1208 esse
1785 1144 1845 1224 (ita

163 1250 326 1330 Aupustin.
357 1253 395 1316 de
420 1255 536 1318 baeres.
565 1271 630 1335 cap.
653 1253 704 1318 44.
731 1257 797 1337 ejus
825 1257 967 1320 baeresin
995 1256 1152 1336 describit)
1180 1253 1238 1319 τὸν
1265 1252 1363 1336 λόγον
1389 1252 1436 1317 ita
1464 1250 1497 1317 in
1524 1250 1613 1318 Duo
1634 1271 1706 1320 esse
1728 1253 1844 1337 docuit,

165 1357 246 1424 sicut
267 1367 317 1426 est
339 1357 372 1426 iri
395 1382 434 1428 eo
456 1362 591 1447 bonitas,
614 1363 782 1452 sapientia,
801 1364 937 1451 justitia,
959 1371 991 1430 ct
1011 1371 1046 1430 nt
1066 1365 1100 1430 in
1121 1363 1257 1430 hominis
1276 1363 1371 1430 corde
1393 1363 1603 1447 minerbam,
1625 1367 1653 1428 b.
1675 1386 1699 1429 e.
1722 1368 1845 1446 nepauit

164 1466 261 1552 λόγον
282 1490 346 1535 esse
367 1473 543 1538 distinctum
566 1493 588 1538 a
609 1472 703 1540 Putre
723 1478 914 1559 bppustusin.
958 1474 1071 1559 Epiplt
1094 1474 1144 1542 ttb.
1167 1475 1199 1540 2.
1221 1486 1293 1540 tom.
1317 1475 1346 1539 2.
1373 1476 1488 1540 lueres.
1512 1473 1563 1538 45.
1594 1479 1718 1557 tripart.
1742 1476 1791 1538 lib.
1819 1474 1844 1538 l.

164 1600 187 1644 c.
220 1579 267 1645 14.
299 1581 421 1664 Nicepb.
450 1583 499 1647 lib.
527 1585 556 1650 6.
586 1605 609 1648 c.
635 1584 685 1649 27.
728 1585 796 1651 Ista
826 1584 967 1651 haeresis
1001 1587 1109 1668 (cerba
1144 1598 1215 1651 sunt
1249 1586 1415 1667 Aupustini
1448 1586 1514 1649 loco
1547 1584 1642 1667 dicto)
1673 1583 1845 1669 aliquando

164 1688 330 1793 cujusdam
359 1692 535 1759 Artemanii
555 1693 630 1772 init,
661 1695 719 1761 sed
740 1715 811 1762 cum
832 1694 1016 1779 deiecisset,
1038 1696 1217 1762 instaurata
1237 1701 1286 1761 est
1307 1715 1328 1761 a
1348 1695 1450 1761 Panlo
1472 1704 1503 1760 et
1524 1702 1637 1780 postea
1658 1696 1704 1761 sic
1725 1716 1746 1761 a
1764 1694 1844 1762 Pho-

163 1800 230 1866 tina
253 1801 454 1888 confirmata,
485 1812 519 1869 ut
541 1805 722 1871 Photiniani
744 1826 840 1888 quam
862 1806 1008 1871 Pauliani
1030 1806 1185 1873 celebrius
1206 1812 1435 1890 nuncupentur.
1481 1807 1630 1870 Photinus
1657 1805 1845 1887 Sprrniensis

165 1913 296 1994 episcop.
317 1916 401 1978 circu
421 1933 495 1979 aun.
513 1915 585 1980 345.
607 1922 682 1982 unte
704 1917 813 1983 secula
834 1917 1034 1984 nativitatem
1063 1923 1095 1983 et
1122 1915 1343 1983 exsistentiam
1364 1915 1439 1981 Filii
1468 1914 1574 1982 dicere
1599 1914 1759 1999 fugiebat,
1788 1916 1846 1982 sed

160 2019 331 2111 Christum,
357 2042 398 2088 ex
432 2022 536 2090 Maria
567 2026 691 2093 initium
718 2027 869 2094 habuisse
897 2028 1033 2094 dicebat.
1082 2031 1192 2093 Atbun.
1225 2039 1305 2093 orat.
1332 2030 1369 2091 de
1397 2029 1488 2092 salut.
1518 2028 1587 2091 ado.
1619 2026 1740 2091 Cbristi.
1772 2030 1844 2108 trip.

166 2132 271 2196 libb.
303 2154 326 2197 c.
353 2133 382 2198 5.
415 2133 539 2217 Nicepb.
569 2138 618 2201 lib.
641 2136 670 2202 9.
700 2159 723 2202 e.
745 2139 795 2202 31.
825 2150 877 2205 etc.
921 2138 1054 2203 Micboel
1083 2138 1226 2203 Servetur
1254 2137 1388 2219 Hispan.
1416 2141 1500 2206 cirea
1530 2155 1603 2200 ann.
1630 2135 1844 2218 lusapueri,

167 2235 264 2326 λόγον
284 2241 383 2311 inisse
404 2265 526 2310 meram
550 2244 656 2311 ideam
678 2247 711 2315 iu
732 2255 838 2335 mente
860 2249 939 2334 Dei,
968 2269 1031 2315 non
1061 2247 1182 2332 aliquid
1203 2246 1379 2314 subsistens
1401 2245 1488 2332 apud
1507 2247 1634 2312 Patrem
1656 2254 1689 2311 et
1708 2245 1846 2312 JESUM

166 2349 324 2418 hominem
345 2354 379 2420 in
400 2362 489 2422 utero
511 2354 644 2441 virginis
664 2356 697 2424 ri
719 2357 751 2425 S.
777 2379 802 2425 s.
824 2358 923 2426 fuisse
946 2379 986 2424 ex
1009 2352 1095 2445 λόγῳ
1117 2378 1175 2424 ceu
1196 2379 1236 2425 ex
1257 2356 1366 2424 divium
1387 2356 1508 2424 semine
1537 2363 1570 2423 et
1596 2376 1636 2422 ex
1668 2376 1763 2422 carne
1785 2356 1845 2421 rir-

166 2463 251 2547 ginis
277 2470 429 2548 tanquam
458 2465 593 2532 materia
618 2475 806 2555 conceptum
834 2478 867 2536 et
893 2476 1012 2536 natum.
1059 2470 1228 2535 Videantur
1256 2471 1322 2551 eius
1353 2470 1425 2533 libri
1446 2471 1482 2533 de
1505 2470 1652 2533 trinitate.
1698 2467 1845 2532 Sumosa

168 2586 256 2639 nnus
281 2577 448 2642 damnatus
469 2587 513 2642 est
535 2581 569 2643 in
598 2581 717 2660 spnodo
740 2582 932 2645 ‚tntiocbena
955 2599 1029 2644 ann.
1051 2579 1123 2644 274.
1147 2580 1268 2645 Pbotin.
1291 2582 1324 2642 in
1349 2578 1456 2642 concd.
1481 2577 1654 2660 syrmiensi
1676 2597 1749 2641 ann.
1775 2577 1846 2642 356.

169 2684 230 2761 (uel
258 2697 292 2749 ut
317 2687 374 2750 alii
402 2689 540 2754 scribunt
568 2688 665 2770 351).
711 2687 855 2756 Servetus
883 2702 1011 2757 ecustus
1039 2703 1082 2756 est
1105 2689 1244 2756 Geneuue
1272 2709 1345 2754 unn.
1371 2687 1462 2754 1555.
1505 2688 1559 2752 Eu
1578 2690 1627 2752 bis
1649 2689 1790 2751 omnibus
1812 2689 1848 2752 de

167 2791 335 2882 συγγενείᾳ
363 2798 524 2862 doetrinae
546 2797 838 2876 Summemmianae,
866 2801 1072 2867 Pbotiniunue
1100 2813 1127 2866 et
1157 2798 1354 2866 Servetiunue
1382 2800 1473 2881 [acilo
1494 2809 1637 2862 constare
1655 2808 1775 2879 potest,
1807 2818 1847 2862 ea

56 2924 58 2928 ·
157 2924 232 2987 'pesa
252 2925 350 2987 porro
372 2910 527 2990 sequitur,
555 2914 738 2975 recentiores
759 2913 831 2975 illos
853 2915 888 2976 in
912 2911 1176 2993 Trausspluania,
1204 2910 1339 2974 Palania
1360 2919 1388 2974 et
1408 2910 1520 2972 uicinis
1541 2908 1719 2987 ropionibus
1740 2909 1847 2971 baere-

169 3017 260 3091 ticos,
291 3020 345 3098 qui
367 3017 481 3084 Gbristi
508 3021 700 3094 diuinitatem
729 3024 932 3103 imperarant,
964 3033 991 3087 et
1013 3020 1290 3108 Samosuunianas
1318 3029 1346 3084 et
1374 3018 1579 3083 Pbotiniunos
1600 3029 1628 3081 et
1650 3015 1848 3082 Seruetianos

168 3127 322 3209 appellari
348 3144 454 3208 possm
484 3133 632 3211 proxime
660 3142 763 3196 tumen
790 3134 832 3197 ud
851 3131 979 3197 Plotini
1002 3133 1162 3195 insaniam
1184 3131 1348 3203 accedunt,
1376 3129 1457 3193 unde
1478 3129 1572 3192 etiam
1593 3127 1632 3190 ab
1653 3145 1688 3191 eo
1708 3144 1772 3191 sese
1795 3127 1847 3190 de-

167 3240 332 3303 nominare
353 3258 419 3302 non
440 3242 532 3304 inuiti
552 3241 666 3322 [erunt.
695 3242 748 3305 Sic
762 3246 844 3307 enim
858 3243 964 3307 scribit
978 3242 1119 3320 ¹Faustus
1133 3239 1266 3306 Sacinm
1289 3241 1355 3319 (cui
1372 3239 1547 3320 plurimum
1561 3238 1695 3301 tribuere
1711 3237 1758 3300 illi
1773 3256 1847 3301 can-

168 3349 348 3428 sueverunt)
371 3351 406 3412 in
430 3351 544 3430 disput.
565 3352 602 3415 de
622 3351 697 3415 lesu
719 3351 833 3417 Gbristi
857 3351 930 3415 Filii
951 3351 1009 3414 Dei
1030 3362 1149 3415 nmuru
1169 3353 1233 3414 siue
1254 3350 1453 3421 eccsistentiu,
1481 3367 1536 3412 nec
1562 3366 1627 3410 uon
1646 3348 1682 3410 de
1705 3358 1847 3426 peccato-

168 3475 241 3521 rum
265 3476 324 3538 per
350 3460 452 3538 ipsum
482 3462 660 3541 expiatione
682 3462 832 3526 aduersus
853 3461 1014 3526 Andream
1039 3461 1191 3525 Volauum
1211 3478 1241 3541 p.
1262 3457 1334 3524 239.
1352 3482 1354 3488 ’
1377 3457 1411 3523 Is
1432 3455 1491 3522 fuit
1512 3454 1666 3522 Photinus
1688 3453 1847 3538 quondum

168 3564 286 3650 Syrmii
318 3567 503 3654 episcopus,
534 3589 628 3653 quem
657 3577 776 3637 certum
802 3578 851 3638 est
882 3571 1075 3656 ipsissimam
1105 3576 1245 3637 nostram
1277 3567 1468 3636 sententiam
1494 3586 1639 3634 sermone
1667 3572 1699 3631 et
1720 3565 1848 3650 scriptis

168 3676 284 3744 cmiter
305 3676 495 3745 defendisse.
539 3680 655 3745 Eodem
674 3686 826 3763 pertinet,
856 3685 939 3763 quod
962 3681 1135 3747 Ostorodus
1157 3683 1264 3746 scribit
1284 3685 1318 3745 in
1337 3681 1497 3762 prooemio
1519 3696 1613 3758 super
1633 3678 1745 3741 librum
1770 3674 1848 3740 Ger-

168 3792 343 3862 manicum,
377 3791 466 3872 cuius
502 3791 628 3856 titulus:
664 3792 822 3857 lnetitutio
848 3794 885 3856 de
912 3795 1091 3873 praecipuis
1120 3791 1261 3856 articulis
1287 3789 1482 3857 Christianae
1510 3788 1668 3869 relipianis
1698 3789 1733 3850 in
1752 3805 1848 3867 repca

168 3899 319 3965 Palaniae
339 3899 362 3980 l.
386 3899 433 3964 12.
464 3900 663 3985 „Praecipue
687 3921 763 3967 vero
785 3921 826 3967 ex
848 3920 886 3968 co
907 3900 1043 3984 intelligi
1064 3907 1186 3985 potest,
1209 3899 1399 3966 sententiam
1419 3903 1559 3964 nostram
1580 3895 1621 3962 de
1637 3894 1763 3962 Christo
1785 3916 1849 3962 non

168 4028 241 4077 esse
261 4008 416 4076 Arianam
437 4011 536 4093 (quod
555 4032 576 4077 a
597 4014 741 4078 benevolo
762 4015 873 4079 lectore
894 4013 1056 4094 dilipenter
1077 4013 1237 4077 obseruari
1261 4011 1353 4091 petit)
1375 4007 1458 4092 quia>
1470 4007 1582 4073 Ariani
1603 4004 1637 4070 in
1658 4005 1768 4072 concil.
1791 4026 1849 4072 suo

168 4120 353 4214 Syrniemt
366 4120 536 4187 Photinum
557 4124 627 4206 ejus
652 4122 791 4189 civitatis
814 4121 999 4207 episcopum
1020 4141 1084 4186 nna
1104 4141 1176 4185 cnm
1196 4119 1342 4185 doctrina
1361 4119 1462 4204 ipsius
1477 4117 1735 4200 condemnarunt,
1757 4117 1849 4200 cujus

168 4229 314 4299 doctrina
335 4232 455 4315 (quoad
475 4233 642 4299 articulum
663 4233 704 4300 de
726 4233 866 4319 Christo)
895 4239 930 4298 ut
958 4252 998 4297 ex
1026 4230 1166 4298 historiis
1195 4237 1334 4314 constat,
1362 4229 1489 4296 omnino
1515 4227 1575 4293 fuit
1602 4226 1731 4312 eadem,
1765 4245 1850 4309 qnae

168 4340 263 4410 hodie
284 4349 394 4408 nostra
414 4342 495 4410 est.“
527 4343 684 4412 Hactenus
709 4344 890 4411 Ostorodus.
924 4342 994 4409 Sint
1016 4363 1088 4426 erpo
1110 4355 1138 4408 et
1158 4345 1315 4415 dicuutur,
1339 4343 1365 4405 si
1388 4343 1434 4405 itu
1455 4339 1622 4404 collibitum
1646 4340 1722 4419 ipsis
1742 4338 1848 4418 suerit,

170 4452 361 4527 Pbotinioni,
384 4467 412 4520 et
434 4458 478 4519 sic
498 4467 589 4520 erunt
608 4457 644 4519 in
663 4473 720 4519 suo
740 4455 874 4520 Pbotino
896 4455 1038 4519 damuati
1059 4463 1225 4534 antequam
1245 4454 1323 4517 nuti.
1369 4449 1461 4526 Quod
1483 4451 1565 4512 enim
1584 4447 1760 4530 Sprmiersse
1774 4467 1850 4511 con-

169 4564 276 4630 cilium
296 4565 471 4629 arianismi
491 4566 653 4630 insimulat
677 4563 868 4638 Ostorodus,
899 4584 938 4628 ec
962 4575 1055 4644 parte
1082 4563 1196 4644 falsum
1225 4571 1287 4633 ert,
1317 4560 1468 4641 siquidem
1494 4559 1704 4641 interfuerunt
1732 4559 1761 4620 ei
1785 4576 1849 4621 non

169 4677 271 4742 solum
290 4675 420 4748 Ariani,
451 4677 502 4739 sed
522 4678 618 4740 etium
635 4677 686 4756 pii
706 4686 733 4739 et
756 4675 898 4740 cutbolici
919 4676 996 4748 uiri,
1018 4683 1124 4752 utpote
1145 4671 1264 4736 Hosius
1286 4669 1509 4740 Cordubensis,
1532 4667 1684 4732 Eusebius
1707 4665 1849 4732 Nicome-

168 4789 285 4853 diensis
306 4797 333 4850 et
355 4785 485 4851 Murcus
506 4786 690 4851 Aretbusius
715 4787 869 4867 episcopi,
892 4803 1027 4866 quorem
1047 4794 1224 4864 postremus
1243 4781 1391 4861 marturii
1411 4797 1562 4844 eoronam
1581 4787 1689 4860 posteo
1708 4777 1849 4857 adeptus,

170 4899 322 4979 eprepiam
341 4897 411 4978 idel
432 4897 655 4978 confessionem
675 4898 710 4960 iu
730 4896 860 4961 coneilio
884 4897 944 4959 isto
965 4895 1068 4959 edidit.
1115 4893 1262 4956 Videatur
1287 4890 1390 4954 Hilur.
1414 4890 1463 4952 lib.
1485 4891 1521 4953 de
1548 4888 1694 4970 synodis,
1724 4888 1849 4966 tripart.

169 5008 220 5072 lib.
242 5005 272 5071 b.
295 5026 319 5070 e.
341 5006 371 5071 6.
394 5004 517 5071 Sozam.
540 5006 590 5069 lib.
612 5005 643 5073 4.
667 5026 690 5071 c.
710 5004 739 5070 b.
763 5003 882 5071 Socrat.
907 5005 957 5068 lib.
980 5003 1009 5070 2.
1033 5023 1056 5067 c.
1078 5000 1129 5067 29.
1170 5003 1307 5083 Apparet
1332 5017 1406 5064 sane
1427 5001 1566 5064 dicerem
1587 4997 1658 5078 fidei
1679 4996 1850 5077 contessio-

168 5135 222 5183 nes
244 5120 278 5180 in
299 5117 354 5180 illo
375 5117 506 5182 canutio
528 5117 642 5189 editas,
665 5135 801 5198 quarum
822 5134 889 5180 uno
909 5116 992 5197 luvet
1014 5113 1212 5185 Arionismo,
1244 5111 1346 5176 altera
1364 5128 1438 5174 uero
1460 5109 1662 5178 adversatur,
1694 5106 1746 5168 sed
1767 5106 1852 5187 quod

168 5227 296 5292 Pbotini
316 5227 548 5292 damnationem
569 5227 714 5291 unanimi
731 5238 862 5307 patrum
885 5227 977 5289 istius
997 5223 1121 5288 coumlii
1143 5239 1295 5286 conseresu
1314 5221 1429 5302 [aetam
1453 5219 1573 5288 uttimt,
1594 5234 1632 5280 ea
1654 5216 1692 5280 ab
1708 5215 1851 5278 omnibus

169 5338 372 5411 orcmoaets,
402 5355 469 5402 non
497 5336 559 5400 illis
586 5337 704 5412 tolum
730 5337 835 5400 sedet
859 5333 1085 5417 posterioribus
1108 5331 1296 5412 temporibus
1317 5341 1391 5395 ruta
1412 5345 1530 5407 suuper
1550 5326 1612 5407 luit
1633 5325 1748 5390 babitu.
1792 5322 1855 5388 Sed

169 5450 253 5515 mnu
280 5467 346 5514 non
373 5457 438 5515 turn
463 5447 501 5513 de
528 5448 654 5523 sauine
681 5464 776 5528 psam
801 5446 838 5512 de
867 5447 938 5528 ipsu
967 5440 1369 5509 buereeinotiniunorum
1390 5437 1661 5506 romaricanus
1705 5430 1757 5500 Sic
1778 5452 1852 5515 erpo
