3984 6022
202 264 264 339 sss
341 296 348 305 ·
867 266 1008 326 ‘Locus
1025 265 1205 335 nummus

200 431 273 481 tates
290 422 460 479 habentibus
479 422 618 479 bominem
636 425 767 481 constitui
785 425 920 496 potuisse,
944 440 978 478 ex
1002 438 1035 477 eo
1046 421 1050 519 l
1063 422 1131 490 qnia
1143 439 1198 474 non
1205 422 1326 490 poterit3
1338 422 1365 473 si
1372 422 1453 474 Deus
1462 429 1577 489 mnium,
1592 439 1649 476 non
1656 421 1757 491 faciet,
1770 423 1839 492 qudo
1850 439 1900 477 nos

201 510 274 568 enim
293 509 445 577 inferimus,
464 510 561 564 eadem
578 509 808 582 divinapotentia
826 512 896 565 duas
912 516 1036 577 naturas,
1062 507 1170 561 delebit
1187 512 1248 575 stc,
1266 509 1362 589 faetus
1381 525 1447 575 erpo
1462 507 1547 562 'bomo
1563 510 1657 576 Deus,
1684 517 1717 562 at
1737 517 1764 562 et
1784 509 1836 578 oui
1852 526 1900 577 po-

201 595 324 650 divinam
335 601 364 650 et
372 593 532 664 humanam,
541 597 943 668 personaliteruniripotnisse.
953 594 1034 660 Quod
1062 602 1152 663 teret,
1176 595 1294 661 deberet,
1319 601 1345 647 et
1368 595 1418 663 oui
1440 595 1573 663 delebat,
1593 603 1697 664 posset.
1721 594 1900 666 Repetendus

201 700 234 738 ox
253 682 346 736 anima
365 688 393 736 et
405 698 519 752 corpore
532 682 645 736 tertium
656 668 724 755 quid
735 683 921 751 constituitur,
939 699 972 737 ex
991 698 1034 736 ac·
1060 685 1126 733 sunt
1143 678 1195 733 hoc
1216 679 1277 733 loco
1296 696 1410 747 causae,
1433 686 1547 751 propter
1565 696 1634 751 ques
1654 680 1840 736 mediatorem
1857 695 1898 733 no

199 766 303 823 cidenti
318 767 884 841 estquiapartesbaesuntimperfectae
897 773 1035 824 etneutra
1060 771 1147 819 strum
1165 765 1256 820 Deum
1280 773 1310 821 et
1333 764 1471 821 hominem
1499 782 1559 822 esse
1577 766 1712 837 oportuit,
1737 765 1820 820 Deus
1847 782 1900 820 esse

199 871 293 910 earum
309 853 453 909 coustituit
469 872 519 924 per
537 872 738 926 repensorem,
757 856 786 909 in
797 855 907 911 Christo
920 871 952 909 ex
967 855 1035 909 dua·
1060 851 1158 907 debuit
1175 851 1211 906 ob
1230 850 1449 922 magnitudinem
1473 850 1539 906 mali
1564 851 1694 908 abolendi
1712 858 1742 907 et
1760 850 1897 923 magnitu-

198 940 251 998 bus
277 940 383 995 naturis
407 940 470 996 ideo
494 959 551 996 non
574 943 751 998 constituitur
777 942 891 1013 aliquod
915 938 1035 1009 tertium,
1061 937 1154 992 dinem
1173 936 1239 991 boni
1258 937 1429 1006 adducendi,
1458 945 1527 1009 puta
1547 945 1568 994 1.
1585 939 1620 992 ol
1638 937 1741 1013 iirpon
1759 939 1897 1008 sufficien-

199 1025 275 1097 quod
295 1043 346 1082 nec
364 1026 442 1081 Deus
462 1026 499 1081 sit
516 1043 568 1082 nec
585 1027 681 1093 homo,
705 1028 772 1100 quia
789 1029 885 1096 Λόγος
908 1033 972 1082 ante
995 1026 1035 1081 in·
1060 1024 1129 1076 maru
1148 1041 1182 1077 ac
1197 1025 1409 1092 perfectionem.
1433 1023 1495 1081 Nisi
1512 1025 1590 1079 Deus
1604 1024 1712 1093 fuisset,
1729 1024 1821 1096 ipsius
1836 1022 1895 1078 obe

200 1113 387 1167 montionem
412 1111 466 1167 fuit
491 1113 615 1183 perfecte
638 1131 762 1184 persona.
798 1113 1035 1185 Distinguendum
1061 1108 1166 1165 dientia
1189 1127 1222 1165 ao
1247 1110 1339 1180 passio
1364 1128 1419 1166 non
1443 1112 1580 1181 potuisset
1603 1127 1663 1167 esse
1688 1109 1834 1166 sufficiens
1853 1109 1896 1163 tt·

199 1197 284 1269 igitur
299 1198 371 1253 inter
389 1216 447 1252 rem
465 1202 494 1253 et
516 1201 562 1253 rei
582 1202 702 1256 modum.
738 1200 858 1271 Negatio
883 1199 958 1254 modi
979 1215 1035 1253 non
1062 1213 1128 1265 spor
1153 1211 1204 1266 pro
1223 1196 1308 1250 totius
1326 1196 1423 1250 mundi
1440 1197 1576 1268 peccatis3
1605 1202 1629 1252 2.
1650 1197 1684 1250 ob
1709 1197 1773 1250 irae
1792 1195 1899 1247 divisae

198 1283 273 1339 tollit
291 1301 350 1340 rem
367 1283 464 1354 ipsam.
495 1284 576 1340 Licet
593 1286 686 1340 anima
704 1292 732 1341 et
749 1302 921 1357 corpus'non
937 1283 1033 1338 unian-
1056 1282 1253 1349 portationem.
1291 1281 1375 1338 Nuda
1398 1291 1525 1338 creatura
1548 1300 1605 1337 non
1626 1281 1765 1353 potuisset
1789 1281 1899 1334 immen-

199 1373 246 1424 tur
263 1387 295 1424 eo
313 1369 403 1434 modo,
422 1387 477 1441 quo
496 1370 591 1425 divina
602 1371 763 1426 ethumana
774 1379 874 1427 natura
886 1370 915 1425 in
925 1369 1034 1425 Christo
1061 1383 1121 1421 sum
1144 1368 1254 1436 pondus
1279 1373 1459 1437 peccatorum
1485 1376 1514 1423 et
1537 1368 1594 1424 irae
1617 1367 1731 1422 divinae
1750 1366 1837 1422 totins
1854 1366 1899 1420 hu·

198 1454 341 1524 uniuntur,
361 1460 455 1510 mmen
471 1472 537 1512 vere
556 1455 696 1523 uniuntur,
718 1458 792 1528 quod
810 1455 921 1520 sufficit,
939 1457 1035 1511 adver·
1061 1452 1135 1506 mani
1160 1453 1269 1523 generis
1292 1453 1413 1524 peccatis
1432 1453 1545 1509 debitae
1564 1458 1690 1524 portare3
1716 1456 1744 1506 3.
1764 1454 1800 1506 ob
1816 1453 1898 1506 malo

199 1540 265 1596 sami
282 1541 355 1597 enim
376 1558 426 1596 suo
445 1549 608 1613 argumento
625 1559 681 1597 non
699 1542 809 1597 unionis
837 1542 963 1611 modum,
985 1542 1035 1597 sed
1060 1556 1122 1591 rum
1140 1540 1326 1593 remotionem.
1352 1540 1436 1597 Nudo
1449 1540 1553 1596 homini
1573 1558 1629 1597 non
1648 1539 1749 1595 uuest
1761 1528 1898 1611 possibilis

197 1626 329 1683 umorem
348 1625 437 1697 ipsam
455 1633 628 1699 impugnant.
1060 1623 1168 1693 peccati
1186 1624 1308 1693 abolitio,
1327 1625 1427 1696 capitis
1445 1626 1581 1697 serpentis
1599 1625 1743 1681 infernalis
1764 1625 1897 1693 contritio,

200 1712 202 1716 ⁴
233 1719 274 1768 40.
310 1714 362 1779 Qu
381 1718 403 1768 3.
442 1713 519 1777 Quid
535 1715 711 1769 statmnnlum
735 1716 770 1767 de
794 1713 1035 1783 similitudinibus,
1061 1709 1141 1782 regni
1160 1710 1264 1766 diaboli
1282 1711 1440 1780 destructio,
1460 1711 1555 1767 mortis
1576 1712 1736 1782 absorpti03
1758 1716 1784 1765 t.
1804 1713 1839 1765 ob
1855 1712 1897 1764 bo·

199 1799 298 1868 medus
318 1800 440 1853 duarum
457 1810 625 1854 naturarum
651 1800 681 1854 in
705 1800 816 1855 Christo
840 1800 968 1853 unionem
991 1799 1037 1869 pii
1062 1813 1161 1849 norum
1183 1797 1400 1864 reparationem.
1436 1797 1535 1853 Nudus
1558 1796 1640 1851 bomo
1664 1803 1695 1852 et
1721 1795 1804 1852 linita
1829 1813 1897 1852 cres·

196 1893 302 1939 ommes
313 1886 482 1941 declarant!
499 1885 604 1940 Earum
616 1885 770 1956 complures
790 1891 945 1953 occurrunt,
964 1885 1035 1939 inter
1062 1887 1125 1936 ture
1158 1899 1213 1937 non
1243 1883 1379 1953 potuisset
1406 1882 1558 1952 perfectam
1584 1881 1724 1953 jusu'tiam
1754 1881 1897 1949 adducere,

198 1986 268 2040 quas
285 1970 407 2027 eminent
423 1987 490 2040 eae,
508 1988 579 2043 quae
595 1990 613 2025 a
631 1990 748 2042 corpore
767 1974 937 2027 animatust
949 1974 1035 2039 serre
1062 1966 1194 2038 Spiritum
1213 1986 1234 2021 s.
1257 1967 1437 2036 distribuere,
1455 1968 1540 2023 vitam
1559 1975 1701 2022 aeternam
1721 1967 1896 2024 credentibus

89 2120 97 2130 .
197 2053 286 2123 lenito
296 2055 485 2111 desumuntur.
502 2056 642 2112 Lutherus
650 2057 738 2112 utitm
746 2056 1034 2125 similitudineoiolae,
1061 2052 1200 2122 conferre3
1221 2059 1246 2106 5·
1267 2055 1302 2108 ob
1320 2055 1426 2108 decreti
1445 2054 1535 2107 divini
1550 2055 1785 2124 patefactionem.
1821 2054 1897 2112 llud·

198 2139 228 2194 in
249 2157 305 2212 qua
321 2157 477 2212 purpureus
491 2142 566 2197 color
583 2143 722 2214 significet
738 2142 888 2199 humanam
907 2150 1034 2198 naturam
1060 2145 1189 2194 creatura
1208 2157 1262 2194 non
1280 2139 1415 2210 potuisset
1434 2139 1504 2193 scire
1521 2139 1664 2194 decretum
1676 2138 1747 2194 DEI
1763 2139 1802 2194 de
1813 2138 1897 2194 salute

198 2224 370 2295 crucifixam,
396 2243 496 2282 aureus
522 2229 738 2284 subdivinum.
775 2227 830 2284 Sed
849 2229 884 2284 de
900 2227 944 2282 his
961 2228 1034 2283 simi·
1060 2232 1167 2294 nostra,
1195 2226 1270 2297 quod
1293 2231 1386 2281 tamen
1408 2242 1459 2295 per
1483 2225 1661 2281 mediatorem
1688 2225 1792 2282 debuit
1815 2226 1895 2282 mani·

197 2306 363 2367 litudinibus
380 2313 454 2368 idem
472 2299 657 2383 stutuendum,
676 2314 751 2386 quod
769 2315 805 2369 de
824 2313 888 2383 illis,
907 2330 979 2386 quae
990 2302 1034 2369 'ad
1059 2311 1171 2381 ferteri,
1194 2311 1295 2367 Johen.
1315 2317 1341 2375 1,
1367 2329 1392 2365 v.
1415 2317 1452 2367 ts.
1480 2311 1570 2366 Deum
1588 2327 1668 2367 nemo
1688 2311 1762 2368 vidit
1780 2328 1897 2384 unquam

198 2396 331 2453 minitatis
344 2398 506 2469 mysterium
516 2400 709 2472 explicandum
721 2398 897 2467 adhibentur,
910 2415 961 2454 suo
973 2399 1034 2454 loco
1060 2403 1127 2466 etc.;
1157 2400 1182 2451 t.
1207 2399 1242 2453 oi>
1267 2399 1400 2452 melenae
1425 2399 1622 2464 defensionem
1663 2397 1751 2455 Nuda
1775 2405 1897 2454 creatum

198 2483 449 2553 pronuntiavimus:
462 2484 655 2559 ippidesptr,
665 2484 738 2541 οὐδὲ
751 2485 819 2539 κατὰ
828 2484 1034 2550 ndrrn,similia
1059 2499 1115 2537 non
1141 2489 1236 2554 posset
1259 2483 1403 2538 ecclesiam
1427 2483 1559 2539 adversus
1583 2483 1727 2540 diabolum
1754 2490 1784 2540 et
1808 2501 1896 2540 omnes

198 2564 263 2624 'sunt
277 2562 332 2624 nori
346 2571 450 2627 eadem.
487 2573 553 2627 Non
569 2589 679 2627 necesse
693 2579 732 2626 est
738 2573 946 2642 paradipmuta
960 2572 1035 2624 omni
1059 2569 1209 2624 inferorum
1226 2576 1320 2640 portas
1337 2569 1502 2639 defendere,
1521 2570 1570 2625 sed
1586 2559 1623 2624 ad
1641 2570 1695 2625 hoc
1714 2572 1843 2643 requitur
1858 2570 1894 2625 di·

198 2656 281 2710 modo
301 2663 327 2709 et
346 2657 448 2726 aisque
458 2658 572 2725 defectu
589 2658 696 2712 similia
715 2673 773 2711 esse
791 2659 872 2712 rehtu
887 2658 965 2726 ipsis,
984 2659 1035 2711 sed
1058 2655 1124 2709 rina
1145 2662 1173 2710 et
1195 2654 1303 2709 infinita
1326 2655 1464 2725 potentia;
1496 2660 1519 2710 7.
1539 2656 1574 2709 ab
1585 2663 1740 2725 partorum
1759 2659 1892 2711 &norem

89 2755 93 2762 ·
198 2741 313 2810 aliquid
323 2742 425 2796 lechem
436 2743 540 2812 nmile,
559 2744 673 2812 aliquid
682 2761 747 2798 uero
765 2743 914 2809 dissimile,
933 2743 1034 2798 Dama·
1059 2743 1301 2796 conservationem.
1338 2742 1477 2798 Mediator
1501 2747 1595 2799 noster
1619 2741 1692 2797 dona
1716 2742 1801 2799 nobis
1819 2749 1893 2813 paru

199 2839 299 2881 scenus
317 2825 364 2882 lib.
383 2831 407 2882 3.
432 2843 456 2884 c.
475 2834 515 2884 26.
551 2827 629 2884 Idem
649 2829 788 2899 judicium
810 2835 868 2886 esto
892 2831 926 2886 de
949 2830 1034 2901 typis,
1059 2827 1157 2883 melius
1179 2845 1343 2884 conservare
1362 2828 1472 2894 debuit,
1493 2845 1577 2900 quem
1593 2828 1698 2899 primus
1715 2828 1834 2884 humani
1851 2844 1893 2900 ge

199 2910 247 2983 qui
267 2928 301 2967 ex
317 2911 352 2968 V.
371 2911 404 2966 Τ.
422 2911 478 2968 huc
494 2914 743 2971 accommodantur.
779 2915 813 2970 In
830 2932 895 2971 arca
911 2915 1032 2970 foederis
1057 2915 1131 2969 neris
1153 2931 1254 2985 parens
1277 2912 1416 2983 Adamus,
1444 2914 1493 2986 qui
1517 2932 1573 2971 non
1596 2915 1685 2969 solum
1703 2931 1758 2985 pro
1782 2932 1825 2983 se,
1849 2911 1894 2969 sed

84 3013 124 3055 uu
138 3009 186 3058 m.
199 3003 260 3054 erat
268 2998 376 3071 lignum
386 2998 462 3054 cedri
471 3006 499 3055 et
507 3016 612 3056 eurum.
624 2999 712 3057 Hilar.
722 3001 752 3056 in
762 3017 847 3058 enarr.
857 3002 959 3058 Psalm.
972 3007 1033 3058 131:
1058 3006 1088 3056 et
1099 3017 1150 3072 pro
1161 2999 1288 3056 omuibus
1305 3000 1423 3070 posteris
1442 3000 1516 3055 dona
1526 2999 1658 3055 divinitus
1671 3000 1727 3054 sibi
1739 2999 1894 3056 concredita

197 3102 268 3139 arca
285 3085 414 3149 foederis
433 3093 493 3140 mat
511 3088 617 3157 species
637 3089 777 3158 corporis,
800 3091 877 3158 quod
893 3089 1032 3144 Dominus
1059 3086 1165 3152 amisit,
1189 3087 1238 3142 sed
1257 3085 1384 3142 Christus
1407 3102 1440 3141 ea
1463 3085 1584 3142 fideliter
1604 3095 1752 3142 conservet
1772 3087 1893 3143 omnihus

198 3171 336 3226 assumsit.
372 3169 486 3243 Hippoi.
513 3188 557 3244 ap.
575 3171 713 3228 Theodor.
730 3173 803 3229 Dial.
825 3180 852 3230 1:
875 3191 945 3228 arca
971 3182 1032 3228 erat
1059 3173 1251 3238 credentibus;
1273 3178 1297 3229 8.
1317 3173 1351 3227 ol
1364 3189 1482 3243 precum
1500 3173 1713 3230 redemtionem.
1732 3172 1785 3228 Ad
1797 3173 1892 3228 media·

196 3259 279 3326 'typus
300 3254 406 3310 Christi
423 3257 581 3312 seruatoris.
616 3258 650 3312 In
667 3258 738 3313 rubo
756 3263 799 3314 est
823 3259 897 3330 ignis
922 3259 1032 3332 symbo·
1059 3259 1127 3313 toris
1145 3257 1267 3314 officium
1284 3259 1448 3330 requiritur,
1475 3265 1506 3314 ut
1525 3259 1659 3315 ecclesiae
1677 3275 1747 3314 suae
1768 3275 1892 3331 praeseus

196 3341 255 3396 lum
267 3347 383 3399 neutrae
395 3343 505 3399 divinae
516 3342 701 3401 lucidissimae
715 3361 748 3399 ac
765 3346 1033 3417 penetrantissimae,
1058 3344 1164 3416 ubique
1180 3344 1267 3414 adsit,
1286 3344 1448 3401 invocantes
1466 3360 1496 3400 so
1516 3346 1613 3401 audiat
1632 3361 1664 3399 ac
1683 3362 1784 3415 preces
1805 3361 1893 3401 sonim

196 3427 245 3503 qui
262 3427 369 3500 lignum
387 3446 421 3484 ex
438 3435 512 3484 terra
529 3436 619 3485 ortum
635 3428 772 3486 humanae
787 3439 903 3488 naturae
921 3431 1032 3505 symbo·
1058 3432 1134 3487 velut
1157 3431 1322 3486 intercessor
1341 3431 1377 3485 ad
1397 3430 1489 3486 Deum
1508 3430 1628 3497 defmat,
1647 3430 1744 3502 utique
1767 3448 1834 3504 ergo
1852 3447 1892 3485 re·

116 3550 121 3569 .
194 3510 254 3597 lum
272 3514 408 3584 accendit,
429 3532 485 3571 uon
502 3522 595 3571 tamen
612 3518 763 3587 consumit,
783 3518 848 3590 quia
865 3519 894 3573 in
912 3519 1032 3574 humana
1058 3534 1120 3572 rum
1137 3516 1229 3572 Deum
1254 3517 1346 3588 ipsum
1364 3534 1424 3573 esse
1442 3517 1571 3588 oportuit.
1606 3516 1679 3573 Vide
1698 3518 1785 3587 plura
1805 3519 1839 3572 de
1855 3517 1893 3572 bis

196 3604 296 3654 tratura
313 3598 416 3655 Christi
437 3599 546 3657 habitat
564 3603 653 3657 omnis
675 3603 722 3658 lux
744 3604 855 3660 divinae
879 3605 1031 3676 majestatis
1057 3603 1148 3658 causis
1172 3603 1247 3674 apud
1270 3602 1344 3660 Iren.
1369 3602 1431 3657 libr.
1457 3609 1480 3671 3,
1506 3620 1529 3657 c.
1557 3609 1580 3659 9.
1606 3609 1635 3657 et
1659 3609 1701 3658 20.
1722 3603 1787 3658 libr.
1807 3612 1830 3660 5.
1849 3602 1892 3658 fol.

196 3682 256 3738 sine
268 3683 326 3740 ulla
344 3687 467 3757 eJusden
486 3688 676 3745 consumtione
693 3691 738 3746 vel
755 3689 912 3746 abolitione.
937 3692 1032 3762 Λόγος
1057 3695 1116 3747 293.
1141 3690 1269 3745 Lacum.
1287 3690 1336 3745 lib.
1353 3696 1378 3760 t,
1397 3707 1419 3744 c.
1441 3695 1482 3746 23.
1502 3695 1546 3745 24.
1563 3695 1591 3745 et
1607 3695 1649 3746 25.
1672 3689 1797 3761 August
1808 3690 1854 3746 lib.
1870 3694 1891 3744 9.

195 3768 307 3826 'carnem
319 3773 458 3842 assumsit,
476 3790 531 3828 non
549 3773 692 3845 absumsit,
710 3775 800 3847 gloria
817 3776 893 3832 amni
912 3795 1031 3833 commu-
1057 3777 1093 3832 de
1110 3776 1184 3831 civit
1202 3776 1256 3832 Dei
1273 3792 1298 3831 c.
1317 3782 1356 3832 15.
1392 3775 1521 3848 Fulgent.
1541 3775 1588 3832 lib.
1608 3774 1644 3832 de
1660 3775 1768 3832 incarn.
1785 3782 1813 3833 et
1824 3781 1891 3848 grst-

195 3854 289 3911 uiceta
302 3856 420 3912 eandem
441 3855 554 3926 extollit,
572 3877 629 3915 non
638 3861 724 3931 tollit;
740 3861 857 3933 perficit,
876 3879 930 3918 non
948 3863 1030 3919 iuter·
1057 3879 1080 3917 c.
1104 3867 1127 3918 8.
1154 3869 1207 3919 etc.
1242 3861 1373 3919 Vicissim
1393 3862 1477 3917 etiam
1499 3878 1580 3917 verus
1604 3860 1686 3917 homo
1704 3877 1767 3918 esse
1785 3860 1890 3918 debuit:

196 3939 261 3997 ficit
1058 3952 1081 4003 1.
1100 3949 1134 4003 ob
1152 3948 1266 4002 diuinae
1279 3949 1412 4015 justitiae
1431 3949 1662 4002 constitutionem.
1686 3947 1780 4004 Homo
1799 3963 1892 4020 paces·

230 4033 271 4085 41,
299 4025 600 4085 Usnr'consotmortns.
626 4030 698 4096 Quia
716 4031 842 4088 Christus
861 4049 942 4089 serus
954 4032 1031 4089 Deus
1057 4041 1142 4103 verat,
1160 4051 1211 4104 per
1224 4033 1363 4090 hominem
1381 4034 1467 4106 igitur
1478 4033 1631 4090 satisfactio
1642 4035 1815 4105 praestanda
1829 4041 1893 4097 erat,

195 4119 224 4170 et
241 4129 323 4171 verus
339 4112 437 4185 homo,
455 4114 518 4171 ideo
537 4115 619 4172 edam
638 4133 718 4174 verus
737 4125 765 4176 et
781 4118 923 4191 perfectus
941 4121 1030 4176 salra-
1057 4127 1087 4176 at
1111 4120 1179 4191 quid
1199 4119 1326 4190 justitiae
1353 4119 1463 4174 divinae
1485 4120 1614 4176 immotae
1633 4136 1748 4191 prorsus
1768 4138 1802 4176 ac
1822 4121 1891 4175 inre

194 4206 246 4270 tor,
263 4200 400 4256 mediator
418 4216 451 4256 sc
471 4202 609 4258 redemtor
629 4211 729 4260 noster.
765 4205 914 4277 Aneelmus
929 4206 991 4263 libr.
1005 4213 1027 4263 2.
1056 4205 1148 4263 riabili
1171 4201 1347 4261 decederet?
1366 4208 1392 4260 2.
1419 4206 1452 4259 ob
1479 4213 1599 4259 naturae
1624 4207 1767 4261 tamarae
1785 4208 1890 4262 restite·

195 4284 251 4342 Our
262 4285 340 4342 Deus
357 4285 439 4342 homo
460 4304 483 4343 e.
505 4294 549 4345 18:
570 4291 620 4343 Ad
636 4289 687 4344 loc
704 4292 793 4345 valuit
810 4293 841 4345 in
855 4291 965 4347 Christo
986 4295 1029 4347 di·
1056 4295 1165 4348 tionem.
1206 4292 1262 4347 Psr
1285 4299 1429 4363 peccatum
1455 4297 1544 4347 totum
1570 4310 1658 4364 genus
1674 4292 1829 4349 humanum
1846 4292 1889 4349 sd·

193 4372 312 4426 vesias
323 4381 488 4428 naturarum
503 4383 529 4428 et
543 4375 634 4428 unitas
647 4393 797 4444 personae,
815 4385 853 4447 ut,
872 4380 949 4447 quod
959 4397 1029 4448 opus
1056 4394 1144 4450 eoque
1162 4384 1221 4434 tota
1240 4386 1340 4434 natura
1353 4377 1474 4433 bumana
1493 4377 1590 4434 misere
1607 4386 1668 4433 erat
1685 4388 1833 4451 obnupta,
1855 4379 1891 4434 its

195 4463 257 4509 erat
267 4457 332 4520 tisri
342 4458 531 4513 adbominnm
544 4464 791 4527 restaurationem,
801 4464 829 4516 si
841 4465 963 4518 bumana
974 4482 1029 4518 non
1055 4469 1088 4518 ut
1105 4482 1199 4520 omnes
1215 4463 1339 4520 homines
1363 4468 1456 4520 essent
1474 4465 1546 4520 servi
1563 4464 1669 4535 peccati
1688 4470 1717 4519 et
1735 4466 1833 4521 mortis
1849 4479 1890 4520 ae·

188 4546 810 4614 possetnatura,faeeretdivina,etsidirinae
819 4550 1028 4605 minimeconee·
1055 4557 1150 4605 ternae
1173 4549 1228 4620 rei;
1254 4549 1342 4605 voluit
1360 4549 1446 4621 igitur
1463 4548 1552 4604 Filius
1569 4548 1637 4604 DEI
1654 4550 1684 4604 in
1703 4550 1831 4607 humana
1846 4565 1890 4605 aa·

192 4631 276 4700 niret,
285 4629 424 4690 reliberet
435 4630 557 4686 brunone
570 4640 596 4686 et
607 4651 663 4686 non
682 4635 757 4688 alites
775 4645 859 4707 utque
877 4638 962 4706 nlius,
978 4640 1031 4691 sed
1055 4642 1118 4691 tura
1142 4641 1266 4691 assumta
1283 4641 1399 4690 mortem
1416 4651 1548 4706 superare
1566 4644 1595 4690 et
1612 4636 1744 4692 mheram
1763 4646 1888 4694 naturam

195 4706 342 4785 tpresrset,
360 4714 410 4784 qui
424 4724 569 4787 utrumque
583 4719 710 4786 perfecte
719 4722 850 4775 censum
864 4739 920 4791 per
934 4725 1028 4777 brimo
1054 4721 1203 4777 humanam
1235 4722 1271 4776 sd
1302 4720 1449 4776 coelestem
1478 4721 1596 4794 gloriam
1630 4722 1731 4778 iterum
1765 4723 1891 4789 eveham

101 4807 103 4811 '
193 4816 259 4854 nom
271 4799 395 4864 semera,
408 4802 485 4869 quod
494 4802 549 4856 illa
561 4803 719 4872 debebatet
726 4823 781 4874 per
790 4807 916 4862 divinam
924 4817 1029 4879 posset,
1054 4814 1081 4866 3.
1102 4811 1135 4865 ol
1153 4816 1277 4864 nostram
1295 4825 1357 4861 eum
1371 4809 1435 4861 Deo
1454 4809 1720 4865 reconciliationem.
1757 4812 1814 4867 Per
1831 4825 1891 4882 pec·

193 4888 272 4954 quod
287 4886 450 4956 eopedielat
468 4891 519 4942 etc.
552 4888 683 4942 Debitum
697 4897 802 4945 tantum
814 4903 883 4963 erat,
901 4902 932 4948 ut
945 4895 1028 4959 illud,
1054 4902 1148 4951 catum
1160 4895 1243 4950 Adue
1259 4910 1354 4949 omnes
1372 4909 1480 4948 eramus
1500 4912 1519 4946 a
1541 4895 1627 4949 DEO
1643 4896 1738 4950 dirisi.
1768 4897 1843 4953 lissi.
1854 4901 1892 4952 tt.

193 4987 255 5025 mem
274 4989 330 5026 non
348 4973 458 5027 deberet
475 4974 581 5028 solnm
601 4975 658 5029 nisi
673 4975 766 5048 lamo,
791 4997 846 5034 non
859 4990 956 5051 posset
973 4982 1031 5036 nisi
1055 4999 1080 5037 v.
1105 4988 1128 5037 2.
1166 4981 1292 5037 Christus
1310 4979 1396 5051 igitur
1415 4978 1565 5034 humanam
1582 4986 1712 5035 naturam
1730 4982 1787 5039 sibi
1803 4997 1892 5055 peso
1903 4981 1954 5033 ut!

193 5056 288 5128 Deru,
313 5059 354 5112 ita
371 5060 494 5113 tetidem
512 5069 582 5115 esset
598 5061 696 5127 lamo,
715 5065 766 5133 qui
782 5070 874 5133 Deus,
891 5070 966 5123 unde
983 5086 1028 5124 ne·
1055 5068 1154 5123 naliter
1176 5066 1281 5134 univit,
1308 5066 1393 5120 utin
1418 5081 1451 5119 ea
1472 5081 1506 5119 sc
1528 5082 1578 5136 per
1601 5081 1661 5120 earn
1679 5067 1828 5126 reduceret
1845 5085 1893 5124 nos

193 5159 268 5197 cesse
287 5153 362 5215 mat,
380 5154 410 5200 ut
427 5148 507 5201 Dens
525 5157 676 5203 assumeret
693 5149 829 5205 bominem
848 5153 877 5206 in
894 5155 1029 5209 unitatem
1055 5155 1092 5209 sd
1104 5152 1322 5208 communionem
1340 5151 1488 5220 eumDe03
1506 5155 1529 5204 4.
1540 5152 1573 5203 ob
1584 5151 1660 5220 fidei
1667 5161 1786 5209 nemrae
1797 5157 1892 5225 confir·

189 5244 337 5301 personae,
357 5240 494 5301 quatenus
511 5235 561 5303 qui
577 5236 607 5288 in
624 5244 729 5290 natura
747 5238 854 5291 soluere
872 5228 987 5295 debebat
1004 5249 1028 5296 et
1055 5241 1212 5293 mationem.
1247 5237 1345 5295 Voluit
1362 5235 1416 5291 Dei
1434 5236 1522 5291 Filius
1540 5237 1569 5291 in
1587 5243 1616 5291 et
1632 5254 1696 5292 cum
1710 5237 1834 5295 bumana
1847 5256 1892 5295 ut·

192 5329 250 5367 non
264 5323 388 5387 poterat,
408 5318 437 5371 in
450 5335 575 5388 persona
599 5330 684 5392 esset,
712 5324 763 5393 qui
775 5333 876 5393 posset.
912 5325 979 5398 Cap.
999 5334 1028 5382 τε
1055 5330 1119 5379 tura
1145 5340 1178 5378 ao
1204 5342 1255 5394 per
1282 5323 1431 5378 humanam
1458 5329 1586 5378 naturam
1617 5339 1688 5393 opus
1715 5326 1892 5382 redemtionis

194 5398 424 5466 Satusactionem
441 5408 544 5473 facere
567 5425 622 5460 non
635 5418 748 5478 poterat
771 5410 828 5464 nesi
847 5412 939 5482 Dens,
973 5431 1029 5466 non
1056 5408 1203 5481 perficere,
1219 5415 1252 5464 ut
1271 5409 1338 5466 certi
1357 5409 1550 5478 redderemur,
1569 5399 1705 5464 beneficia
1724 5411 1775 5466 illa
1791 5411 1893 5466 Christi

192 5485 309 5539 debebat
336 5489 392 5541 nisi
416 5490 504 5547 nono.
541 5492 577 5546 ss·
599 5493 680 5549 bomo
705 5504 829 5565 terrerem,
857 5499 1029 5569 consociet,
1056 5504 1144 5553 morte
1161 5514 1195 5553 ac
1213 5496 1341 5567 passione
1359 5502 1440 5566 parta
1458 5493 1495 5550 ad
1513 5512 1563 5550 nos
1582 5512 1644 5551 vere
1663 5496 1892 5565 pertineremus
