3984 6022
612 258 663 312 DE
686 256 861 315 PERSONA
878 257 929 312 ΕΤ
950 255 1100 311 OFFICIO
1119 255 1282 313 CHRISTI.
1522 293 1529 305 ·
1669 254 1673 264 ’
1731 262 1792 320 475

92 409 160 462 dum
177 410 326 467 humanam
338 416 464 467 naturam
476 412 560 468 habet
571 412 776 484 generationem
791 412 926 467 diversam
955 409 1053 464 Matth.
1076 416 1121 478 13,
1148 429 1172 466 v.
1194 417 1235 466 11.
1263 409 1351 481 Apoc.
1375 415 1402 479 1,
1421 426 1446 463 v.
1466 415 1487 464 1.
1510 414 1548 463 17.
1568 410 1741 463 Futurarum
1760 425 1793 463 ex

93 512 111 548 a
128 502 223 550 nostra
240 514 296 552 non
315 497 457 566 materiae,
475 498 525 554 sed
549 499 683 554 duntaxat
701 499 775 553 modi
792 500 928 568 respectu,
954 494 1062 550 infinita
1077 496 1194 571 scientia
1202 496 1378 566 praedictio.
1396 501 1427 549 ut
1437 494 1538 564 probat
1550 495 1664 551 historia
1676 513 1793 566 evange

92 599 160 653 ergo
185 582 271 652 ipsius
295 583 436 655 generatio
463 600 519 638 non
539 591 581 640 est
598 591 658 640 tota
673 585 766 656 specie
784 584 928 639 diversas
954 582 1016 639 lica.
1053 584 1196 653 &Opera
1223 584 1333 650 pretias
1359 581 1393 636 in
1412 581 1542 650 ecclesia,
1567 582 1603 637 ad
1622 599 1693 654 quse
1710 582 1793 653 perti-

93 675 205 731 nostra,
227 674 254 723 et
271 686 320 739 per
338 686 522 741 consequens,
547 670 622 742 quod
642 670 744 726 dicitur
762 671 930 740 unipenitas,
955 674 1036 723 nent:
1058 670 1154 723 electio
1175 669 1354 737 adsalutem,
1370 670 1488 733 uacatio,
1506 669 1635 723 collectio
1653 671 1793 739 ecclesiae,

93 772 151 807 non
169 760 261 826 potest
277 755 367 826 accipi
384 756 491 812 ratione
509 756 696 826 humanitatis,
715 758 789 829 quod
809 775 826 812 a
844 756 928 827 Spiri-
956 756 1115 809 constitutio
1134 757 1296 826 ministerii,
1323 756 1459 810 institutio
1486 764 1739 822 sacramentorum,
1759 758 1793 810 il-

91 846 124 894 11
146 861 167 895 s.
187 848 349 912 conceptus,
370 861 454 915 quam
471 861 583 899 causam
602 843 745 915 proferunt
762 843 929 907 Photiniani,
957 841 1111 912 luminatia,
1125 843 1308 910 recoloratio,
1318 843 1495 912 justificatio,
1509 845 1793 911 peccatorumremis-

92 927 143 982 sed
162 929 268 982 ratione
286 928 453 997 divinitatis,
467 932 549 1001 juxta
567 947 650 1002 quam
670 931 706 986 ab
723 938 835 987 aeterno
854 938 895 985 est
914 947 931 985 a
957 929 1015 997 sio,
1033 930 1191 998 renouatio,
1209 930 1342 982 miranda
1359 929 1493 982 ecclesiae
1510 929 1647 996 defensio,
1665 929 1695 983 in
1714 946 1793 983 cruce

92 1013 178 1069 Patre
195 1014 314 1085 genitus.
351 1021 374 1072 8.
394 1015 513 1071 Causam
532 1023 560 1072 et
576 1017 691 1073 formale
706 1016 853 1082 filiationis,
874 1017 931 1073 sire
958 1017 1125 1079 comolatio,
1147 1032 1263 1086 precum
1289 1016 1447 1077 coauditio,
1475 1019 1516 1069 od
1540 1017 1625 1070 uitam
1652 1024 1795 1070 aeternam

92 1102 299 1171 propterquod
319 1100 444 1157 Christus
464 1103 573 1157 dicatur
584 1103 638 1158 Dei
647 1103 744 1167 Filius,
768 1105 796 1158 in
809 1104 930 1175 Scriptu-
957 1103 1148 1170 resuscitatio,
1179 1103 1302 1157 salvatio
1333 1111 1368 1156 et⁴
1387 1103 1571 1172 plorificatio,
1602 1120 1674 1175 quae
1703 1103 1796 1159 omnia

92 1187 131 1240 ris
157 1186 254 1241 referri
276 1187 312 1242 ad
336 1189 541 1261 generationem
561 1190 663 1244 Psalm.
683 1197 713 1258 2,
737 1209 762 1245 v.
782 1197 805 1245 1.
823 1189 886 1246 Joh.
910 1196 930 1258 1,
959 1187 1066 1244 Christo
1086 1189 1115 1243 in
1133 1188 1284 1260 Scripturis
1301 1189 1468 1244 tribuuntur.

93 1291 119 1327 1.
142 1278 179 1328 14.
200 1279 264 1341 ctu,
285 1291 318 1330 ac
337 1293 436 1331 nomen
456 1276 506 1331 filii
525 1276 578 1342 Dei
596 1277 635 1332 ita
654 1277 740 1332 tribui
758 1276 880 1344 Christo,
900 1284 932 1330 ut
993 1281 1033 1329 56.
1071 1275 1152 1330 Circa
1174 1275 1247 1330 banc
1266 1281 1490 1349 argumentorum
1512 1275 1626 1331 classem
1644 1276 1674 1331 in
1693 1293 1794 1348 genere

93 1377 145 1416 nec
173 1360 278 1432 angelis
304 1378 355 1415 nec
384 1361 540 1418 bominibus
566 1381 598 1419 eo
626 1364 707 1419 modo
734 1364 819 1419 tribui
845 1363 932 1434 possit
958 1367 1024 1415 nota
1049 1368 1069 1418 1.
1093 1361 1202 1417 Christo
1221 1362 1307 1417 tribui
1333 1370 1391 1418 tum
1416 1379 1529 1433 operum
1547 1362 1710 1433 ταινιόιητα,
1735 1370 1793 1418 turn

94 1446 181 1503 Hebr.
206 1453 233 1515 1,
249 1465 274 1500 v.
296 1455 318 1503 5.
355 1448 471 1504 Frustra
486 1451 572 1522 igitur
589 1451 701 1522 proprio
722 1451 835 1506 arbitrio
853 1465 931 1504 exco-
959 1448 1059 1520 agendi
1079 1448 1242 1522 ripaticum,
1263 1457 1321 1505 tum
1339 1449 1449 1504 honoris
1468 1448 1577 1517 icioma
1595 1449 1658 1507 lob.
1672 1457 1697 1519 5,
1712 1467 1739 1522 y.
1755 1456 1793 1514 19,

93 1533 220 1604 gitantur
243 1533 308 1589 illae
327 1540 441 1604 causae,
467 1544 578 1608 propter
595 1555 663 1608 quas
682 1536 806 1593 Christus
825 1537 932 1591 dicatur
958 1535 1063 1589 nullam
1089 1535 1174 1608 igitur
1198 1536 1234 1591 de
1253 1536 1394 1607 potentiae
1413 1536 1611 1607 inaequalitate
1632 1537 1794 1609 relegendi

94 1619 149 1674 Dei
167 1619 263 1687 Filius,
284 1638 315 1675 ac
334 1621 454 1676 inaniter
472 1622 613 1678 filiationis
632 1640 717 1678 causa
734 1622 931 1688 indilections,
959 1622 1119 1676 diversitate
1137 1622 1332 1694 cogitationem
1350 1622 1394 1676 hic
1411 1621 1513 1693 suscipi
1531 1622 1641 1679 debere.
1677 1623 1794 1680 Nazian-

94 1705 124 1758 in
142 1706 321 1761 haereditatis
341 1708 502 1778 donatione,
523 1709 551 1763 in
569 1710 685 1765 aliorum
704 1709 822 1764 filioram
842 1709 932 1764 Deia
960 1724 1043 1762 zeruu
1067 1715 1134 1762 orat.
1164 1715 1187 1763 4.
1211 1709 1245 1764 de
1268 1708 1378 1763 'l'heol.:
1410 1710 1476 1762 Non
1499 1711 1563 1762 ideo
1588 1711 1658 1763 dicit
1682 1709 1794 1783 ὁμοίως,

94 1792 205 1848 Christo
229 1793 463 1863 denominatione,
488 1797 517 1851 in
541 1797 752 1865 resurrectione,
776 1797 804 1850 in
829 1797 931 1850 exalta·
957 1794 1101 1862 similiter,
1131 1797 1208 1865 quod
1237 1813 1350 1865 opemsm
1377 1795 1413 1848 sit
1441 1795 1612 1859 similitudo,
1641 1798 1693 1849 secl
1719 1799 1796 1866 quod

93 1880 169 1935 tione
181 1886 231 1935 etc.
249 1882 398 1951 quaeritur,
418 1881 486 1936 haec
505 1883 577 1937 enim
596 1881 695 1951 omnia,
714 1883 741 1936 in
759 1881 850 1953 gradu
867 1881 932 1935 licet
958 1880 1102 1948 utriusque
1117 1899 1176 1949 par
1189 1881 1225 1932 sit
1237 1881 1363 1942 facultas
1377 1898 1488 1950 parque
1500 1883 1642 1950 majestas.
1678 1887 1700 1938 2.
1713 1883 1793 1949 Quod

94 1965 234 2031 inferiori,
256 1967 310 2038 piis
330 1973 358 2022 et
374 1967 503 2023 fidelibus
521 1985 584 2023 cum
602 1966 710 2023 Christo
730 1975 796 2022 sunt
812 1985 931 2023 commu·
959 1964 1084 2019 Christus
1115 1965 1183 2020 dicit
1209 1985 1238 2021 se
1268 1966 1336 2021 nihil
1355 1969 1473 2036 facere,
1505 1968 1562 2020 nisi
1590 1969 1667 2036 quod
1692 1970 1796 2022 uiderit

93 2052 142 2107 nia
169 2059 197 2106 et
222 2059 287 2107 ante
312 2054 360 2109 illa
389 2053 514 2110 Christus
542 2071 559 2108 a
584 2055 668 2110 Patre
694 2053 805 2110 coelesti
832 2053 932 2107 dicitur
959 2053 1074 2104 Patrona
1090 2053 1242 2118 facientem
1260 2052 1322 2108 doh.
1343 2060 1372 2122 5,
1399 2072 1424 2107 r.
1447 2058 1485 2116 19,
1507 2054 1626 2124 etquod
1645 2056 1796 2109 Paterilli

95 2140 190 2193 Filius
219 2141 337 2194 dilectus
358 2140 505 2208 11111113,
531 2158 556 2192 v.
577 2142 640 2209 ult,
664 2156 729 2212 ergo
755 2139 864 2194 illorum
890 2157 931 2194 re·
958 2141 1125 2192 ‹teoraulres
1157 2141 1264 2208 omnio,
1301 2158 1372 2209 quem
1393 2141 1469 2205 facit
1494 2158 1519 2195 v,
1546 2145 1597 2208 26,
1634 2140 1704 2195 illud
1739 2133 1794 2197 non

95 2233 193 2296 spectu
206 2225 330 2280 Christus
349 2243 404 2279 uon
422 2225 524 2280 dicitur
540 2243 592 2282 nec
603 2226 657 2280 dici
673 2232 765 2298 potest
776 2224 931 2297 μονογενὴς
958 2223 1096 2297 significat
1130 2225 1251 2297 aliquam
1280 2227 1324 2282 vel
1351 2225 1538 2282 infirmitatem
1556 2227 1600 2281 val
1627 2229 1795 2298 operationis

92 2309 168 2383 παρὰ
189 2309 360 2382 Παιρόςκαὶ
379 2309 538 2379 illocalia
879 2324 883 2342 ·
958 2310 1195 2382 inaequalitatem,
1222 2313 1271 2367 aed
1296 2329 1429 2367 summam
1446 2312 1538 2383 potius
1558 2318 1586 2366 ct
1604 2314 1794 2383 conjunctissi-

958 2415 1031 2451 mum
1042 2397 1070 2450 in
1084 2397 1243 2469 operatione
1254 2399 1395 2454 unitatem.
1417 2398 1506 2453 Filius
1515 2399 1588 2454 enim
1597 2399 1673 2454 ridet
1681 2400 1794 2456 Patrem

46 2546 73 2576 m
130 2492 170 2541 55.
208 2485 315 2548 Qrsarta
334 2491 560 2551 aspramentorum
580 2484 680 2537 classis
694 2484 797 2554 petitur
816 2503 848 2538 ec
868 2502 930 2554 ope·
958 2480 1106 2538 facientem
1131 2490 1159 2538 et
1176 2485 1261 2540 Pater
1288 2484 1459 2540 demonstrat
1475 2484 1547 2540 Filio
1571 2502 1656 2556 opera
1675 2502 1730 2540 non
1749 2503 1793 2542 ex·

46 2599 57 2626 t.
91 2575 172 2626 ribus
206 2573 262 2626 soli
292 2573 355 2625 Deo
383 2572 522 2641 propriis,
561 2588 633 2642 quae
669 2589 733 2626 cum
765 2571 873 2627 Christo
903 2573 931 2626 in
957 2577 1036 2625 terna
1053 2570 1172 2641 quadam
1186 2570 1336 2626 visioneac
1350 2570 1591 2640 demonstratione,
1609 2572 1658 2626 sed
1673 2572 1793 2628 interiori
1847 2635 1850 2647 Δ

46 2671 78 2715 ea
92 2659 243 2730 Scripturis
270 2657 442 2726 tribuantur,
473 2657 569 2730 utique
595 2675 628 2712 ex
655 2658 710 2713 illis
735 2676 802 2714 vera
830 2658 931 2713 Christi
957 2656 1098 2726 potentiae
1116 2657 1430 2729 agendicommnnione,
1449 2657 1792 2730 quiescilicetPaterom·

93 2745 184 2801 deitas
212 2744 362 2800 efficaciter
388 2745 531 2815 probatur.
571 2744 669 2813 Dicta,
698 2761 770 2816 quae
795 2746 831 2800 ad
859 2744 931 2800 hanc
957 2740 1005 2797 uia
1019 2759 1177 2813 operacum
1188 2742 1532 2809 Filiohabetcommunia,
1550 2751 1577 2800 et
1590 2762 1640 2816 per
1653 2750 1793 2801 aeternam

93 2833 210 2887 classem
229 2831 374 2902 pertinent,
391 2831 419 2884 in
438 2829 493 2884 duo
512 2830 635 2885 membra
653 2830 781 2886 distribui
801 2837 931 2903 possunt:
958 2830 1166 2900 generationem
1201 2837 1233 2886 ut
1261 2832 1407 2887 essentiam
1436 2849 1526 2900 suam,
1559 2832 1598 2886 ita
1628 2838 1792 2903 potestatem

96 2926 119 2976 1.
139 2919 282 2985 Quaedam
299 2919 451 2989 loquuntur
470 2917 505 2973 de
522 2917 652 2987 operibus
672 2917 772 2973 divinis
783 2919 813 2971 in
825 2934 931 2987 penore,
960 2916 1063 2988 agendi
1079 2907 1151 2973 Filio
1170 2918 1364 2984 communicat,
1384 2918 1518 2976 Nazianz.
1538 2919 1564 2973 d.
1582 2920 1599 2974 l.
1621 2926 1649 2974 et
1665 2918 1793 2974 Ambros.

92 3005 156 3062 Joh.
179 3012 208 3075 5,
235 3022 260 3058 v.
284 3010 328 3060 17:
356 3004 443 3057 Pater
466 3021 645 3073 memoresque
663 3005 715 3057 luc
734 3013 879 3074 operatur,
906 3013 932 3057 et
958 3003 1050 3061 1111.
1076 3003 1110 3060 (11
1134 3003 1182 3059 fid.
1208 3022 1232 3060 c.
1258 3010 1283 3060 3.
1310 3004 1412 3060 dicitur
1438 3007 1531 3059 lilius
1556 3006 1651 3058 cidere
1677 3006 1794 3059 Patrem

93 3110 145 3161 epo
164 3110 273 3162 operor.
309 3110 334 3145 v.
358 3096 401 3146 te:
434 3090 616 3161 Quaecunque
635 3091 724 3145 Pater
740 3092 828 3156 facit,
847 3094 932 3144 reiro
958 3091 1108 3155 facientem
1126 3108 1173 3145 seu
1192 3093 1300 3145 discere
1318 3111 1337 3145 a
1356 3094 1444 3145 Patre
1455 3093 1597 3160 faciente,
1621 3093 1689 3161 quia
1706 3092 1793 3147 scien-

93 3183 140 3233 111
166 3179 268 3249 ὁμοίως
295 3178 370 3242 facit
396 3177 500 3232 Filius.
537 3196 561 3232 v.
587 3183 633 3233 20:
659 3179 748 3231 Pater
774 3178 867 3232 aucuia
885 3179 941 3253 cle·>
959 3177 1001 3229 tia
1017 3177 1091 3230 Filii
1106 3196 1125 3231 a
1145 3179 1233 3232 Patre
1251 3186 1299 3248 est,
1320 3195 1376 3231 non
1389 3195 1445 3247 per
1463 3178 1628 3247 doctrinam,
1645 3180 1698 3232 secl
1714 3196 1792 3248 panc-

93 3273 231 3320 monstral
259 3264 351 3333 Filio,
389 3262 466 3333 quae
481 3264 568 3331 sacit.
613 3282 638 3317 v.
663 3268 707 3319 21:
740 3264 819 3317 Sicut
845 3265 934 3318 Pater
959 3265 1106 3332 rationem,
1124 3282 1189 3317 nom
1207 3266 1281 3318 idem
1300 3273 1341 3318 eat
1357 3266 1443 3319 DEO
1460 3266 1533 3318 scire
1555 3273 1582 3319 et
1593 3281 1660 3335 esse,
1671 3267 1793 3335 proinde

92 3353 210 3407 mucitot
232 3360 398 3406 mortuaest
415 3351 549 3420 vivificat,
573 3352 614 3404 sic
632 3358 657 3403 et
675 3351 769 3405 Filius
790 3369 858 3420 quos
874 3351 932 3405 uult
960 3349 1035 3403 idem
1062 3358 1101 3403 est
1125 3351 1202 3404 Filio
1229 3351 1357 3422 accipere
1377 3352 1544 3421 sapientiam
1563 3358 1589 3404 et
1605 3352 1732 3422 accipere
1751 3371 1793 3407 es·

92 3439 222 3508 vivificat.
269 3437 330 3493 Joh.
365 3444 408 3506 14,
441 3455 466 3490 v.
497 3443 540 3492 13:
580 3437 767 3506 Quodcunque
793 3440 934 3508 petieritis
959 3436 1083 3492 seutiam.
1104 3437 1177 3504 (Act.
1196 3443 1220 3506 9,
1238 3456 1263 3492 v.
1284 3443 1331 3493 i6:
1351 3438 1501 3492 Ostendam
1520 3438 1574 3507 illi,
1594 3447 1700 3508 quanto
1712 3458 1792 3510 opor-

94 3528 212 3580 Patrem
237 3525 265 3577 in
290 3525 399 3577 naariae
425 3541 499 3592 meo,
523 3523 574 3576 loc
594 3524 709 3585 faciam.
747 3530 770 3579 1.
790 3524 932 3589 Quaedam
960 3531 1016 3575 teat
1034 3539 1094 3575 eum
1114 3523 1181 3593 pati
1199 3542 1256 3594 pro
1274 3525 1384 3579 nomine
1402 3542 1471 3581 meo.
1506 3523 1593 3582 Exod.
1616 3530 1664 3581 33:
1685 3528 1791 3582 Osten-

94 3613 130 3668 de
155 3611 238 3668 certis
264 3609 393 3682 operibus
420 3612 450 3663 in
474 3611 565 3679 specie
589 3610 748 3681 loquuntur.
787 3612 933 3668 ‘l'ribuitur
960 3610 1027 3662 dam
1049 3609 1101 3662 tibi
1122 3626 1200 3664 omne
1226 3611 1334 3664 donum.
1369 3611 1471 3667 Psalm.
1493 3617 1538 3668 59:
1569 3613 1722 3667 Ostendssti
1739 3632 1792 3685 po·

94 3700 168 3754 enim
180 3699 264 3753 Filio:
284 3703 308 3751 1.
327 3696 452 3766 Oroatis,
470 3696 541 3752 Gen.
566 3703 587 3766 1,
607 3716 632 3752 v.
645 3704 669 3752 2.
689 3698 791 3753 Psalm.
804 3705 846 3766 33,
864 3719 889 3758 v.
906 3707 930 3759 6.
955 3695 1026 3764 pulo
1053 3702 1099 3748 tuo
1127 3697 1229 3769 arira.)
1272 3696 1437 3752 Damascen.
1465 3697 1528 3754 libr.
1557 3704 1578 3754 1.
1608 3698 1715 3756 orthod.
1744 3700 1791 3756 fid.

93 3785 196 3840 Psalm.
227 3789 289 3852 102,
322 3801 348 3840 v.
375 3789 421 3851 16,
456 3802 519 3838 oum
548 3801 603 3855 quo
631 3785 771 3857 conjunge
800 3785 885 3842 Hebr.
909 3794 931 3856 1,
959 3780 1355 3856 1.(111161111ρφᾰμ1ν611
1376 3783 1793 3860 ιοῦέξαύτοῦπροερχομένοο

94 3890 121 3925 v.
143 3873 181 3926 11.
207 3869 340 3927 Proverb.
359 3877 382 3938 8,
403 3888 428 3924 r.
448 3877 487 3926 311.
515 3869 578 3926 Joh.
600 3877 621 3937 1,
637 3887 663 3923 v.
686 3877 706 3926 1.
726 3877 754 3926 et
773 3878 795 3926 3.
827 3872 884 3927 Col.
908 3879 931 3942 l,
959 3867 1051 3940 φωτὸς
1084 3874 1198 3941 φαίνειν
1227 3866 1256 3923 ri
1284 3870 1341 3939 πῦρ
1372 3873 1416 3928 sui
1447 3869 1480 3925 οὐ
1507 3875 1644 3948 τιθέμεθα
1670 3871 1794 3947 ὄργανον

96 3978 121 4013 v.
148 3964 188 4015 16.
234 3958 322 4029 Apoc.
346 3962 374 4026 3,
403 3975 429 4010 v.
459 3962 577 4017 11111.
616 3956 718 4013 Confer
745 3958 797 4013 loc.
830 3957 856 4034 5.
888 3965 930 4016 63.
959 3954 1129 4028 ὑπουργικόν
1147 3956 1219 4012 εἶναι
1237 3956 1389 4026 conianolo
1409 3956 1438 4012 ni
1458 3958 1486 4021 ir
1504 3958 1590 4015 circi
1610 3962 1686 4033 φῶς,
1705 3960 1792 4017 δύνα-

96 4053 122 4099 2.
144 4045 322 4101 Couseroals’o
342 4063 433 4098 rerum
452 4045 574 4097 omnium
590 4059 622 4097 ac
641 4043 814 4115 gubernatio,
828 4045 891 4100 Joh.
907 4054 931 4117 5,
955 4060 1009 4117 μιν
1038 4043 1069 4096 di
1096 4046 1205 4114 pillau
1224 4042 1359 4116 φυσικήν·
1382 4044 1454 4100 οὕτω
1478 4049 1598 4118 λέγομεν
1615 4047 1663 4102 τὸν
1683 4053 1789 4123 πατέρα

95 4151 121 4185 v.
144 4139 182 4188 11.
215 4140 237 4189 1.
258 4131 320 4188 Cor.
340 4137 365 4203 6,
383 4151 408 4184 v.
428 4135 451 4185 6.
479 4127 537 4184 Cei.
560 4137 582 4198 1,
600 4147 624 4183 v.
650 4135 688 4185 16.
709 4129 795 4186 Hebr.
819 4139 929 4200 1,1.3.
958 4129 1048 4184 πάντα
1076 4129 1129 4184 ὅσοι
1160 4137 1237 4184 ποιεῖ
1263 4128 1311 4186 dcci
1341 4133 1391 4186 τοῦ
1418 4138 1591 4206 μονογενοῦς
1621 4134 1706 4189 αὐτοῦ
1729 4137 1793 4189 υἱοῦ

94 4220 198 4289 (potest
215 4219 298 4274 etiam
316 4218 370 4273 hue
388 4216 486 4272 referri
505 4216 683 4272 111111ιηῦ111.
703 4223 725 4286 f,
741 4224 808 4273 ν.4;
826 4219 930 4288 inipso
958 4224 1057 4285 ποιεῖν,
1075 4215 1126 4288 οὐχ
1145 4217 1181 4277 ὠς
1197 4219 1233 4270 δι’
1252 4215 1371 4290 ὀργάνου
1392 4222 1589 4293 λειτουργικοῦ,
1615 4219 1685 4275 llll
1707 4239 1792 4294 φυσι-

93 4307 154 4359 oita
172 4312 241 4358 erat.
270 4304 415 4360 Tribuitur
438 4303 512 4358 enim
530 4303 601 4357 Filio
613 4303 667 4358 Dei
685 4304 742 4358 rita
755 4311 777 4359 1,
791 4306 932 4367 οὐσιωδοῑς
959 4304 1005 4369 sic
1027 4307 1073 4356 sal
1097 4302 1284 4358 ἐινοαοστάτοο
1309 4302 1461 4379 δυνάμεως.
1497 4306 1580 4363 Unde
1605 4307 1688 4362 etiam
1706 4315 1792 4382 negat

93 4391 286 4460 maerstialiter,
305 4392 372 4463 quia
390 4395 432 4445 est
453 4388 580 4458 αὐτοζωή,
598 4397 629 4444 11
647 4390 763 4446 eandem
775 4391 931 4463 essentiam,
957 4406 987 4444 se
1017 4390 1165 4461 quicquam
1185 4392 1288 4456 facere
1312 4409 1397 4461 posse
1423 4390 1473 4464 ἀφ’
1500 4392 1608 4462 ἑαυτοῦ,
1635 4412 1654 4445 a
1672 4411 1702 4448 se
1721 4396 1792 4465 ipso,

93 4479 139 4543 ita,
172 4495 281 4550 quoque
318 4478 434 4534 eandem
470 4477 555 4533 vitam
595 4494 658 4532 cam
687 4477 772 4532 Patre
808 4477 929 4541 habens3
958 4476 1024 4548 quia
1041 4477 1148 4532 scilicet
1167 4493 1223 4532 non
1241 4483 1284 4532 est
1301 4494 1318 4532 a
1333 4496 1364 4534 ss
1382 4477 1458 4550 ipso,
1476 4480 1525 4533 sed
1543 4485 1673 4551 operatur
1692 4497 1726 4536 es
1743 4499 1791 4553 po·

94 4573 117 4622 2.
149 4564 356 4642 ὑποσιατικιῦς,
380 4566 586 4634 perennaliter,
617 4563 682 4636 quia
712 4582 762 4635 per
790 4571 930 4620 aeternam
957 4564 1057 4632 tentia,
1085 4580 1168 4636 quam
1195 4582 1213 4619 a
1238 4564 1322 4620 Patre
1345 4583 1395 4636 per
1419 4572 1559 4621 aeternam
1587 4567 1792 4638 generationem
1805 4580 1842 4620 ιιι.
1856 4577 1903 4622 aaa.

68 4652 298 4726 generationem
327 4669 344 4707 a
370 4652 454 4708 Patre
482 4652 591 4722 accepit
618 4650 716 4721 vitam,
743 4669 826 4722 quarn
850 4653 931 4706 lralct
958 4650 1073 4722 accepit.
1109 4655 1133 4705 3.
1149 4649 1263 4706 Patrem
1283 4652 1392 4722 operari
1410 4669 1474 4706 cnm
1485 4652 1558 4707 Filio
1578 4660 1606 4708 et
1623 4672 1674 4724 per
1687 4654 1790 4710 Filium

94 4740 122 4793 in
150 4756 180 4793 se
208 4740 271 4808 apso
298 4739 361 4795 Joh.
389 4746 420 4809 5,
449 4757 473 4793 v.
501 4744 549 4804 m;
585 4744 608 4793 3.
637 4738 828 4812 lmpyqrmoic,
866 4739 932 4810 quis
957 4754 1012 4791 non
1032 4741 1165 4808 tanquam
1184 4736 1271 4809 ipsius
1289 4737 1509 4805 instrumentum,
1528 4740 1578 4794 sed
1596 4747 1627 4795 ut
1645 4758 1790 4812 personam

93 4826 222 4881 omnibus
260 4825 417 4881 viventibus
459 4825 567 4881 confert
604 4830 631 4880 et
667 4831 811 4880 conservat
845 4825 931 4880 ritem
957 4824 1079 4879 dirirram
1097 4823 1152 4879 sibi
1169 4824 1441 4895 consubstantialem,
1459 4831 1491 4880 ut
1504 4827 1679 4898 unigenitum
1688 4828 1789 4884 Filium

92 4912 263 4981 naturalem,
304 4912 480 4969 credentibus
516 4913 599 4967 etiam
629 4911 813 4967 communicat
845 4912 930 4967 vitam
956 4929 989 4966 ac
1010 4910 1183 4966 essentialem
1209 4928 1287 4967 suam
1314 4912 1442 4969 imnum
1466 4913 1648 4985 personaliter
1665 4932 1683 4968 a
1702 4931 1732 4970 se
1751 4915 1790 4970 di·

92 4987 264 5071 spiritualem
287 5001 350 5070 stc.)
394 5004 421 5057 3.
448 5000 619 5053 Dioiuorum
643 4999 844 5052 miraculorum
868 5017 931 5068 ope·
956 4998 1093 5053 stinctum.
1130 4997 1227 5065 1111,
1252 5014 1324 5069 quaa
1343 4999 1378 5055 de
1396 4998 1457 5054 Deo
1473 5000 1682 5071 praedicantur,
1707 5019 1792 5074 opera

90 5088 183 5155 ratio,
216 5094 248 5142 ut
274 5093 335 5142 tota
363 5086 477 5141 historia
503 5085 665 5157 evangelica
690 5089 816 5140 testatur.
854 5085 931 5141 Inter
956 5086 985 5140 in
1004 5083 1108 5156 duplici
1127 5101 1188 5140 esse
1205 5084 1375 5154 differentis,
1399 5086 1536 5158 quaedam
1555 5093 1620 5142 sunt
1638 5086 1791 5158 aironpo‘o·

91 5190 164 5245 quac
182 5173 274 5228 omnia
292 5172 452 5244 cumprimis
470 5172 580 5240 eminet,
599 5172 674 5243 quod
690 5171 822 5242 seipsum
836 5171 931 5227 divina
957 5191 1018 5226 οντα
1043 5175 1088 5224 καὶ
1114 5170 1270 5244 drimano,
1296 5170 1325 5224 in
1344 5172 1445 5243 quibus
1464 5173 1524 5243 ipse
1542 5172 1616 5228 solus
1633 5174 1790 5232 immediate

91 5259 193 5314 virtute
221 5276 254 5313 ex
276 5260 391 5314 mortuis
415 5257 588 5314 suscitaverit
604 5257 667 5314 Joh.
689 5263 718 5325 1,
741 5277 766 5312 v.
792 5264 831 5314 19.
850 5276 872 5313 c.
891 5264 930 5314 16.
956 5264 1093 5329 operatur,
1115 5259 1171 5314 tale
1191 5275 1261 5328 opus
1280 5263 1323 5313 est
1338 5258 1441 5314 creatio
1454 5259 1557 5328 mundi,
1576 5261 1713 5330 quaedam
1726 5280 1790 5318 vero

90 5366 115 5402 v.
146 5353 185 5402 18.
231 5352 255 5401 4.
285 5348 433 5401 Redomts’o
459 5346 575 5398 humani
600 5344 709 5413 9111111
741 5343 808 5398 Luc.
837 5351 858 5400 1.
888 5350 930 5402 68.
956 5351 1021 5400 sunt
1038 5343 1244 5415 illouodouau
1263 5348 1309 5398 καὶ
1328 5343 1477 5416 ὀργανικοῖ,
1505 5346 1541 5400 ad
1561 5362 1633 5418 quae
1653 5355 1789 5404 creatura·

89 5433 190 5489 Mauh.
214 5439 261 5503 20,
285 5452 311 5488 v.
336 5440 376 5488 26.
394 5437 446 5488 etc.
483 5437 509 5486 5.
530 5432 634 5485 Missio
656 5430 781 5501 Spiritus
802 5452 838 5500 1.,
862 5430 930 5486 Luc.
955 5449 1016 5486 rum
1045 5431 1226 5485 ministerium
1254 5430 1377 5487 adhibet.
1412 5430 1478 5487 lam
1507 5450 1571 5487 vero
1599 5432 1709 5489 Christo
1734 5451 1790 5489 non

50 5563 59 5582 ,
91 5526 136 5587 24,
155 5537 180 5575 v.
198 5525 241 5577 49.
259 5518 322 5576 Joh.
346 5525 384 5588 11,
405 5537 430 5574 v.
454 5525 491 5575 16.
511 5523 563 5576 eto.
599 5520 624 5576 6.
644 5517 748 5574 Missis
766 5518 929 5587 ampelorum
957 5517 1045 5574 solum
1064 5516 1224 5575 tribuuntur
1242 5534 1327 5590 opera
1353 5517 1559 5595 ‹lllonpo'oama
1581 5524 1628 5574 sal
1646 5518 1788 5594 dpyumsoir
