3984 6022
221 287 283 346 ato
905 278 1028 337 Iocus
1047 278 1247 338 SECUNDUS

221 435 351 491 Essentia
377 434 430 489 Dei
457 437 498 488 est
523 433 711 504 indivisibilis,
736 433 855 503 infinita,
888 439 946 489 tota
973 434 1161 489 simuliturae
1186 453 1239 489 nou
1266 434 1323 490 sint
1348 441 1502 506 temporum
1529 433 1697 490 successioni
1721 438 1749 489 et
1770 434 1920 491 mutationi

222 539 366 593 praesens,
393 537 499 575 omnem
523 520 654 591 temporis
678 521 879 576 successionem
898 521 1054 576 excludens.
1081 522 1221 577 obnoxiae.
1247 522 1286 578 Ut
1303 522 1394 577 omnia
1411 521 1490 577 finita
1505 521 1580 576 entia
1598 538 1677 575 suam
1694 519 1801 576 babent
1817 521 1920 594 depen-

222 607 380 663 Aetemitas
409 612 451 660 est
475 606 536 677 ipsa
558 606 610 661 Dei
637 607 762 663 essentia.
803 607 879 680 Ergo
906 609 1202 667 aeternitasusntiam
1219 625 1237 664 a
1253 608 1315 664 Deo
1332 607 1456 674 infinita,
1481 625 1533 663 nse
1551 606 1695 662 tamenab
1715 607 1744 661 id
1764 607 1920 664 redduntur

222 695 276 750 erit
292 692 472 757 indivisibilis,
491 691 606 758 infinita,
626 698 685 749 tota
697 695 779 749 simul
790 711 929 766 praesens,
947 711 1054 750 omnem
1080 693 1200 762 infinita,
1232 695 1271 750 sic
1288 702 1379 766 partes
1396 695 1527 767 temporis
1545 695 1575 748 in
1592 694 1727 750 creaturis
1744 695 1918 751 coemistunt

223 779 355 851 temporis
374 779 575 834 successionem
593 781 741 836 excludens
760 787 789 835 et
812 799 862 861 ppr
884 797 1055 853 consequens
1081 781 1249 850 aeternitati,
1278 797 1330 836 neo
1354 786 1448 837 tamen
1474 787 1616 836 creaturae
1644 779 1680 835 ob
1707 781 1736 835 id
1762 780 1918 836 redduntur

221 867 347 922 omnibus
375 872 529 936 temporum
562 867 725 922 differentiis
756 867 902 924 coexsistit.
945 840 1217 938 Excipitiaeternae.
1253 869 1292 926 Ut
1314 869 1389 924 cirea
1414 869 1509 939 polum
1526 866 1693 922 immobilem
1711 867 1842 923 eoelestis
1861 884 1917 922 ma-

220 952 347 1009 Vorstius
368 952 396 1005 in
416 952 498 1023 Apol.
518 969 596 1025 exeg.
621 970 646 1009 o.
667 960 706 1010 12.
729 973 757 1025 p.
781 961 827 1009 50:
864 955 970 1009 Secum
994 922 1162 1033 lite-ichina
1178 960 1313 1025 perpetuo
1331 955 1552 1027 circumgyratur
1568 960 1657 1022 motu,
1684 954 1725 1009 ita
1742 960 1775 1009 ut
1793 970 1846 1010 nec
1863 955 1917 1025 poli

219 1057 269 1093 rae
293 1041 392 1093 testari
419 1042 508 1093 linem
532 1058 604 1094 nanc
626 1057 683 1095 esso
709 1050 733 1095 ct
758 1043 825 1095 otim
847 1043 984 1107 fuissent
1007 1041 1258 1127 ste-frmmobilrtas
1284 1058 1335 1113 per
1352 1050 1455 1097 motum
1476 1040 1621 1096 machinae
1638 1039 1766 1097 coelestis
1783 1041 1919 1109 turbetur,

220 1128 314 1195 inceps
339 1135 478 1196 perpetuo
499 1127 570 1193 fore
593 1128 681 1197 Apoc.
702 1133 729 1194 l,
747 1145 773 1180 v.
795 1135 824 1196 43
852 1128 915 1182 Deo
935 1128 1131 1199 cannense
1147 1134 1237 1182 motas
1254 1128 1397 1184 machinae
1416 1145 1465 1199 per
1481 1127 1538 1199 poli
1555 1126 1776 1183 immobilitatem
1793 1126 1918 1182 sistatur:

220 1230 309 1267 aanor
329 1220 355 1265 et
374 1213 436 1266 dies
466 1212 511 1266 Ps.
533 1218 596 1281 102,
615 1230 640 1269 v.
659 1218 700 1268 28.
725 1212 797 1267 Dan.
818 1219 843 1282 7,
862 1231 887 1267 v.
910 1220 954 1282 ¹³3
982 1215 1054 1283 ejun—
1067 1204 1069 1297 j
1082 1213 1121 1269 sic
1145 1214 1293 1270 aeternitas
1316 1215 1459 1271 co'e’xsistit
1484 1215 1610 1284 partibus
1628 1212 1760 1284 temporis
1779 1213 1835 1268 sibi
1852 1213 1918 1269 iuri·

133 1298 136 1305 ’
221 1301 283 1353 dena
316 1299 492 1368 operationes
523 1300 697 1367 distiupncre
727 1299 809 1367 jueta
838 1308 896 1353 tres
921 1299 1140 1377 temporiajcem
1158 1299 1384 1365 suceedentibus,
1409 1305 1441 1355 ut
1460 1316 1510 1356 uec
1529 1299 1585 1356 fixa
1603 1299 1774 1356 aeternitatis
1793 1299 1917 1355 immobi-

220 1385 396 1455 diffcrentias
424 1385 488 1438 Esa.
512 1391 559 1454 44,
583 1403 608 1438 v.
634 1389 664 1454 ος
690 1386 810 1439 tribame
834 1387 862 1439 ei
883 1385 1144 1465 recordatio-ilites
1163 1395 1191 1441 et
1209 1386 1385 1443 immobilitas
1403 1405 1452 1459 per
1469 1387 1629 1442 continuam
1646 1394 1803 1457 temporum
1833 1386 1917 1443 fluen-

219 1488 282 1525 nem
296 1472 516 1540 praeteritorum
528 1480 553 1525 et
561 1477 771 1542 praenotionem
781 1472 1054 1542 praedictionemque
1080 1472 1151 1527 tium
1170 1473 1370 1529 successionem
1389 1472 1523 1541 turbetur,
1543 1490 1594 1529 nec
1612 1478 1768 1544 temporum
1780 1474 1918 1529 successio

219 1558 388 1621 maurorum,
408 1560 527 1626 deniqne
543 1560 637 1611 lieren
655 1558 746 1627 ipsuum
763 1559 798 1611 de
814 1575 843 1611 ae
862 1559 924 1627 ipw
942 1558 972 1611 in
986 1575 1055 1627 pro·
1082 1575 1132 1628 per
1175 1558 1257 1614 fixam
1297 1560 1467 1615 aeternitatis
1507 1559 1726 1615 immobilitatem
1765 1559 1917 1616 aboleatur.

216 1645 309 1715 plectis
327 1645 480 1713 loquentem
501 1646 661 1698 ducemne
675 1645 861 1713 praeteritum
881 1653 908 1697 et
920 1644 1198 1725 srnurnmflBsne
1215 1648 1290 1718 Aug.
1314 1652 1394 1702 tract
1419 1652 1461 1701 os.
1479 1645 1547 1702 doh:
1579 1644 1710 1708 Quamvis
1735 1654 1844 1700 autina
1867 1648 1919 1701 illa

219 1732 250 1785 in
271 1731 330 1784 secie
355 1733 519 1784 actionibus.
561 1734 625 1798 Epo
652 1731 758 1785 redemi
783 1749 832 1784 cos
855 1748 887 1784 en
908 1732 1263 1801 aeqyptio„immrinbilis
1288 1741 1312 1786 ct
1337 1732 1489 1802 ineffabilia
1512 1750 1567 1786 uon
1593 1731 1714 1801 recipiat
1737 1734 1798 1797 risit
1816 1741 1843 1787 et
1860 1735 1918 1801 erit,

220 1833 269 1884 epo
293 1819 429 1870 recordor
450 1817 579 1882 foederis
601 1817 656 1870 naci
673 1816 739 1870 olim
757 1835 817 1870 οιιηι
832 1817 965 1886 patribus
984 1817 1056 1871 initi.
1068 1804 1070 1823 ²
1082 1820 1134 1871 sed
1155 1826 1261 1871 tantam
1285 1828 1324 1872 est
1344 1825 1412 1882 ete,
1440 1828 1531 1873 tamen
1547 1837 1603 1889 per
1623 1819 1840 1874 mutabilitatem
1857 1828 1918 1874 cen-

221 1904 284 1971 Epo
312 1903 430 1956 visitabo
457 1911 506 1955 aut
533 1903 639 1969 cuipam
664 1903 834 1959 Jmnanm.
878 1902 960 1974 Resp.
988 1902 1057 1957 haec
1079 1922 1196 1973 ponem,
1222 1905 1253 1958 in
1271 1907 1370 1974 preibat
1387 1914 1514 1961 οονοαιιιν
1532 1914 1631 1960 anostra
1651 1905 1842 1974 mutabilitas,
1868 1925 1919 1961 noa

221 1989 313 2044 omnia
336 2006 386 2059 per
410 1987 618 2060 συγκατᾰρησιν
645 1989 700 2043 dici
724 1989 840 2060 Procop.
866 1988 894 2043 in
916 2007 941 2044 c.
962 1995 986 2045 ³.
1009 1980 1254 2091 Es.'uneri‹laeiter
1271 1994 1390 2046 dicimus
1408 2000 1435 2047 ct
1445 1994 1509 2062 fuit
1529 2000 1555 2047 et
1572 1994 1625 2046 erit
1644 2000 1670 2045 et
1690 2000 1738 2046 est.
1760 1993 1839 2061 tuta,
1855 1995 1919 2064 pisia

221 2072 380 2148 ἀνθρώποις
409 2071 490 2130 οὖσιν
515 2076 698 2147 ἀνθρωπίνως
726 2077 741 2142 ἡ
769 2076 866 2150 γραφὴ
894 2077 1224 2157 διαλέγειαι.1ηιιιιοιιαιιι
1255 2080 1355 2148 defait,
1386 2081 1450 2149 erit,
1479 2081 1546 2149 aazia
1572 2096 1715 2148 nentiquam
1739 2080 1847 2145 deerit,
1874 2090 1918 2143 eet,

222 2160 293 2216 Cum
320 2162 476 2218 intellectus
500 2170 593 2218 noster
615 2162 651 2217 sit
673 2162 779 2231 finitus,
809 2180 841 2218 ac
866 2164 1152 2291 actemitatempquia
1169 2180 1277 2233 ecrnper
1294 2174 1340 2219 est.
1383 2166 1451 2219 Vide
1469 2168 1561 2220 lomim
1580 2167 1769 2234 inteprnm.**

221 2265 276 2304 nou
300 2247 354 2303 nisi
372 2249 423 2303 sub
441 2249 561 2321 imagine
579 2249 711 2319 temporis
730 2256 865 2321 perpetua
885 2250 1072 2319 successione,
1120 2255 1175 2305 144.
1202 2255 1226 2304 i.
1248 2252 1442 2319 Photinianis,
1467 2251 1513 2322 qui
1538 2258 1566 2306 et
1589 2251 1641 2323 ipsi
1657 2251 1853 2307 aeternitatem
1870 2251 1920 2307 Dei

221 2334 342 2405 partium
373 2335 498 2390 durantis
525 2336 670 2406 concipere
695 2336 782 2405 possit
811 2334 896 2404 (unde
922 2336 1003 2391 Plato
1029 2334 1252 2390 in.labefactaut
1275 2344 1295 2392 t.
1313 2338 1441 2410 negando
1460 2354 1523 2392 cum
1542 2337 1661 2401 Vorstio,
1681 2352 1742 2391 esse
1761 2337 1919 2410 descriptio

220 2420 334 2477 Timaeo
349 2427 459 2493 tempus
476 2430 558 2478 vocat
575 2422 668 2478 stibna
687 2423 788 2483 αἰῶνος
807 2427 836 2477 ct
853 2423 991 2477 Pindarus
1012 2418 1062 2478 rari
1069 2414 1072 2437 ¹
1083 2438 1146 2476 nem
1164 2423 1335 2478 aeternitatis
1349 2423 1460 2494 proprie
1478 2430 1507 2478 et
1524 2422 1650 2478 absolute
1668 2422 1708 2476 sic
1726 2423 1829 2489 dictae,
1848 2424 1919 2496 quod

221 2507 313 2562 ἀϊδίου
333 2509 476 2576 εἴδωλον),
502 2508 565 2563 ideo
590 2508 737 2563 aeternitas
756 2508 809 2564 Dei
832 2509 975 2564 vocabulis
998 2527 1056 2565 suc·
1083 2507 1160 2563 Deus
1178 2508 1287 2563 dicatur
1306 2508 1392 2563 fuisse
1411 2513 1476 2563 anto
1495 2509 1628 2563 mundum
1647 2508 1799 2563 eonditum.
1824 2509 1918 2564 Enied.

219 2593 370 2649 cessionem
388 2593 519 2665 temporis
540 2594 736 2649 denotantibus
755 2594 938 2669 ἀνθρωπίνως
956 2597 1056 2651 descri-
1068 2640 1070 2703 p
1082 2592 1111 2646 in
1131 2610 1154 2647 c.
1175 2599 1197 2650 8.
1211 2594 1303 2650 Pron:
1323 2596 1419 2648 Potest
1438 2612 1495 2649 aec
1514 2595 1628 2664 atr‘puid
1646 2603 1710 2648 ante
1727 2597 1830 2650 mundi
1846 2613 1918 2650 crea

220 2681 308 2747 bitur,
346 2697 417 2752 quae
454 2685 548 2736 tamen
578 2684 740 2753 θεοπρεπῶς
767 2687 832 2736 sunt
865 2681 1197 2755 intelligendationcm,
1225 2684 1302 2751 quod
1326 2699 1381 2735 ηοη
1407 2691 1446 2735 est
1473 2690 1619 2737 aetenam.
1662 2681 1814 2755 Sohmalta.
1835 2689 1917 2739 eona.

220 2765 316 2820 Thom.
335 2772 404 2835 part
427 2775 446 2821 1.
468 2784 494 2837 q.
517 2772 554 2821 10.
574 2771 625 2820 art
639 2772 668 2821 2:
696 2767 784 2820 Verba
802 2768 975 2822 diuersorum
991 2778 1056 2822 tens·
1082 2766 1193 2821 Frautz⁸
1220 2767 1275 2839 dip.
1305 2775 1325 2823 l.
1350 2787 1376 2838 p.
1399 2775 1441 2823 12:
1472 2770 1559 2836 Estne,
1588 2766 1636 2836 qui
1661 2775 1700 2820 eet
1726 2776 1793 2821 ante
1811 2771 1919 2824 initura

215 2871 320 2929 portam
339 2854 499 2907 inbuuntur
516 2855 593 2922 Deo,
621 2855 802 2923 inquantum
821 2856 881 2924 ejus
904 2858 1056 2911 aeternitas
1082 2855 1190 2906 conditi
1212 2856 1299 2924 orbis,
1325 2856 1359 2907 ab
1381 2864 1493 2909 aeternio
1512 2871 1569 2908 esee
1587 2855 1698 2907 Fronte.
1724 2855 1791 2908 inde
1807 2858 1919 2925 probat,

220 2941 314 2994 omnia
347 2949 474 3008 tempora
501 2941 634 3008 includit,
664 2959 720 2994 non
746 2944 822 3011 qnod
846 2942 906 3012 ipae
930 2941 1157 3008 varietur-lauza,
1176 2943 1289 3010 awende
1305 2943 1338 2994 dc
1353 2943 1442 2995 Patre
1459 2941 1571 3010 dicitnr,
1592 2958 1653 2994 cnm
1664 2942 1919 3012 fnisaeantepuam

215 3044 270 3097 per
283 3043 436 3097 pronena,
455 3030 641 3097 praeteritum
665 3037 691 3080 ct
702 3030 845 3096 finarum.
880 3028 909 3084 Si
927 3018 1158 3087 Vorstiusiterra
1174 3029 1268 3096 fieret,
1296 3046 1356 3080 cum
1383 3030 1504 3081 nondum
1532 3035 1620 3082 caecat
1643 3028 1739 3096 abusa
1762 3045 1814 3082 nec
1824 3031 1920 3098 fontes

218 3113 287 3168 uelit
312 3112 404 3168 dicere
428 3113 499 3168 hanc
517 3130 577 3169 esse
596 3114 755 3185 petitionem
773 3114 915 3185 principii,
942 3116 1054 3186 opponi·
1067 3094 1069 3113 Ι
1081 3129 1131 3165 nec
1156 3113 1250 3183 colla,
1269 3132 1324 3182 per
1343 3115 1376 3167 id
1395 3114 1571 3182 sipnificatar
1589 3131 1650 3167 cnm
1666 3130 1724 3166 esse
1743 3115 1778 3167 ab
1800 3124 1918 3170 adorno.
1952 3103 1958 3115 ¹

218 3218 280 3256 mus
297 3201 337 3254 illi
358 3200 433 3255 dicta
451 3200 622 3272 scripturae,
651 3201 680 3255 in
698 3200 799 3273 quibus
818 3202 942 3257 membra
960 3218 1054 3272 corpo·
1066 3197 1073 3259 l
1081 3199 1121 3252 At
1145 3206 1232 3253 toturn
1249 3201 1300 3254 boe
1319 3201 1424 3254 elumbe
1442 3217 1499 3253 nse
1517 3203 1652 3269 quianon
1670 3201 1768 3254 uidet!
1795 3203 1920 3256 Primum

218 3304 266 3343 rea
292 3294 320 3343 et
342 3286 460 3343 affectus
486 3286 598 3342 humani
622 3286 682 3343 Deo
705 3287 878 3357 tribuuntur,
909 3306 981 3361 quae
1005 3262 1153 3361 pericnim
1176 3284 1265 3355 plane
1287 3287 1421 3340 incertum
1447 3293 1486 3338 cst
1510 3287 1701 3341 aeternitatem
1721 3287 1781 3341 Dei
1807 3288 1851 3342 ita
1874 3291 1917 3342 de·

218 3373 478 3448 ἆνθρωποπὰθειαν
496 3380 524 3430 et
542 3378 708 3444 οἰκονομίαν
726 3374 890 3445 accipienda
907 3391 968 3430 esse
984 3364 1173 3446 ipssiscrtbi.
1218 3373 1342 3425 Potuisti
1369 3372 1479 3441 widem
1503 3373 1561 3425 itta
1589 3373 1623 3426 dt
1650 3374 1715 3425 Deo
1742 3374 1919 3444 praediewi,

219 3466 276 3516 met
292 3460 407 3516 inficiari
426 3462 531 3532 nequit,
549 3461 706 3532 cumprimis
725 3478 790 3516 vero
807 3460 877 3516 illud
895 3461 970 3534 quod
984 3461 1054 3516 Scri·
1066 3460 1069 3583 s
1081 3457 1131 3525 qai
1148 3466 1278 3510 aeternae
1297 3465 1351 3525 eat,
1381 3460 1433 3511 aad
1449 3476 1504 3510 noa
1522 3459 1617 3512 atatim
1634 3459 1698 3512 ideo
1712 3461 1919 3528 praedicantia?

219 3548 385 3620 ptura·ipsa
408 3553 540 3618 exponat,
569 3565 625 3602 non
642 3548 767 3619 proprie,
795 3548 845 3603 aad
869 3548 1054 3619 metaphorice
1082 3546 1117 3596 dc
1149 3561 1195 3611 eo,
1225 3545 1293 3612 quiin
1326 3545 1502 3598 aeternitatis
1535 3546 1623 3614 ipsius
1654 3554 1716 3599 sunt
1746 3552 1917 3615 arpnmeuto.

219 3635 279 3691 dies
301 3641 329 3689 et
350 3651 436 3689 annos
456 3635 516 3689 Deo
535 3634 618 3689 tribui
639 3636 768 3706 quodque
788 3634 938 3706 simplicem
957 3634 1052 3689 immu-
1081 3631 1156 3683 Nam
1182 3631 1240 3682 nisi
1266 3629 1383 3682 aliunde
1408 3639 1546 3685 οοηειοηοε
1570 3634 1661 3685 Deum
1687 3648 1747 3685 esee
1776 3642 1917 3687 aeternnm

218 3718 385 3776 tabilitatem
403 3721 584 3776 successionis
608 3719 696 3774 omnis
718 3727 857 3790 expertem
876 3721 901 3775 ei
922 3721 1052 3792 assignet.
1079 3716 1124 3768 uel
1143 3717 1179 3768 ab
1198 3724 1321 3784 aeterna,
1339 3734 1479 3785 nunqnam
1497 3718 1657 3771 iate-'usmodi
1674 3719 1813 3788 loquendi
1831 3720 1919 3772 modis

219 3805 306 3860 Exod.
326 3811 356 3874 3,
379 3824 405 3860 v.
426 3812 465 3861 tl.
491 3805 565 3862 Psal.
584 3811 614 3874 2,
633 3824 658 3858 v.
677 3812 700 3860 7.
729 3805 884 3861 Discrimen
902 3802 1114 3879 praeteriti‚‚id
1138 3802 1315 3855 mercaretur.
1351 3803 1466 3856 Deinde
1492 3804 1643 3869 manifesta
1668 3812 1706 3857 est
1727 3806 1918 3875 canonisatio

218 3892 371 3964 praesentis
400 3898 427 3946 et
452 3891 538 3947 futuri
556 3909 612 3946 non
631 3898 673 3947 est
691 3891 800 3963 proprie
818 3891 846 3946 in
863 3892 925 3948 Deo
942 3882 1212 3954 mumolfattacta.
1250 3891 1316 3941 Noa
1339 3890 1411 3942 enim
1433 3899 1464 3942 ut
1487 3891 1522 3943 de
1543 3907 1589 3954 eo,
1619 3891 1668 3959 pei
1686 3899 1832 3958 (ineman,
1851 3894 1918 3961 jare

220 3984 248 4034 et
271 3978 378 4033 infinito
401 3985 537 4045 creatore,
565 3979 613 4034 sed
637 3978 665 4033 in
691 3979 773 4034 rebus
792 3979 892 4034 creatis
916 3985 944 4034 st
961 3979 1054 4050 finitis,
1066 3950 1069 4037 i
1081 3975 1142 4027 dici
1161 3983 1255 4045 poten
1278 3992 1339 4029 erim
1355 3977 1466 4044 satiare,
1493 3983 1640 4046 aetenam
1659 3983 1738 4030 terra
1755 3979 1848 4047 teret,
1879 3981 1917 4032 εἰσ

218 4082 336 4139 quarum
354 4066 490 4137 quaedam
511 4065 637 4131 fuerunt,
658 4064 795 4136 quaedam
813 4070 892 4134 sunt,
919 4062 1202 4138 quaedamiuieiasinr
1220 4064 1255 4115 de
1276 4080 1320 4128 eo,
1340 4064 1390 4132 etsi
1399 4064 1471 4130 fruit,
1490 4073 1636 4133 antequam
1656 4071 1734 4117 terra
1748 4065 1841 4132 fieret,
1862 4065 1919 4120 dici

218 4153 329 4208 futurae
346 4156 419 4223 sunt,
439 4151 619 4207 Deusautem
637 4152 748 4224 proprie
767 4170 823 4208 non
842 4152 902 4221 fuit,
922 4169 974 4208 nec
994 4154 1054 4223 erit,
1077 4156 1170 4217 potest
1196 4165 1257 4202 enm
1278 4149 1368 4212 finisse
1392 4151 1428 4202 ab
1452 4157 1572 4203 οηιηηηο.
1611 4151 1711 4204 Nonne
1730 4151 1805 4204 enirn
1824 4151 1987 4221 anquina

218 4241 267 4296 sed
283 4246 417 4311 perpetuo
437 4243 491 4303 ost,
517 4255 572 4294 nou
590 4238 619 4291 in
639 4240 690 4292 νῦν
708 4237 795 4307 fluxo,
813 4238 861 4293 sed
878 4238 940 4293 fixo.
976 4238 1203 4329 Quae'frcerunt,
1224 4244 1370 4306 antequam
1391 4245 1469 4290 terra
1482 4239 1565 4306 fieret
1583 4245 1608 4290 et
1628 4237 1747 4289 mzsndua
1768 4246 1917 4301 acardus,

217 4326 354 4383 vocabula
386 4333 494 4397 tempus
530 4325 692 4381 denotantia
724 4326 759 4379 de
786 4327 847 4381 Deo
879 4334 1130 4398 usurpantur,;nec
1149 4329 1241 4376 tanuen
1260 4323 1369 4376 aeterni
1385 4332 1457 4376 οηηε,
1493 4323 1570 4378 Hace
1589 4322 1649 4391 ille,
1671 4340 1743 4394 quas
1759 4325 1917 4391 ostendunt,

217 4413 294 4483 prius
320 4413 356 4468 ab
384 4413 511 4468 omnibus
537 4411 792 4483 imperfectionibus
815 4417 880 4466 sunt
902 4413 1055 4480 liberanda,
1080 4407 1223 4465 Vorstium
1261 4415 1289 4464 et
1323 4408 1520 4464 Scbmaltzium
1558 4410 1654 4465 iisdem
1692 4411 1917 4482 praeceptoribus

217 4517 250 4554 ac
267 4499 345 4564 illud,
365 4500 439 4571 quod
458 4497 687 4570 perfectissimum
706 4506 842 4568 remanet,
861 4499 922 4555 Deo
933 4500 1054 4556 tribuen·
1081 4513 1144 4549 utos
1162 4494 1260 4561 fuisse,
1280 4495 1456 4566 disputantur
1475 4501 1567 4550 autem
1587 4495 1642 4551 fine
1660 4512 1701 4562 eo,
1721 4501 1753 4550 ut
1772 4512 1916 4570 argaman

218 4586 297 4655 dum,
323 4587 384 4655 apae
412 4587 484 4639 errius
507 4586 583 4638 idem
605 4602 711 4654 acrapcr
730 4594 771 4639 eat
805 4584 850 4639 Ps.
874 4591 935 4655 102,
962 4605 988 4640 r.
1013 4574 1153 4651 seium,
1182 4582 1256 4652 quod
1278 4598 1328 4653 pro
1350 4598 1416 4637 vera
1434 4581 1536 4636 Christi
1561 4581 1665 4637 deitate
1688 4597 1721 4635 ex
1738 4581 1820 4639 Ptou.
1841 4588 1865 4640 8.
1892 4590 1919 4638 et

217 4674 308 4742 apina
326 4672 418 4741 ipsam
436 4672 518 4726 ηηιιο
535 4672 733 4725 trummacum
751 4671 812 4727 lac.
833 4677 854 4739 1,
874 4688 899 4729 v.
920 4678 960 4728 ιι.
996 4672 1055 4728 Nec
1080 4665 1147 4720 locis
1173 4666 1312 4738 parallelis
1331 4667 1490 4731 deducito,
1515 4666 1708 4723 labefactetur.
1739 4670 1765 4723 2.
1787 4670 1919 4740 tempora

217 4764 270 4825 est,
300 4760 375 4830 quod
393 4758 521 4813 Vorstius
541 4763 657 4825 metuat,
684 4759 711 4809 si
727 4758 881 4810 aeternitas
899 4757 959 4811 Ilei
976 4759 1054 4813 dica·
1079 4755 1279 4807 neccessionem
1296 4763 1322 4807 et
1338 4755 1513 4823 differentias
1531 4754 1559 4806 in
1578 4756 1743 4809 aeternitate
1760 4758 1918 4811 statuendo.

216 4854 263 4900 tur
290 4854 349 4899 tota
376 4846 539 4898 eneratitae
557 4844 680 4896 omnibns
699 4851 853 4912 temporam
882 4845 1055 4914 differentiis,
1080 4839 1191 4895 Goslav.
1211 4848 1307 4895 contm
1323 4840 1411 4894 Keek.
1431 4858 1457 4910 p.
1478 4846 1500 4895 2.
1521 4857 1544 4894 c.
1566 4846 1588 4895 8.
1626 4840 1681 4896 Sed
1700 4839 1741 4894 illi
1760 4848 1838 4898 recte
1856 4860 1917 4900 oon-

217 4950 250 4986 ne
269 4933 393 5000 etipsae
411 4939 586 4984 reserentes
607 4937 769 4982 statuantur
786 4939 921 4983 adanae.
955 4931 1054 5003 Neque
1080 4927 1227 4981 tradicunt.
1259 4925 1368 4982 Catecb.
1388 4926 1455 4981 Rae.
1475 4944 1502 4997 p.
1522 4932 1563 4981 66.
1583 4932 1623 4982 67.
1643 4927 1792 4984 Schmulta.
1809 4928 1840 4983 iu
1859 4945 1916 4984 exa

217 5018 290 5072 enim
307 5035 404 5072 seusus
422 5023 475 5085 est,
495 5017 569 5086 quod
588 5015 716 5070 omnibus
734 5016 859 5085 partibus
881 5022 908 5071 et
925 5015 1053 5072 differen-
1083 5020 1139 5068 15¹1.
1162 5031 1283 5069 errorum
1307 5031 1333 5084 p.
1361 5018 1417 5080 39„
1444 5013 1491 5068 ubi
1515 5019 1591 5069 recte
1610 5021 1729 5085 negatur
1745 5015 1918 5073 maerentia

216 5103 261 5157 tiis
286 5104 416 5174 temporis
434 5103 516 5157 simul
535 5102 633 5157 sumtis
650 5106 679 5156 et
695 5101 776 5155 simul
796 5099 992 5157 exsistentibus
1010 5120 1053 5160 ae·
1079 5101 1209 5172 temporis
1237 5102 1335 5157 cadere
1359 5101 1387 5154 in
1414 5100 1611 5156 aeternitatem.
1645 5107 1668 5155 3.
1693 5104 1825 5174 negando
1850 5103 1917 5158 eard

216 5189 331 5244 temitas
349 5189 511 5257 cobxsistat‚
529 5190 579 5243 sed
598 5188 672 5260 quod
691 5186 838 5241 coexsistit
849 5188 981 5258 temporis
992 5206 1051 5261 par·
1079 5185 1160 5259 ῥηιὸν
1186 5188 1245 5241 Dei
1271 5189 1462 5242 aeternitatem
1493 5188 1523 5240 iu
1552 5189 1710 5259 scripturis
1740 5192 1853 5261 ἀοοεηί,
1886 5209 1917 5247 ex

216 5273 290 5329 tibus
315 5275 424 5330 divisim
449 5275 547 5330 sumtis
572 5290 605 5328 ac
623 5273 675 5329 sibi
695 5273 813 5330 invicem
831 5274 1051 5330 succedentibus.
1079 5291 1133 5345 quo
1152 5290 1321 5347 consequens
1341 5274 1432 5339 fuerit,
1452 5291 1507 5329 non
1528 5291 1588 5330 esse
1607 5275 1769 5346 simpliciter
1788 5279 1825 5333 ad
1845 5279 1916 5334 salu·

216 5360 257 5419 Ut
279 5377 346 5432 ergo
369 5361 509 5416 distinctio
534 5365 689 5430 temporum
709 5360 737 5415 in
756 5361 889 5416 creaturis
908 5378 964 5415 nou
982 5361 1054 5416 tollit
1078 5367 1134 5415 tem
1151 5361 1344 5430 necessarium,
1362 5361 1453 5415 Deum
1471 5365 1613 5417 aeternum
1631 5378 1691 5418 esse
1706 5364 1828 5431 medere,
1846 5383 1917 5439 quae

216 5447 407 5505 aeternitatem
425 5446 487 5515 Dei,
504 5447 545 5502 sic
563 5447 710 5501 aeternitas
724 5447 778 5502 Dei
795 5465 850 5501 non
868 5446 942 5500 tollit
956 5445 1052 5502 distin·
1079 5446 1151 5501 enim
1169 5448 1205 5502 ad
1224 5448 1342 5503 salutm
1359 5447 1430 5502 scitu
1446 5447 1606 5519 simpliciter
1618 5451 1782 5520 necessaria,
1800 5468 1836 5507 ea
1848 5451 1916 5507 auri

211 5533 335 5593 monem
351 5540 507 5605 temporum
525 5533 556 5588 in
573 5532 718 5601 creatrnis,
735 5550 787 5589 uec
804 5531 903 5600 efficit,
928 5536 960 5587 ut
976 5549 1051 5589 erea-
1078 5535 1161 5608 ῥηιὸν
1178 5534 1207 5589 in
1219 5534 1304 5589 smus
1321 5533 1407 5590 literis
1422 5538 1529 5590 snare
1547 5538 1680 5605 statuunt,
1697 5543 1731 5592 ut
1743 5536 1811 5594 abbi
1825 5544 1916 5599 osten
