3984 6022
547 818 907 961 suduosis
953 816 1302 956 1111111
1383 718 1388 726 ’

812 1035 847 1119 Ι.
884 1037 941 1120 N.
975 1035 1017 1120 J.

831 1257 842 1263 -
848 1257 866 1262 .—
871 1255 993 1265 μαι-ο

149 1403 182 1500 Ρ
184 1444 374 1523 osteaquam
394 1437 487 1503 annis
512 1438 591 1504 1861
614 1443 647 1504 11
670 1439 752 1506 1862
774 1460 891 1505 novam
907 1436 1128 1506 Chemniciani
1153 1435 1311 1501 examinis
1333 1433 1505 1500 editionem
1526 1432 1761 1518 adornavimus,

62 1540 172 1624 majus
196 1538 267 1623 jam
295 1539 500 1624 adgredimur
528 1560 625 1627 opus,
659 1541 746 1608 locos
776 1541 973 1628 theologicos
1006 1543 1052 1607 lo.
1082 1536 1239 1606 Gerhardi
1268 1535 1417 1603 edendos.
1460 1536 1548 1616 Quos
1569 1541 1604 1600 ut
1625 1535 1761 1621 ederem,

63 1661 129 1707 nou
151 1640 345 1728 bibliopolae
367 1642 469 1710 solum
491 1641 670 1709 exhortatio
691 1645 856 1730 movebat,
886 1667 948 1712 nou
978 1644 1196 1726 theologorum
1222 1640 1325 1706 solum
1353 1638 1601 1705 clarissimomm
1622 1657 1761 1704 aunuen-

63 1742 145 1809 tium
175 1763 364 1831 consensus,
396 1765 508 1812 verum
535 1753 610 1812 ante
641 1748 749 1813 omnia
776 1747 1020 1815 ardentissimus
1051 1743 1206 1812 ecclesiae
1231 1740 1440 1826 evangelicae
1461 1760 1624 1824 sanaeque
1648 1739 1762 1806 doctri·
1803 1781 1810 1796 x

64 1866 127 1912 nae
155 1865 244 1912 amor
265 1855 297 1914 et
318 1848 467 1915 studium.
512 1846 779 1933 Quandoquidem
799 1870 875 1916 vero
897 1850 1054 1917 ecclesiae
1075 1847 1137 1913 Dei
1159 1865 1219 1930 ego
1241 1844 1367 1911 infimus
1389 1865 1428 1910 ac
1449 1842 1629 1911 neotericus
1651 1860 1763 1910 servus

63 1948 196 2036 proprio
224 1948 327 2017 Marte
356 1951 412 2016 vix
443 1970 493 2016 me
526 1950 648 2034 aliquid
675 1952 823 2020 utilitatis
851 1953 965 2020 afferre
995 1971 1091 2039 posse
1119 1948 1284 2033 videbam,
1320 1967 1338 2014 e
1367 1967 1401 2013 re
1430 1966 1502 2013 esse
1530 1944 1763 2029 existimabam,

63 2051 150 2118 vivis
173 2052 328 2119 ecclesiae
348 2053 514 2139 membris,
535 2053 671 2120 sanioris
693 2052 858 2122 doctrinae
880 2054 1047 2138 studiosis,
1075 2052 1178 2118 denuo
1201 2071 1252 2117 me
1273 2048 1401 2116 tradere
1421 2049 1508 2116 locos
1531 2049 1574 2115 Io.
1596 2047 1763 2133 Gerhardi,

63 2161 101 2220 ut
127 2159 255 2240 patrum
284 2154 529 2222 orthodoxorum
558 2175 646 2222 more
674 2155 818 2223 instructi
846 2163 957 2225 contra
982 2161 1153 2223 novatores
1181 2155 1215 2219 in
1244 2152 1346 2219 aciem
1372 2150 1544 2237 prodirent.
1588 2150 1762 2230 Quantum·

65 2276 191 2341 cunque
213 2257 298 2324 enim
320 2259 458 2324 ecclesia
479 2279 520 2324 ex
539 2279 623 2324 anno
646 2259 727 2324 1817
750 2258 976 2346 perspiritum
998 2263 1144 2324 sanctum
1166 2255 1316 2342 profecit,
1344 2261 1546 2338 quotcunque
1567 2253 1647 2320 locis
1668 2252 1763 2319 ratio·

63 2359 235 2425 nahsmum
264 2360 392 2443 evertit,
422 2367 623 2444 quotcunque
647 2361 771 2427 animas
793 2381 835 2427 11
857 2361 999 2428 Satanae
1027 2381 1080 2426 ore
1111 2359 1242 2445 eripuit,
1273 2355 1354 2423 haec
1383 2357 1490 2423 omnia
1517 2375 1577 2422 nec
1604 2353 1765 2421 sufficient
1801 2395 1806 2410 ι

64 2481 125 2527 uec
153 2461 208 2526 diu
236 2461 441 2546 constabunt,
470 2461 532 2529 nisi
561 2463 590 2530 si
620 2463 693 2549 ipsa
721 2462 809 2530 verbi
837 2464 900 2530 Dei
928 2462 1088 2545 doctrina,
1118 2481 1139 2525 a
1165 2458 1352 2546 corruptelis
1380 2465 1533 2545 purgata,
1568 2457 1629 2523 sibi
1659 2456 1763 2524 denuo

63 2570 229 2650 pastorum
263 2563 360 2630 corda
393 2563 551 2648 subjiciet
600 2566 673 2632 Nou
713 2565 808 2631 istam
843 2564 978 2631 dicimus
1013 2563 1207 2646 doctrinam,
1242 2560 1293 2627 vel
1322 2561 1428 2646 potius
1457 2558 1763 2644 quasi-doctrinam,

64 2686 163 2751 quam
190 2665 253 2731 sibi
282 2666 416 2751 quisque
443 2685 502 2752 pro
530 2666 629 2733 lubito
658 2688 733 2750 suo,
762 2687 803 2734 11
830 2667 981 2735 laceratis
1008 2687 1033 2733 s.
1062 2666 1240 2751 scripturae
1263 2663 1368 2729 effatis
1389 2661 1556 2730 confinxit:
1586 2661 1644 2729 sed
1665 2660 1764 2746 illam,

64 2788 163 2852 quam
188 2767 459 2835 annuntiaverunt
487 2767 682 2856 prophetae,
710 2770 886 2837 docuerunt
907 2768 1064 2856 apostoli,
1094 2767 1293 2835 tradiderunt
1313 2765 1478 2853 discipuli,
1507 2763 1764 2849 redintegrarant

64 2870 304 2956 reformatores,
331 2871 505 2938 secundum
536 2871 720 2956 analogiam
751 2870 827 2938 frdei
859 2873 996 2939 confessi
1023 2878 1097 2938 sunt
1120 2878 1239 2956 patres.
1280 2871 1353 2936 Nou
1381 2869 1466 2937 enim
1487 2875 1522 2935 ut
1544 2865 1764 2934 rationalistae

65 2993 177 3039 sumus
212 2992 340 3058 semper
372 2971 532 3040 discentes
561 2980 594 3040 11
621 2973 664 3039 ad
692 2973 860 3040 scientiam
889 2973 1035 3041 veritatis
1063 2993 1226 3058 nunquam
1253 2972 1477 3058 pervenientes
1506 2972 1534 3035 2.
1564 2969 1703 3054 11113,
1734 2970 1762 3034 7.

66 3077 184 3141 Verum
213 3075 312 3160 probe
339 3074 486 3142 novimus
516 3082 548 3141 et
574 3075 669 3143 corde
696 3084 856 3164 tenemus,
887 3076 974 3160 quod
999 3096 1023 3144 1.
1053 3075 1173 3142 Paulus
1206 3095 1270 3142 non
1300 3075 1466 3141 Timotheo
1497 3072 1557 3140 soli
1582 3071 1641 3138 scd
1671 3070 1764 3138 nobis

64 3179 164 3245 etiam
193 3177 289 3244 dixit:
328 3177 395 3263 Τὴν
423 3174 629 3265 παραθήκην
650 3173 814 3266 φύλαξον,
841 3176 1083 3260 ἐκτρεπόμενος
1103 3176 1162 3254 τὰς
1183 3174 1346 3264 βεβήλους
1368 3175 1570 3262 κενοφωνίας
1592 3171 1650 3239 καὶ
1672 3166 1763 3240 ἀντι·

64 3280 182 3357 θέσεις
210 3282 268 3365 τῆς
297 3276 516 3362 ψευδωνύμου
544 3275 702 3364 γνώσεως.
737 3281 940 3366 Depositum,
972 3280 1090 3363 iuquit,
1124 3277 1256 3347 custodi.
1297 3276 1383 3356 Quid
1409 3284 1459 3344 111
1484 3276 1688 3361 depositum?
1726 3275 1764 3342 ld

64 3378 152 3464 quod
178 3378 237 3444 tibi
258 3379 413 3446 creditum
435 3387 500 3467 est,
527 3388 563 3447 ut
593 3380 683 3447 1111.
708 3382 909 3465 Vincentius,
941 3402 1005 3449 non
1026 3381 1113 3466 apud
1135 3388 1166 3448 te
1187 3380 1367 3448 inventum:
1395 3378 1480 3464 quod
1502 3378 1670 3464 accepisti,
1701 3399 1763 3445 uon

65 3481 152 3567 quod
180 3481 385 3567 excogitasti:
415 3504 481 3550 rem
508 3505 572 3551 nou
593 3483 714 3568 ingenii
737 3486 795 3552 sed
816 3486 993 3552 doctrinae:
1022 3505 1085 3550 nou
1108 3484 1323 3569 usurpationis
1346 3483 1509 3568 privatae,
1537 3482 1596 3549 sed
1616 3480 1764 3566 publicae

65 3583 262 3651 traditionis:
294 3605 361 3651 rem
384 3585 426 3651 ad
446 3593 479 3652 te
500 3587 703 3672 perductam,
732 3607 795 3654 nou
817 3595 890 3654 ate
912 3589 1087 3672 prolatam:
1117 3588 1149 3652 in
1171 3606 1235 3670 qua
1256 3607 1317 3651 uon
1339 3593 1451 3652 auctor
1473 3584 1572 3652 debes
1593 3604 1681 3666 esse,
1705 3582 1763 3649 sed

65 3694 191 3754 custos:
211 3708 275 3754 uon
295 3688 473 3775 institutor,
494 3688 552 3756 sed
574 3695 730 3771 sectator,
752 3709 816 3754 nou
837 3689 971 3772 ducens,
994 3688 1053 3757 sed
1074 3709 1221 3774 sequens.

151 3790 236 3856 Ecce
271 3789 354 3855 hauc
381 3787 600 3877 παραθήκην,
635 3811 675 3857 11
703 3790 800 3858 11111
829 3791 891 3858 Dei
919 3791 1056 3858 viventis
1084 3790 1244 3857 infallibili
1273 3791 1437 3874 haustam,
1469 3789 1570 3874 patris
1601 3786 1764 3871 suffragiis

64 3890 238 3977 munitam,
267 3898 379 3959 contra
402 3891 546 3959 veritatis
568 3892 675 3959 hostes
697 3893 876 3980 defensam,
905 3894 938 3960 in
966 3894 1054 3962 locos
1077 3901 1153 3979 apte
1174 3892 1342 3978 digestam.
1383 3891 1446 3972 Qui
1471 3892 1553 3958 scire
1576 3890 1659 3974 vult,
1687 3888 1764 3974 quid

64 4016 89 4061 s.
119 3995 280 4079 scriptura
317 3994 359 4060 de
392 4015 426 4060 re
463 3986 574 4079 aliqua
607 3995 736 4080 doceat,
773 3997 856 4062 hunc
892 3997 1006 4063 librum
1040 3996 1176 4064 evolvat.
1230 3992 1292 4072 Qui
1319 4001 1442 4061 textum
1470 4014 1596 4060 sacrum
1624 3991 1763 4076 aliquem

64 4096 283 4163 obscuriorem
305 4096 484 4181 intelligere
506 4098 610 4182 cupit,
639 4098 752 4164 hocin
774 4099 855 4165 libro
874 4100 1024 4166 inveniet.
1071 4098 1132 4176 Qui
1154 4118 1244 4163 arma
1265 4097 1402 4180 quaerit,
1425 4095 1539 4179 quibus
1561 4094 1763 4162 adversarios
1801 4165 1803 4170 ,

65 4199 226 4265 ccclesiae
248 4197 408 4285 devincat,
430 4199 500 4265 heic
522 4199 639 4265 adsunt
660 4201 802 4266 collecta.
839 4203 910 4267 Nou
933 4209 1040 4286 patres
1063 4200 1180 4267 vetusti
1203 4199 1305 4266 solum
1327 4219 1368 4263 11
1390 4199 1449 4264 111
1470 4198 1556 4264 fonte
1577 4196 1763 4279 hauserunt,

65 4322 181 4368 verum
201 4303 224 4367 ii
247 4301 361 4386 etiam,
388 4302 443 4386 qui
466 4309 608 4368 nostram
628 4302 712 4368 iufra
730 4304 914 4368 memoriam
934 4312 1007 4390 post
1028 4302 1236 4369 rationalismi
1259 4321 1383 4366 errores
1402 4320 1513 4366 sanam
1536 4305 1764 4383 recuperarunt

64 4403 261 4488 doctrinam
284 4403 399 4489 veluti,
421 4424 462 4469 ue
482 4403 523 4470 de
545 4404 726 4471 viventibus
748 4404 878 4489 loquar,
901 4413 933 4470 et
955 4405 1114 4471 Sertorius
1134 4412 1166 4469 et
1187 4402 1338 4469 Stahlius.

150 4505 264 4584 Quoad
287 4506 461 4592 consilium,
485 4526 547 4591 quo
567 4528 648 4593 opus
669 4508 902 4575 Gerhardinum
924 4506 1028 4573 denuo
1050 4505 1293 4572 exscribendum
1314 4505 1438 4587 curavi,
1460 4504 1540 4570 baec
1561 4503 1661 4571 addo:
1683 4504 1763 4571 Tres

64 4610 138 4693 ejus
160 4617 234 4675 sunt
256 4607 414 4675 editiones
436 4610 645 4694 praecipuae:
675 4611 825 4696 princeps
847 4610 949 4676 Jenae
971 4609 1081 4675 decem
1101 4608 1194 4674 tomis
1216 4609 1383 4694 impressa,
1400 4602 1509 4673 ‘forma
1532 4605 1765 4692 quadripartita

64 4712 161 4777 aunis
192 4712 425 4777 lero—1625.
474 4711 549 4777 Alia
578 4732 654 4777 cura
683 4713 727 4778 lo.
751 4712 879 4777 Ernesti
902 4711 1058 4777 Gerhardi
1079 4711 1137 4777 filii
1157 4711 1357 4778 Francofurti
1379 4717 1411 4775 et
1429 4708 1607 4792 Hamburgi
1628 4729 1656 4773 1.
1682 4710 1762 4774 1657

64 4812 201 4900 prodiit,
229 4813 330 4880 tribus
358 4813 451 4880 tomis
474 4813 620 4899 infolio,
649 4815 742 4898 eique
764 4815 986 4881 adnotationes
1009 4819 1227 4897 accesserunt,
1258 4832 1339 4896 quas
1361 4813 1389 4877 b.
1412 4810 1597 4878 Gerhardus
1616 4817 1708 4895 pater
1730 4810 1763 4876 iu

64 4937 123 4983 ora
146 4916 287 5002 exempli
310 4917 358 4983 sui
381 4915 613 5002 adscripscrat,
645 4917 748 4983 editor
774 4924 880 4983 autem
903 4916 1056 4983 asterisco
1079 4922 1206 4983 notatas
1228 4915 1330 4981 textui
1352 4935 1429 4981 suae
1452 4912 1599 4980 editionis
1621 4912 1762 4979 inseruit.

64 5020 178 5085 Tertia
201 5040 223 5084 a
242 5019 266 5084 1.
286 5017 372 5084 Frid.
390 5017 486 5085 Cotta
506 5019 655 5103 theologo
676 5019 873 5104 Tubingensi
896 5027 1024 5104 curata,
1058 5018 1150 5084 anuis
1175 5016 1390 5083 luca—1789
1412 5015 1513 5081 forma
1535 5013 1762 5099 quadrifariam

66 5122 189 5207 partita
210 5122 324 5206 viginti
346 5120 470 5187 duobus
491 5121 585 5189 tomis
607 5122 772 5206 Tubingae
795 5123 897 5188 lucem
919 5121 1077 5208 adspexit.
1118 5121 1168 5184 Ex
1190 5120 1290 5185 tribus
1318 5119 1368 5185 his
1396 5117 1587 5185 editionibus
1610 5153 1652 5163 —
1678 5117 1762 5184 aliae

68 5225 153 5290 enim
174 5225 305 5291 minoris
327 5232 403 5290 sunt
417 5224 513 5309 pretii
527 5260 569 5269 —
583 5244 648 5288 uua
663 5223 829 5307 seligenda
844 5233 921 5308 erat,
944 5233 977 5290 ut
992 5232 1121 5291 nostrae
1136 5223 1284 5289 editionis
1300 5221 1547 5287 fundamentum.
1584 5221 1763 5304 Selegimus

69 5325 243 5393 editionem
266 5326 453 5411 principem,
475 5326 577 5392 Jenae
599 5325 797 5411 impressam,
820 5335 854 5392 ut
876 5328 976 5393 solam
993 5348 1014 5391 a
1029 5328 1073 5393 lo.
1090 5324 1255 5393 Gerhardo
1278 5325 1347 5410 ipso
1370 5323 1516 5390 revisam.
1558 5324 1607 5386 Ex
1623 5321 1763 5389 editione

67 5437 189 5515 autem,
218 5448 239 5494 1
259 5427 425 5496 (11111111
447 5427 513 5495 filio
534 5436 661 5514 curata,
684 5436 749 5496 tum
772 5449 827 5496 cos
849 5429 1073 5516 usurpavimus
1094 5429 1197 5513 locos,
1220 5427 1334 5511 quibus
1356 5427 1458 5493 editor
1481 5424 1638 5493 medicam
1661 5424 1763 5492 textui
