3984 6022
192 224 253 304 soi
602 309 607 317 ,
883 239 1006 297 iocus
1024 239 1203 308 esurus
1380 282 1396 317 ,.

196 395 240 452 bis
262 395 361 469 igitur:
392 395 462 452 Unio
485 392 657 467 hypostatica
680 397 805 452 erasnm
826 397 856 450 in
879 390 1028 451 communi·
1054 397 1268 470 propositiones:
1293 395 1374 453 Deus
1399 405 1439 451 est
1462 403 1586 450 mutuus
1605 403 1630 449 et
1644 395 1831 466 philosophus
1847 404 1884 453 est

198 485 307 538 cationi
325 483 516 537 subsistentiae
538 484 632 552 Verbi,
657 484 759 538 nonin
781 481 1027 537 communicatione
1053 492 1192 552 mortum,
1217 489 1245 538 et
1267 490 1410 556 comparat
1432 481 1484 538 hoo
1509 481 1670 554 mysterium
1697 483 1813 552 arbori,
1843 486 1885 536 cui

196 571 394 624 attributorum
416 567 538 625 deitatis.
573 568 610 624 Et
632 575 729 641 postea
751 566 778 645 ξ.
799 575 828 624 3ε
860 569 930 624 Unio
946 569 1028 634 sacta
1055 571 1187 624 inseritur
1202 588 1299 624 ramus
1316 571 1436 624 alterius
1452 567 1562 640 speciei.
1597 568 1808 635 Quamvisveso
1817 577 1888 626 recte

196 668 235 712 cst
255 675 310 728 per
327 656 600 710 communicationem
622 658 695 725 ejus,
720 659 796 726 quod
818 665 859 710 cst
877 655 1028 725 proprium
1054 663 1173 719 moneat,
1191 661 1337 727 suamque
1356 657 1563 719 similitudinem
1576 655 1702 725 deiicere,
1720 661 1888 713 &mensum

196 744 282 811 Filii,
309 760 364 796 non
389 743 461 811 ejus,
484 744 560 811 quod
577 750 616 796 est
634 760 775 796 commune
801 736 869 796 aliis
891 741 1028 813 personis,
1054 744 1083 797 in
1108 742 1243 798 ἀποδόσει
1266 743 1424 815 posterioris
1452 742 1639 799 similitudinis
1662 741 1784 797 scribat:
1816 745 1890 812 pios

196 831 248 884 sed
272 828 335 882 sola
365 829 543 882 subsistentia
570 837 609 883 est
634 830 709 884 Filii
731 830 869 899 propria,
894 828 1029 882 attributa
1055 832 1126 884 sicut
1144 831 1230 885 arbor
1252 839 1316 900 post
1335 831 1495 886 insitionem
1515 838 1649 884 sustmtat
1673 848 1785 883 ramum
1802 829 1889 897 ellum,

197 923 287 969 auum
307 915 409 989 'omnia
441 916 601 970 essemiaiia
627 917 784 970 commissio
812 923 876 970 sunt
903 914 1027 970 omnibus
1055 918 1105 986 qui
1128 918 1237 987 adspui
1254 933 1310 987 per
1334 934 1364 970 se
1383 917 1541 972 exsisteret:
1568 917 1609 971 ita
1629 935 1753 987 prorssts
1776 917 1891 971 Verbum

196 1002 284 1054 tribisa
307 1003 447 1070 personis.
483 1004 563 1070 Erpa
588 1003 655 1056 unio
680 1003 856 1070 hypostatica
877 1002 964 1068 facta
989 1009 1029 1054 est
1056 1004 1180 1057 &uinum
1204 996 1295 1057 instar
1312 1020 1430 1072 maenae
1449 1004 1559 1057 arboris
1578 1003 1730 1073 conceperit
1748 1021 1890 1056 ramuscu-

193 1105 247 1158 per
274 1088 549 1142 communicationem
575 1089 663 1143 solius
687 1088 887 1144 subsistentiae.
923 1085 1029 1144 similis
1056 1090 1114 1144 lum
1148 1090 1285 1145 lammae
1317 1098 1437 1145 namrae
1468 1090 1637 1145 mirabiliter
1664 1090 1720 1143 sibi
1748 1090 1890 1153 insertam,

198 1177 347 1228 occununt
372 1173 447 1244 apud
473 1168 613 1229 Busaeum
640 1182 736 1230 contra
759 1173 938 1230 Gerlachium
961 1189 985 1240 o.
1004 1179 1029 1229 4.
1056 1174 1217 1247 praesertim
1250 1193 1312 1231 cnm
1340 1175 1481 1246 proprium
1511 1182 1540 1232 et
1566 1175 1756 1231 immediatum
1784 1176 1890 1230 unionis

197 1261 266 1317 then
292 1266 338 1326 35,
372 1260 421 1315 ubi
446 1267 528 1316 vocat
549 1262 676 1315 unionem
700 1261 945 1329 subsistentialem,
971 1261 1030 1314 'non
1058 1263 1197 1331 effectum,
1213 1261 1489 1318 communicationem
1507 1261 1615 1318 scilicet
1631 1261 1806 1328 idiomatum,
1815 1279 1890 1332 prae

198 1349 276 1417 quod
301 1363 333 1399 ec
353 1347 461 1400 duabus
481 1347 592 1404 natiuis
612 1365 670 1400 una
684 1348 741 1417 flat
765 1345 955 1409 subsistentia,
981 1346 1032 1398 sed
1057 1349 1144 1404 fracte
1166 1353 1267 1421 neget,
1294 1348 1356 1403 ideo
1381 1348 1561 1406 Nestorianae
1585 1346 1785 1420 παραστάσεως
1802 1349 1891 1404 dicam

199 1433 266 1502 quia
289 1433 357 1487 baec
379 1434 447 1487 unio
471 1433 542 1487 nait
559 1433 642 1485 aliud
660 1450 743 1501 quam
760 1432 963 1485 subsistentiam
982 1432 1031 1485 tri-
1058 1436 1099 1490 illi
1133 1442 1245 1507 propter
1278 1435 1328 1489 has
1369 1435 1564 1491 similitudines
1600 1435 1699 1491 merito
1736 1435 1888 1492 scribimus.

201 1521 266 1573 buat
289 1519 457 1573 humanitati
477 1519 580 1573 unitae.
615 1517 720 1574 Contra
745 1523 765 1572 i.
784 1517 812 1571 iu
831 1516 941 1572 Christo
966 1517 1033 1574 dici·
1059 1521 1185 1592 Utraque
1203 1520 1276 1576 enim
1292 1520 1442 1575 similitudo
1459 1518 1553 1577 multis
1571 1520 1658 1576 modis
1679 1521 1786 1578 deficit.
1813 1521 1892 1576 Prior

199 1611 245 1660 tur
266 1606 394 1660 babitare
414 1612 472 1658 tota
487 1604 637 1673 plenitudo
656 1603 770 1658 deitatis
786 1601 889 1658 Colore.
910 1608 938 1665 2,
963 1621 988 1657 r.
1007 1607 1032 1658 9.
1059 1613 1218 1677 propterea:
1254 1615 1276 1663 1.
1303 1607 1370 1678 quia
1393 1605 1570 1677 philosophia
1595 1612 1624 1661 et
1648 1624 1721 1662 mors
1747 1614 1811 1663 sunt
1836 1609 1891 1662 duo

85 1694 126 1736 111.
140 1690 186 1734 ⁸⁸¹·
199 1707 237 1748 ao
253 1691 383 1746 dicuntur
400 1691 429 1745 in
447 1691 507 1763 ipso
525 1691 665 1746 reconditi
681 1708 774 1745 omnes
787 1690 911 1744 thesauri
921 1690 1032 1759 sapien·
1060 1693 1229 1761 accidentia,
1255 1709 1371 1765 quorum
1395 1699 1523 1748 neutrum
1542 1692 1578 1747 ad
1597 1693 1793 1748 subsistentias
1808 1694 1892 1748 homi·

200 1781 257 1833 tiae
276 1787 301 1832 et
318 1778 451 1832 scientiae
467 1796 493 1832 v.
512 1782 542 1845 33
568 1794 633 1849 ergo
657 1793 713 1831 non
733 1776 819 1831 solius
838 1775 1032 1831 subsistentiae
1058 1779 1101 1834 nis
1124 1779 1259 1850 pertinen
1295 1785 1317 1835 2.
1345 1780 1373 1833 in
1401 1780 1526 1850 sanecto
1553 1779 1752 1852 propositionis
1776 1781 1891 1851 philoso-

200 1866 307 1921 secluss
338 1871 437 1919 natura
467 1868 495 1919 et
527 1863 666 1919 attributis
698 1862 797 1917 divinis
823 1861 1032 1917 communicatio
1058 1867 1130 1936 phua
1156 1871 1198 1920 est
1223 1872 1363 1934 mortuus,
1398 1883 1454 1920 uon
1480 1865 1591 1938 ponitur
1617 1882 1718 1921 nomen
1738 1867 1892 1937 suppositi;

199 1951 289 2020 factm
325 1956 350 2006 2.
369 1950 498 2022 proprius
517 1953 546 2004 et
562 1948 736 2004 immediatus
756 1947 937 2003 effectusnon
950 1947 1035 2002 debet
1061 1959 1084 2009 3,
1110 1968 1162 2008 nec
1185 1951 1359 2024 philosophia
1385 1952 1479 2006 unitur
1503 1952 1685 2022 personaliter
1705 1970 1772 2007 cum
1789 1960 1893 2020 natura,

201 2037 303 2108 opponi
331 2052 397 2091 suae
423 2052 531 2090 causae.
573 2034 660 2107 Atqui
686 2034 896 2090 communicatio
919 2033 1032 2088 idioma-
1060 2055 1131 2111 quoe
1154 2038 1276 2093 moritur.
1312 2037 1452 2092 Posterior
1469 2042 1631 2108 propterea:
1661 2043 1683 2092 1.
1709 2039 1779 2109 quia
1804 2057 1893 2094 ramur

200 2130 258 2178 tum
286 2123 322 2178 ad
348 2121 623 2182 communicationem
646 2120 827 2193 hypostaseos
849 2120 934 2176 habet
957 2138 986 2176 se
1003 2128 1034 2175 ut
1060 2124 1152 2178 arbori
1175 2125 1293 2179 insertus
1312 2140 1367 2177 non
1385 2128 1427 2177 est
1446 2122 1572 2194 perfecta
1588 2122 1684 2192 arbor,
1710 2125 1764 2178 sed
1789 2131 1893 2180 mutum

200 2200 330 2280 proprius
348 2215 376 2263 et
394 2207 566 2262 immediatus
586 2206 700 2263 effeetus
719 2208 755 2263 ad
769 2225 847 2262 suam
863 2223 985 2274 causam,
1002 2209 1035 2260 ut
1062 2228 1127 2282 pars
1145 2210 1266 2278 arboris,
1294 2214 1317 2264 2.
1334 2225 1427 2263 ramus
1445 2215 1593 2279 antequam
1613 2208 1797 2277 insereretur,
1813 2211 1893 2266 habe·

200 2300 298 2366 postea
325 2294 514 2360 ostendemus3
549 2298 573 2349 3.
597 2293 754 2365 hypostasis
784 2292 878 2362 Λόγου
905 2310 960 2347 non
991 2300 1034 2347 est
1060 2297 1110 2351 bat
1135 2295 1276 2368 propriam
1303 2294 1523 2357 subsistentiam,
1554 2312 1670 2365 quorum
1700 2301 1832 2351 neumam
1863 2298 1894 2354 de

201 2380 306 2452 aliquid
324 2379 435 2435 realiter
452 2380 590 2435 diversum
608 2397 625 2434 a
640 2387 741 2435 natura
758 2380 852 2434 divina
871 2381 919 2434 roi
933 2377 1033 2448 Λόγου
1062 2387 1161 2437 natura
1178 2388 1300 2436 assumta
1318 2380 1373 2435 dici
1390 2385 1497 2451 potest3
1523 2370 1553 2434 3.
1566 2396 1658 2434 ramus
1680 2380 1713 2436 fit
1730 2399 1818 2436 unum
1835 2400 1894 2437 cum

203 2473 230 2522 et
247 2465 441 2522 essentialibus
461 2466 585 2536 ejusdem
603 2465 833 2538 proprietatibus3
857 2471 880 2521 4.
899 2464 1033 2536 οἰΛόγσυ
1061 2470 1173 2536 arbore,
1202 2467 1247 2521 oui
1271 2466 1400 2522 inseritur
1416 2460 1467 2537 per
1484 2464 1631 2540 σύμφυσιν
1648 2471 1676 2521 et
1696 2467 1893 2539 agglutinatis

201 2553 351 2613 induruere
382 2556 423 2607 est
449 2552 526 2606 carrd
552 2551 756 2606 communicata
776 2556 804 2605 et
829 2568 884 2605 nou
901 2551 1035 2606 attributa
1062 2572 1126 2610 nem
1143 2553 1306 2618 naturalem,
1325 2569 1380 2606 non
1398 2569 1448 2622 per
1467 2551 1567 2606 ἕνωσιν
1581 2550 1785 2621 insomnia·
1804 2562 1829 2609 4.
1843 2572 1895 2609 nou

202 2639 304 2701 divina,
323 2655 494 2709 consequens
512 2644 562 2707 est,
581 2637 745 2710 hypostasin
753 2635 853 2708 Λόγου
871 2639 975 2708 atejus
994 2642 1035 2692 at·
1063 2640 1184 2713 explicat
1206 2639 1276 2694 haec
1300 2638 1452 2693 similitudo
1478 2646 1571 2694 actum
1590 2638 1766 2709 moelem
1782 2647 1895 2697 namrae

202 2727 308 2782 tribute
326 2741 385 2780 esse
403 2724 539 2794 opposita,
559 2725 625 2795 quia
643 2725 835 2796 oppositsnon
849 2723 954 2778 suntin
964 2740 1035 2790 uno;
1062 2727 1212 2796 humanae,
1247 2726 1296 2780 sed
1332 2726 1467 2780 duntaxat
1503 2725 1618 2781 effectus
1649 2725 1752 2797 aliquis
1782 2728 1895 2783 unionis

204 2817 226 2866 5.
247 2817 409 2883 argumento
428 2810 589 2865 Bellarmini
613 2810 739 2865 satisfimi
762 2816 854 2881 potest
873 2828 923 2881 per
940 2809 1036 2864 distin·
1062 2815 1155 2885 Hujus
1179 2812 1231 2869 loci
1250 2819 1305 2881 est,
1330 2812 1406 2884 quod
1423 2812 1609 2867 Bellarmiuus
1628 2812 1689 2868 libr.
1711 2815 1802 2884 ejusd.
1830 2831 1853 2869 c
1872 2822 1894 2870 4

204 2899 322 2954 ctionem
353 2898 479 2968 superins
506 2897 637 2951 traditam
665 2896 736 2951 inter
763 2903 890 2951 naturam
914 2896 1036 2951 divinam
1062 2899 1277 2972 propositionem
1295 2897 1517 2967 illam,Verbum
1534 2898 1720 2953 caminetum
1740 2907 1791 2959 est.
1814 2901 1895 2971 expli·

205 2985 406 3041 consideratam
437 2982 564 3038 absolute
594 2981 652 3039 sive
680 2983 861 3038 communiter
890 2989 918 3037 et
949 2981 1036 3038 relate
1062 2993 1109 3041 eat
1125 3003 1175 3058 per
1192 2984 1254 3039 illas
1270 2984 1486 3055 propositiones,
1504 2985 1604 3038 Aaron
1622 3002 1642 3036 σ
1658 2986 1723 3038 Deo
1744 2989 1842 3048 fastris
1858 2997 1895 3041 cst

205 3072 264 3126 sive
282 3069 464 3124 determinate
482 3085 546 3123 eum
561 3067 652 3143 spinos
664 3066 812 3141 ὑπάρξεως.
836 3076 859 3124 2.
872 3068 947 3124 Dum
960 3067 1035 3124 unio·
1059 3073 1198 3142 pontifex,
1217 3071 1319 3124 Dauid
1333 3073 1434 3137 factus
1452 3078 1492 3122 est
1511 3088 1568 3124 res.
1594 3067 1623 3125 C.
1644 3075 1683 3125 ts.
1702 3071 1806 3142 Λόγον
1823 3089 1894 3127 ussu-

204 3176 267 3213 nem
294 3174 345 3226 per
368 3156 472 3210 nudam
499 3156 725 3211 sustentationem
750 3154 891 3210 definiunt
931 3155 1036 3210 Beller-
1064 3162 1183 3213 mentm
1207 3161 1336 3211 natmsm
1359 3154 1506 3210 humanam
1529 3155 1636 3211 confert
1661 3172 1725 3211 cum
1744 3175 1826 3231 rege,
1850 3159 1894 3230 qui

204 3246 294 3299 minus
315 3243 376 3297 libr.
404 3248 427 3298 3.
453 3242 488 3296 de
512 3241 615 3296 incarn.
638 3258 662 3296 c.
686 3248 710 3298 8.
735 3241 787 3296 sub
812 3241 896 3296 finem
923 3259 956 3297 ac
974 3241 1035 3297 libr.
1064 3243 1154 3298 induit
1169 3259 1335 3314 purpurams
1353 3259 1376 3297 o.
1399 3249 1436 3297 ll.
1456 3242 1585 3298 amonem
1603 3242 1721 3297 duarum
1743 3245 1773 3298 in
1787 3244 1894 3300 Christo

204 3330 328 3402 ejusdem
347 3346 370 3384 c.
392 3334 430 3385 ts.
451 3328 480 3382 in
497 3327 552 3383 fine
571 3328 681 3384 scribit:
699 3329 778 3382 Licet
798 3329 905 3381 alicubi
920 3329 956 3381 sit
969 3329 1034 3382 Ver-
1064 3336 1224 3384 natmarum
1249 3328 1357 3383 confert
1375 3346 1438 3382 cum
1456 3329 1533 3400 globi
1553 3329 1649 3383 solaris
1668 3337 1696 3383 et
1714 3329 1805 3401 ipsius
1824 3332 1895 3387 orbis

204 3419 275 3484 bum,
293 3418 340 3470 ubi
355 3434 412 3470 non
432 3417 648 3484 dismanatas,
666 3423 756 3470 tamen
769 3416 851 3469 etiam
864 3416 904 3468 ibi
919 3416 1036 3470 Verbum
1065 3417 1172 3471 unione.
1210 3416 1287 3482 Quae
1313 3415 1406 3469 omnia
1429 3415 1452 3469 si
1476 3416 1563 3486 probe
1591 3415 1789 3487 observentur,
1817 3418 1896 3474 facile

205 3513 244 3558 est
267 3505 361 3566 bomo,
388 3504 454 3573 quia
479 3502 595 3555 Verbum
619 3502 660 3555 ibi
681 3503 812 3556 euasurus
838 3510 971 3555 saumas
988 3504 1036 3555 nu·
1064 3501 1222 3574 apparebit,
1247 3501 1389 3555 verissime
1412 3516 1430 3554 a
1452 3500 1478 3554 b.
1500 3499 1622 3555 Luthero
1643 3508 1738 3556 nostro
1757 3520 1820 3559 esse
1838 3523 1896 3575 pro·

204 3591 366 3644 manitmem
384 3589 428 3641 uti
443 3606 523 3641 οοουυ
541 3597 567 3642 et
583 3588 732 3658 propriam
749 3588 814 3642 licet
826 3588 896 3642 alibi
909 3589 1036 3642 comten-
1063 3588 1220 3643 nuntiatum
1243 3587 1304 3643 libr.
1331 3587 1366 3641 de
1390 3586 1487 3643 concil.
1511 3592 1576 3640 tom.
1596 3593 1619 3642 i.
1652 3587 1767 3643 lenens.
1790 3608 1820 3661 p.
1841 3597 1895 3648 ssi.

204 3685 265 3731 tem.
301 3676 367 3729 Pro
380 3674 489 3730 formali
516 3691 582 3746 ergo
604 3674 713 3729 unionis
737 3681 897 3745 proponunt
922 3680 1037 3729 naturas
1064 3677 1093 3728 in
1114 3684 1227 3744 papatu
1244 3675 1344 3728 mardos
1359 3690 1423 3726 esse
1444 3675 1636 3728 Nestorianos.
1664 3674 1740 3730 Vide
1759 3676 1863 3748 disput
1876 3685 1897 3735 2.

204 3763 342 3817 humanae
364 3762 393 3814 iu
417 3759 488 3815 Filio
510 3759 564 3814 Dei
583 3760 820 3815 sustentationem.
856 3759 944 3824 Quem
963 3760 1037 3815 Tho-
1065 3761 1098 3817 de
1117 3761 1206 3833 gloria
1225 3760 1280 3815 Dei
1300 3758 1327 3835 §-
1350 3765 1388 3814 tl.
1425 3760 1521 3831 Longe
1543 3776 1608 3814 vero
1632 3761 1737 3815 rectius
1761 3770 1789 3818 et
1809 3765 1946 3820 moden

205 3848 343 3903 misticum
361 3863 479 3901 errorem
495 3847 555 3916 jam
574 3845 639 3901 olim
658 3845 759 3902 refellit
775 3846 913 3902 Luthsrus
931 3853 995 3901 tom.
1012 3853 1036 3904 2.
1065 3848 1133 3903 etius
1158 3847 1254 3903 scribit
1278 3845 1389 3902 Alensis
1415 3852 1485 3916 part.
1507 3851 1529 3900 3,
1554 3851 1661 3915 quaest.
1683 3852 1705 3901 2.
1734 3850 1850 3906 membr.
1871 3858 1898 3907 3:

205 3932 414 4005 Witenbergcn.
443 3930 489 3987 iol.
519 3938 577 3988 228.
606 3932 635 3985 iu
663 3933 768 4000 majore
797 3930 920 3987 Confess.
954 3937 982 3986 et
1009 3933 1038 3986 in
1066 3932 1231 4003 Cujusniodi
1252 3934 1289 3986 sit
1312 3934 1381 3986 lsaec
1400 3931 1626 4000 communicatio,
1652 3950 1708 4000 qua
1731 3944 1838 3991 nmero
1855 3938 1898 3992 bu·

205 4020 265 4075 libr.
294 4020 329 4074 de
355 4018 486 4075 conciliis.
530 4024 554 4073 3,
576 4017 651 4071 Dum
678 4016 782 4094 talibus
812 4016 1036 4072 similitudinibus
1065 4038 1150 4075 mana
1173 4020 1393 4073 communicatur
1417 4019 1522 4087 Verbo,
1547 4036 1603 4071 non
1629 4026 1670 4072 est
1691 4019 1818 4076 bominis
1835 4026 1898 4087 dei

205 4107 314 4163 unionis
338 4104 490 4176 personalis
514 4104 676 4175 mysterium
695 4103 851 4172 declarant,
876 4119 947 4174 quae
967 4103 1037 4158 illud
1066 4109 1143 4175 nire,·
1175 4123 1208 4161 ac
1236 4105 1299 4160 Biel
1326 4110 1347 4159 1.
1370 4111 1438 4161 sent.
1465 4105 1529 4162 dist.
1553 4111 1593 4160 30.
1624 4112 1730 4176 quaest.
1759 4115 1789 4165 t:
1832 4112 1897 4166 Unio

205 4193 314 4265 penitus
333 4197 476 4246 evacuant.
514 4190 655 4247 Salmeron
676 4196 740 4244 tom
761 4195 801 4246 lt.
830 4189 940 4260 Disput.
961 4195 984 4245 2.
1008 4190 1037 4245 iu
1066 4201 1183 4247 naturae
1208 4192 1345 4245 humanae
1368 4193 1409 4245 ad
1432 4191 1548 4245 Verbum
1565 4208 1620 4244 non
1638 4191 1731 4246 solum
1749 4197 1898 4267 ineffabilis

208 4287 230 4338 1.
248 4280 311 4337 boh.
329 4298 356 4350 p.
381 4285 437 4334 155«.
457 4278 586 4333 unionem
605 4276 809 4351 hypostaticam
826 4283 932 4348 septem
950 4276 1039 4332 modis
1066 4289 1120 4340 cst,
1146 4280 1199 4332 scd
1224 4278 1308 4332 etiam
1328 4294 1386 4346 pro
1411 4285 1486 4330 statu
1504 4278 1556 4332 isto
1575 4277 1730 4332 intellectui
1748 4283 1896 4354 incompre

206 4366 314 4438 concipi
326 4382 407 4437 posse
421 4365 515 4421 docet:
535 4370 559 4418 1.
575 4373 658 4419 estut
669 4373 817 4419 adradunt
830 4366 861 4419 in
874 4365 1038 4429 atrabente,
1065 4366 1216 4420 transibitis.

207 4455 438 4524 quemadmodum
448 4454 563 4519 serrum
583 4454 612 4506 in
629 4461 769 4521 mapnete,
795 4452 960 4507 intermedio
978 4453 1039 4521 ejus
1104 4457 1158 4508 123.
1195 4453 1221 4504 2.
1247 4449 1423 4504 Celsiniani:
1459 4455 1479 4505 1.
1505 4448 1634 4504 unionem
1667 4466 1719 4519 per
1746 4452 1946 4523 adjunctione

209 4540 335 4611 Spirita-
356 4543 382 4594 2.
400 4547 431 4593 ut
449 4539 597 4608 subjicitur
615 4539 644 4592 in
657 4539 787 4607 adjecto,
806 4540 1039 4609 quemadmodum
1065 4555 1128 4593 nem
1147 4535 1289 4590 definiunt.
1324 4534 1456 4590 Danaeus
1475 4534 1504 4589 iu
1519 4551 1605 4590 exam.
1621 4541 1692 4590 cont
1709 4514 1946 4596 Chemniciunm

206 4627 365 4681 sensitivam
391 4626 421 4679 in
446 4624 614 4679 intellectiva
638 4642 672 4678 ac
696 4632 726 4677 ne
749 4626 889 4693 triponuns
906 4625 936 4678 in
955 4632 1038 4678 tetra-
1065 4644 1092 4696 p.
1112 4615 1158 4680 bt:
1188 4624 1225 4677 In
1244 4623 1297 4676 illa
1316 4623 1417 4675 unione
1436 4630 1541 4675 natura
1559 4628 1665 4674 mutum
1685 4624 1728 4675 nd
1744 4642 1897 4693 personans

206 4732 295 4782 pono;
325 4716 352 4767 3.
380 4719 410 4766 ut
435 4711 559 4765 mammo
579 4712 737 4781 polyponia
761 4711 792 4764 in
818 4711 938 4772 cir-malo,
972 4712 1039 4780 onio
1059 4713 1124 4781 jam
1149 4709 1320 4763 ensistentcm
1344 4715 1370 4762 et
1389 4724 1443 4777 per
1463 4724 1493 4761 se
1514 4709 1599 4776 plene
1624 4708 1821 4765 subsistentem
1841 4713 1897 4779 fuit

207 4800 324 4855 mamma
348 4800 462 4869 rapitur
486 4800 527 4851 ad
550 4799 668 4861 aduam
688 4797 821 4866 speciem,
846 4813 896 4850 nec
915 4813 971 4866 per
992 4814 1039 4866 σος
1065 4798 1210 4867 adjuncta.
1246 4794 1369 4849 Polanus
1390 4794 1418 4848 in
1438 4793 1551 4865 logicis
1570 4800 1599 4849 et
1616 4793 1770 4851 Goelenius
1791 4798 1821 4853 in
1839 4815 1896 4870 pro

206 4891 229 4940 4.
249 4894 279 4940 ut
298 4886 405 4939 unitum
422 4885 452 4937 in
469 4884 594 4948 uniant&
619 4888 644 4936 b.
663 4891 692 4936 ut
710 4884 784 4936 duae
804 4883 918 4937 arbores
937 4883 968 4936 in
985 4883 1039 4937 cir·
1065 4883 1147 4938 blem.
1165 4882 1220 4953 log.
1241 4887 1345 4951 quaest
1367 4885 1414 4934 to:
1443 4878 1518 4933 Caro
1544 4887 1584 4933 est
1600 4878 1699 4950 Λόγου
1723 4885 1896 4950 adjunctum.

207 4973 271 5026 asto
289 4972 425 5039 insertae:
451 4973 476 5024 6.
495 4978 525 5023 ut
538 4970 642 5039 fluoisss
662 4970 692 5022 in
710 4969 793 5037 mari,
811 4970 852 5021 ad
869 4970 945 5038 quod
963 4971 1040 5023 duci-
1066 4968 1174 5023 Martin.
1207 4967 1236 5021 in
1266 4982 1353 5022 mam.
1384 4964 1457 5035 Spic.
1491 4971 1588 5020 conns
1612 4964 1648 5020 D.
1674 4965 1779 5023 Mentz.
1812 4988 1840 5041 p.
1869 4976 1897 5026 43

208 5067 252 5110 trsr
270 5067 297 5111 et
313 5059 389 5128 quod
408 5057 498 5126 speum
514 5055 612 5126 capite
643 5058 664 5110 7.
682 5063 713 5109 ut
727 5072 780 5108 uon
798 5055 828 5107 in
844 5056 927 5109 serso
945 5063 971 5109 et
988 5074 1040 5110 soe
1067 5053 1172 5118 assent,
1190 5070 1249 5107 esse
1266 5054 1396 5106 unionem
1412 5051 1622 5106 accidentalem.
1649 5051 1768 5121 (Contra
1785 5073 1897 5129 urgean-

208 5145 238 5197 in
256 5145 364 5212 clarta,
379 5144 499 5214 plysc'ca
516 5144 546 5196 in
555 5143 714 5210 Aristotele,
736 5140 844 5205 ortissu
862 5141 891 5193 in
910 5141 1040 5211 inopine,
1067 5149 1112 5196 tur
1125 5139 1306 5194 fundamenta
1318 5136 1444 5209 superius
1462 5138 1623 5209 proposita)
1646 5137 1897 5200 Proieruntsuteu

209 5237 235 5282 et
257 5237 287 5283 ut
302 5231 384 5297 filius
401 5229 497 5300 patris
524 5228 607 5283 Galli
624 5229 723 5282 matris
742 5226 898 5296 Hispanae.
934 5227 1040 5283 Bellus·
1067 5243 1117 5298 pro
1134 5225 1304 5282 adstruenda
1323 5225 1375 5279 hac
1393 5224 1523 5295 opinione
1538 5224 1674 5295 ejusmodi
1691 5238 1897 5298 argumentum:

208 5313 299 5368 minus
324 5315 384 5371 libr.
406 5321 430 5371 3.
458 5315 493 5371 de
514 5314 626 5370 Christo
651 5331 675 5369 c.
694 5320 717 5370 8.
744 5311 904 5384 scripserat,
928 5332 1039 5369 canem
1070 5312 1211 5382 Quicquid
1228 5312 1386 5382 supervenit
1405 5313 1462 5364 cna
1479 5312 1509 5364 in
1526 5319 1590 5364 adu
1608 5313 1765 5381 mutanti,
1784 5325 1826 5369 est
1842 5317 1897 5385 ejus

209 5401 339 5455 exsistere
359 5404 389 5456 in
413 5402 501 5456 Verbo
523 5410 554 5454 ut
576 5400 720 5453 &cebium
738 5400 768 5453 in
785 5416 916 5469 corpors,
943 5400 992 5455 sed
1012 5401 1040 5455 in
1067 5399 1206 5455 condens.
1244 5397 1318 5452 Caro
1341 5397 1498 5466 supervenit
1518 5396 1606 5466 Λόγῳ
1626 5399 1682 5451 enti
1699 5399 1730 5452 in
1749 5409 1816 5454 actu
1834 5401 1897 5456 essi-

207 5487 406 5563 posterioribus
419 5486 585 5544 editionibus
595 5487 734 5558 expunxit
756 5485 865 5544 Ibidem
873 5485 981 5542 confert
989 5480 1040 5542 bas
1066 5486 1156 5542 stanti
1192 5486 1273 5557 Ergo
1291 5491 1331 5539 est
1353 5483 1414 5556 ejus
1438 5483 1576 5540 accidens.
1612 5481 1820 5544 Praetermissis
1841 5486 1898 5545 alib
