3984 6022
787 294 839 349 DE
856 293 1017 352 NATURA
1034 293 1111 350 DEI.
1732 304 1790 360 339

46 455 69 499 u
96 447 292 518 muster,
309 448 532 519 immutabiliter,
550 449 734 520 singulariter,
751 448 928 521 originaliter,
954 448 1010 501 Hie
1035 449 1121 503 bottas
1145 451 1342 520 amatamque
1366 450 1445 504 bonis
1473 452 1570 518 penori
1592 451 1670 504 mala
1694 459 1790 504 nostro

94 535 219 606 perfecte
246 552 264 591 a
289 551 318 592 rs
335 534 400 605 ipso
429 534 519 590 bonus
542 542 609 591 est'
631 534 726 591 Omnis
752 534 819 591 boni
844 551 929 589 causa
955 535 1076 589 immittit
1097 542 1150 591 etc.
1176 556 1203 608 p.
1225 543 1266 594 et.
1292 555 1326 593 ex
1349 536 1490 608 Euripidis
1515 521 1741 607 Bellerophonti:
1766 541 1790 590 ei

94 629 150 690 est,
175 623 241 693 quia
263 627 295 676 nt
312 639 449 678 summum
467 640 516 678 ens
534 622 647 694 reliquis
666 623 775 678 entibus
793 622 843 681 dat
860 639 928 688 esse,
956 624 1016 675 scot
1035 622 1066 675 δὲ
1084 623 1167 695 δρῶσι
1186 623 1279 688 κακόν,
1300 621 1351 677 οὐκ
1368 629 1507 678 11111111.

93 707 134 761 ita
156 708 255 763 summi
276 707 351 764 illius
373 710 586 781 participatione
610 709 713 765 honum
736 714 777 764 est
795 707 928 780 quicquid
990 713 1048 764 209.
1072 708 1236 765 Antithesis.
1259 710 1416 765 Bonitatem
1431 709 1483 764 Dei
1501 709 1673 764 labefactent
1688 714 1710 761 1.
1724 706 1788 761 Cer·
1802 712 1906 801 1111111111·-

93 793 124 847 iu
142 795 275 850 creaturis
292 795 404 852 bonum.
441 797 514 853 Vide
532 798 584 853 loc.
603 794 631 872 5
654 801 710 853 136.
745 795 852 851 Probat
876 793 929 850 hoc
956 796 1087 864 deniare,
1111 813 1128 850 a
1151 795 1276 852 Cerdone
1299 796 1480 865 denominati,
1501 797 1557 870 'qui
1573 797 1629 849 dno
1643 795 1788 864 principia
1837 792 1842 802 '

94 885 118 932 1.
141 880 291 950 Scriptura
316 887 341 937 1.
360 885 544 950 affirmante,
565 883 784 954 quandonam
804 898 864 938 esse
880 882 928 937 bo·
955 881 1011 934 sibi
1034 883 1216 936 adversantia
1239 883 1475 950 dopmatimrant,
1503 884 1649 951 Deumque
1666 879 1736 948 lepis
1756 897 1790 931 ac

94 983 163 1020 num
180 967 323 1037 praedicat
341 976 370 1026 et
381 968 533 1024 bonitatem
546 971 607 1040 ejus
619 969 800 1026 commendat
825 967 928 1023 Psalm.
953 967 1154 1037 prophetaram
1177 986 1232 1022 non
1258 984 1317 1022 1111
1343 969 1457 1022 Patrem
1481 965 1599 1036 Christi,
1625 984 1674 1019 nec
1693 966 1791 1018 bonam

93 1058 140 1122 25,
158 1071 190 1118 ,1.
217 1060 246 1110 8:
265 1044 321 1130 ἵξῃ
349 1045 405 1107 :in
438 1058 525 1110 bonus
552 1066 577 1111 et
603 1065 695 1111 rectus
723 1063 763 1110 est
790 1056 927 1108 dominas.
957 1056 1050 1109 Deum
1068 1072 1125 1109 ease
1142 1071 1191 1108 nec
1203 1056 1321 1124 justam,
1339 1056 1454 1109 Patrem
1475 1071 1540 1108 sero
1563 1054 1669 1108 Cirristi
1685 1054 1792 1106 bonnm.

95 1142 284 1208 2111911111,
310 1142 423 1212 qnando
445 1147 531 1214 neget
558 1143 588 1197 in
613 1143 674 1213 ipso
698 1141 845 1213 quicquam
871 1158 931 1196 esse
959 1142 1083 1205 Qnidarn
1105 1160 1169 1196 cero
1198 1142 1227 1195 in
1245 1142 1353 1198 desim
1369 1141 1523 1214 principiis
1543 1142 1602 1194 sais
1621 1142 1692 1193 daos
1712 1141 1791 1193 Deos

92 1226 168 1282 mali.
198 1226 300 1282 Psalrn.
321 1232 363 1294 st,
382 1245 408 1281 v.
429 1229 594 1284 11111111
615 1229 797 1295 cantemas
815 1228 929 1280 nonin·
957 1229 998 1282 ita
1022 1245 1069 1281 eos
1094 1229 1199 1282 dimisse
1218 1230 1377 1297 perbibent,
1404 1237 1433 1281 nt
1456 1245 1527 1280 unus
1545 1245 1639 1281 aarum
1659 1234 1728 1280 esset
1747 1226 1791 1278 ie-

93 1313 199 1383 1111111
219 1314 250 1367 in
267 1329 307 1368 eo.
345 1313 427 1369 Dent
454 1319 504 1384 32,
531 1333 556 1369 v.
574 1321 605 1372 t:
634 1313 719 1375 utut}
741 1321 840 1384 petro,
863 1331 930 1382 per·
956 1332 1022 1381 nas,
1045 1315 1120 1368 aiter
1139 1323 1231 1368 antem
1248 1315 1346 1368 racina.
1386 1313 1505 1385 August.
1525 1313 1559 1366 dc
1576 1311 1737 1367 haeresibus
1756 1311 1791 1364 ad

91 1401 198 1466 fernim
215 1407 257 1453 eet
277 1417 347 1469 opus
364 1397 476 1473 (biiii,
491 1400 629 1473 integrum
642 1407 671 1456 et
683 1400 788 1472 absque
800 1399 931 1467 macula),
957 1401 1125 1468 Quodvultd.
1144 1399 1249 1455 haeres.
1271 1406 1311 1456 21.
1347 1403 1373 1453 2.
1393 1400 1597 1466 Marcionitae,
1623 1399 1670 1469 qui
1691 1397 1792 1452 Cerdo·

92 1503 160 1540 nam
181 1504 273 1540 onmes
292 1487 355 1540 uiae
372 1488 434 1556 ejas
445 1487 604 1557 judiciam,
631 1488 711 1541 Dens
726 1487 831 1539 veritas
849 1493 888 1539 est
905 1493 931 1538 et
957 1487 999 1542 nis
1019 1487 1151 1559 dogmata
1171 1488 1205 1542 de
1226 1488 1334 1543 duobus
1347 1485 1491 1558 principiis
1506 1483 1676 1549 suntsecuti,
1697 1500 1792 1556 quam·

91 1590 149 1626 non
172 1573 323 1642 iniqnitas,
340 1573 435 1642 justus
460 1582 486 1628 et
511 1582 603 1627 rectae
624 1574 691 1643 ipae
727 1576 754 1627 3.
774 1570 931 1640 symbolice,
957 1574 998 1628 vis
1017 1573 1154 1645 Epiphsu.
1180 1573 1282 1629 referat
1303 1572 1456 1628 Cerdonem
1478 1572 1532 1626 tria
1550 1571 1699 1626 asseruisse
1716 1569 1791 1640 prin-

93 1659 207 1730 quandc
233 1658 357 1715 celebrat
382 1661 503 1714 πλοῦτον
531 1658 643 1713 divitias
666 1657 799 1714 bonitatis
821 1656 931 1713 divinae
957 1659 1045 1730 sipia:
1073 1662 1186 1728 bonnm,
1207 1661 1330 1729 justam,
1354 1678 1488 1730 prauam,
1520 1660 1593 1715 idem
1619 1658 1722 1713 haeres.
1751 1661 1791 1713 22.

92 1744 174 1800 Rom.
193 1752 222 1809 2,
245 1764 272 1803 v.
292 1751 316 1801 4.
353 1744 398 1800 Sic
426 1753 447 1802 1.
466 1744 529 1802 Joh.
550 1753 572 1810 1,
590 1764 617 1801 v.
636 1752 666 1801 5:
689 1747 752 1800 Ima
772 1751 822 1812 est,
851 1751 876 1796 et
893 1751 930 1796 te·
956 1750 983 1802 3.
1003 1747 1182 1814 Manichaei,
1210 1746 1258 1816 qui
1280 1747 1337 1798 dito
1359 1746 1506 1814 principia
1529 1745 1600 1800 inter
1628 1762 1657 1799 se
1683 1743 1792 1798 diversa

91 1833 196 1887 nebrae
219 1851 275 1886 non
300 1842 364 1886 mant
390 1833 420 1886 in
447 1849 479 1886 eo
500 1832 571 1886 ntia
614 1837 638 1886 t.
663 1832 796 1902 effective,
819 1829 931 1901 quaudo
956 1838 1041 1903 atque
1061 1833 1178 1887 adversa
1202 1833 1353 1902 eademque
1377 1837 1491 1886 aeterna
1518 1837 1545 1887 et
1567 1837 1712 1886 coaeterua
1737 1837 1792 1885 ste·

93 1917 189 1972 omnia
221 1917 277 1972 Dei
306 1935 390 1988 opera
417 1935 477 1974 esse
507 1918 581 1973 boue
607 1917 767 1988 praedicat,
804 1915 874 1971 Gen.
909 1921 930 1978 1,
955 1925 1076 1985 metunt,
1094 1921 1221 1987 duasque
1239 1927 1358 1971 naturas
1375 1927 1458 1988 atque
1475 1918 1644 1971 substantias
1664 1918 1789 1970 bonisci-

92 2022 117 2058 r.
144 2009 186 2060 et.
211 2011 264 2060 etc.
301 2002 375 2061 Vide
398 2005 450 2060 loc.
475 2002 504 2080 5
532 2011 588 2062 131.
614 2010 643 2060 11
667 2021 743 2075 seqq.
782 2006 809 2056 2.
834 2002 930 2056 Ratio.
956 2006 1021 2058 iicet
1044 2013 1070 2058 et
1092 2004 1176 2074 maii,
1202 2021 1351 2076 earumque
1374 2005 1446 2059 inter
1471 2022 1501 2060 se
1523 2020 1646 2076 pugnam
1671 2010 1790 2058 111111-

94 2097 117 2144 1.
142 2109 161 2143 a
184 2108 292 2145 summa
317 2093 445 2160 antiteta·
480 2095 506 2146 2.
531 2110 550 2144 1
571 2099 765 2146 mammarum
793 2090 932 2153 bonitata-
955 2089 1114 2145 mixtionem
1131 2091 1351 2146 introduxerunt.
1386 2089 1465 2145 Idem
1480 2090 1585 2146 haeres.
1605 2096 1647 2146 16.
1680 2090 1790 2144 1011-

91 2181 119 2231 3.
143 2195 163 2230 a
175 2178 359 2246 patratione.
396 2176 525 2246 Bonitas,
546 2193 563 2232 a
582 2194 638 2249 qua
654 2175 872 2247 unumquodque
890 2174 930 2227 di·
956 2177 1071 2245 viniani,
1089 2194 1140 2247 per
1151 2177 1242 2231 varim
1259 2176 1440 2248 hypotheses:
1463 2182 1484 2231 1.
1500 2177 1535 2233 de
1553 2178 1680 2232 absoluto
1698 2195 1789 2248 repro

93 2263 169 2318 citur
183 2263 293 2327 hunum,
311 2263 381 2342 nihil
402 2262 478 2318 aliud
497 2269 547 2332 est,
564 2279 647 2333 quam
666 2263 802 2332 cujusque
820 2260 931 2330 rciper·
956 2263 1075 2318 bationis
1098 2263 1209 2318 decreto
1233 2263 1340 2334 absque
1365 2261 1421 2317 ullo
1446 2262 1481 2317 ad
1505 2262 1726 2319 incredulitatem
1750 2263 1790 2318 in·

91 2349 178 2406 lectio
201 2348 299 2405 'l'hom
322 2367 350 2420 p.
369 2356 390 2406 1.
415 2355 484 2421 q-t.
506 2355 608 2417 11131
632 2353 741 2402 tentmn
760 2364 827 2418 crgo
846 2363 930 2419 quae·
956 2349 1043 2417 tuitu3
1063 2355 1095 2410 ,2.
1115 2350 1150 2403 de
1174 2348 1301 2404 absoluto
1328 2348 1470 2403 electionis
1497 2350 1621 2418 decreto,
1648 2368 1698 2420 per
1715 2350 1789 2421 quod

91 2452 209 2507 queres
226 2435 312 2492 habet
330 2434 471 2504 bonitatis,
490 2441 624 2506 quantum
645 2432 832 2505 perfectionis.
857 2431 930 2489 Vide
956 2435 1030 2491 bona
1054 2441 1083 2491 ct
1107 2435 1243 2491 beneficia
1266 2435 1319 2489 Dei
1343 2436 1460 2491 salutem
1483 2435 1624 2490 hominum
1648 2437 1718 2491 sorio
1745 2453 1789 2490 ex·
1802 2453 1842 2492 111.
1860 2449 1903 2492 tet.

89 2523 146 2579 loc.
171 2518 289 2596 5140.
327 2515 350 2578 i.
375 2521 524 2577 Accedunt
543 2529 660 2590 patrum
683 2521 769 2574 dieta
812 2518 927 2593 Dionys.
955 2522 1074 2593 petentis
1094 2523 1222 2578 voluntas
1247 2522 1283 2576 ad
1304 2537 1409 2593 paucos
1427 2521 1616 2593 restringitur3
1644 2528 1667 2576 3.
1688 2522 1723 2575 de
1740 2522 1788 2577 ab·

90 2609 130 2664 de
148 2607 205 2665 dir.
222 2608 323 2664 nomin.
343 2627 365 2663 1.
384 2614 413 2664 4:
440 2610 518 2661 Dens
536 2608 657 2662 omnium
678 2609 791 2676 bonam,
809 2606 930 2659 1111111
954 2609 1044 2665 soluto
1068 2611 1163 2681 lapsus
1186 2609 1315 2664 Adamici
1341 2609 1468 2678 decreto,
1500 2615 1524 2664 t.
1549 2608 1585 2663 de
1610 2607 1738 2662 absoluta
1762 2615 1790 2662 et

90 2712 149 2766 quo
173 2696 266 2750 omnia
289 2696 448 2749 1111111111.
487 2692 618 2749 Nazianz.
642 2697 710 2748 oret
729 2699 752 2747 2.
771 2692 805 2747 de
823 2690 881 2747 filio
900 2689 930 2744 τὸ
954 2696 1032 2752 fatali
1050 2696 1172 2751 omnium
1192 2713 1285 2751 rerum
1302 2696 1486 2750 electionum
1505 2694 1684 2763 necessitate3
1711 2701 1735 2748 5.
1755 2693 1790 2748 de

90 2781 185 2853 ἄκρως
211 2781 322 2852 ἀγαθὸν
346 2781 435 2855 μόνου
460 2781 509 2836 mi
526 2785 602 2834 θεοῦ.
639 2779 759 2851 August.
778 2780 814 2835 dc
829 2787 930 2835 natura
955 2801 1041 2838 causa
1064 2784 1174 2855 peccati
1197 2783 1234 2838 ad
1256 2783 1348 2839 Deum
1372 2783 1468 2838 relata.
1506 2781 1579 2837 Vide
1601 2779 1683 2851 Disp.
1706 2787 1730 2836 5.
1756 2780 1791 2837 de

90 2867 160 2925 boni
181 2886 207 2925 c.
225 2875 252 2925 i:
276 2869 361 2924 Solus
385 2870 465 2921 Deae
489 2875 529 2921 esi
553 2855 765 2936 rpea'bonitas,
791 2865 869 2920 eolus
890 2874 930 2918 est
954 2869 1043 2942 gloria
1065 2869 1119 2925 Dei
1148 2866 1175 2944 5
1198 2875 1238 2925 20,
1262 2886 1351 2941 usque
1373 2869 1408 2922 ad
1435 2874 1475 2924 29.
1522 2873 1547 2922 5,
1572 2866 1719 2936 Pontifieii
1740 2883 1791 2939 per

91 2956 304 3010 irnmmaiiiiter
327 2956 427 3019 bonas,
450 2954 528 3008 eolus
551 2961 592 3007 est
618 2953 706 3007 omnis
731 2952 797 3005 boni
822 2954 929 3020 bonnm,
954 2973 1032 3011 snam
1062 2954 1243 3027 hypothesin,
1280 2956 1354 3026 quod
1393 2954 1618 3025 coucupiscentia
1645 2972 1733 3025 prava
1761 2954 1791 3007 in

90 3042 171 3098 anns
191 3050 234 3099 est
258 3042 390 3097 bonitatis
414 3058 500 3095 carna
522 3040 648 3094 omnibns
673 3056 745 3110 piae
763 3046 827 3093 111111
848 3041 927 3093 iona.
955 3043 1044 3114 primo
1069 3041 1180 3097 homine
1203 3059 1237 3096 11
1260 3041 1393 3096 materiae
1413 3041 1569 3096 conditione
1588 3047 1678 3096 ortum
1697 3041 1789 3095 ducet.
1830 3078 1835 3100 t

92 3128 159 3186 Lib.
174 3135 198 3186 8.
215 3127 251 3183 de
269 3127 368 3183 Trinit
390 3145 413 3183 c.
424 3132 447 3183 3.
464 3124 683 3182 commemoratis
695 3124 779 3179 variis
796 3123 930 3180 bonitatis
957 3128 1045 3194 Quod
1057 3129 1130 3186 enirn
1149 3146 1182 3184 ex
1203 3128 1336 3183 materias
1354 3127 1511 3183 conditione
1530 3129 1623 3196 oritur,
1643 3127 1712 3183 illud
1729 3126 1791 3183 Deo

92 3214 242 3287 speciebus
258 3215 288 3269 in
306 3213 438 3270 creaturis
456 3212 615 3285 subjungit:
637 3212 719 3266 Tolle
736 3212 788 3265 hoc
804 3218 829 3264 et
845 3212 929 3279 illud,
955 3220 1072 3271 naturae
1089 3214 1196 3271 auctori
1214 3221 1289 3269 recte
1307 3213 1445 3269 tribuitur.
1475 3212 1504 3268 Si
1518 3231 1584 3285 ergo
1595 3213 1790 3283 coucupiscen-

92 3311 120 3356 ct
143 3302 208 3355 ride
230 3302 321 3370 ipsum
345 3302 451 3368 bonnm,
475 3301 502 3354 si
522 3307 616 3370 potes,
643 3300 684 3353 ito
702 3301 795 3352 Deam
816 3298 930 3357 uidebis
955 3302 996 3356 tia
1018 3318 1105 3373 prava
1126 3300 1213 3355 oritur
1236 3299 1265 3353 in
1287 3300 1398 3377 homine
1423 3318 1456 3356 ex
1474 3299 1606 3355 materiae
1624 3299 1789 3367 conditione,

90 3405 152 3442 non
173 3388 233 3442 aiio
256 3389 326 3449 bano
348 3387 460 3448 bonnm,
487 3387 539 3441 sed
561 3387 661 3439 bonnm
684 3385 773 3439 omnis
795 3385 861 3439 beni
877 3389 928 3440 etc.
955 3386 1051 3457 utique
1077 3385 1130 3441 erit
1155 3404 1172 3440 a
1195 3383 1256 3441 Deo
1280 3386 1417 3442 humanae
1443 3392 1559 3440 naturae
1584 3393 1711 3454 auctore,
1743 3384 1790 3456 qui

90 3473 185 3530 Nulla
207 3482 296 3528 essent
319 3471 526 3530 commutabilia
550 3472 637 3536 bona,
661 3471 720 3525 nisi
741 3479 809 3526 11111
826 3471 928 3525 incom-
956 3472 1021 3527 mali
1053 3471 1173 3544 alicujus
1203 3478 1298 3527 auctor
1325 3471 1378 3527 hac
1410 3472 1516 3527 ratione
1543 3471 1681 3527 statuitur.
1719 3470 1791 3527 Vide

90 3561 229 3616 mmcbile
256 3562 364 3615 bonum.
400 3559 468 3614 Cam
494 3560 587 3628 itaque
611 3559 697 3613 andis
717 3559 816 3612 honum
835 3557 930 3611 iacet
956 3561 1025 3631 disp.
1050 3564 1072 3615 2.
1096 3558 1131 3614 de
1153 3558 1243 3631 gloria
1266 3558 1320 3614 Dei
1345 3559 1384 3614 th
1408 3566 1428 3615 1.
1449 3567 1476 3615 11
1502 3565 1524 3614 2.
1562 3562 1588 3614 6.
1616 3559 1791 3627 Pinariam,

92 3648 195 3703 bonum
225 3648 313 3715 ntea,
346 3664 417 3717 qnae
445 3655 563 3717 possunt
589 3646 664 3700 alias
686 3645 745 3698 dici
768 3644 851 3698 etiam
872 3661 929 3696 non
955 3647 1066 3720 quando
1091 3646 1183 3701 Deum
1209 3645 1318 3717 peccati
1345 3662 1456 3701 causam
1483 3652 1621 3718 statuunt,
1656 3646 1790 3719 quioquid
1819 3658 1823 3665 '

93 3735 176 3801 beno,
193 3735 221 3788 si
232 3735 359 3804 potamii
376 3734 437 3787 sine
455 3734 523 3802 iliis,
543 3749 614 3802 qnae
628 3732 850 3802 participatione
863 3730 931 3784 boni
955 3735 1066 3798 tandem
1090 3739 1259 3805 praetexant.
1292 3733 1403 3789 Catech.
1430 3732 1532 3789 Recov.
1558 3752 1585 3806 p.
1609 3740 1672 3791 306:
1697 3736 1788 3789 Deam

95 3821 169 3874 bona
187 3828 261 3887 11111,
281 3820 443 3889 perspicere
460 3820 551 3890 ipsum
572 3820 684 3887 bonnm,
709 3815 790 3887 enjus
809 3817 929 3886 partici-
955 3823 1047 3892 ipsam
1062 3820 1171 3888 fnisse,
1199 3820 1295 3889 quiin
1316 3821 1448 3888 pessimis
1467 3821 1622 3873 actionibus
1640 3820 1792 3874 Pharaone

89 3907 210 3977 potione
232 3908 305 3961 bona
327 3915 405 3977 sunt,
429 3906 514 3960 simiai
537 3906 608 3960 enim
628 3913 654 3958 et
675 3905 766 3974 ipsam
786 3903 929 3972 intellipis,
956 3916 981 3961 et
993 3908 1075 3960 thdo
1091 3907 1143 3961 imo
1160 3907 1223 3975 ipso
1242 3908 1353 3975 quidem
1366 3909 1426 3974 fine
1439 3907 1481 3960 nti
1491 3908 1617 3961 astiterit.
1643 3907 1790 3963 Schmaltz.

94 4010 159 4047 eum
183 3994 336 4048 cadistoa
356 4000 406 4047 aut
425 3993 501 4047 iliad
519 3993 626 4046 bonnm.
664 3990 699 4045 Si
709 4003 785 4058 ‘erpo
804 3989 931 4059 potueris
955 3999 1051 4048 contra
1069 3991 1105 4046 D.
1123 3993 1233 4047 Frantz.
1252 4010 1280 4062 p.
1297 3998 1360 4048 1261
1379 3994 1470 4047 Deum
1484 4010 1540 4061 per
1558 3993 1702 4047 diabolum
1720 4012 1790 4048 eom-

94 4079 159 4133 tiiie
175 4079 311 4133 1111111111
326 4097 382 4149 per
400 4096 430 4134 se
446 4080 537 4149 ipsam
555 4077 717 4147 perspicere
734 4077 845 4143 honum,
867 4092 929 4144 per·
952 4080 1060 4148 pellere
1083 4079 1206 4132 homines
1230 4080 1271 4132 aa
1286 4079 1391 4132 serim
1405 4081 1609 4148 perpetranda.
1645 4079 1718 4136 Vide
1736 4097 1792 4134 om·

94 4165 221 4237 paea
244 4168 345 4221 Dein.
370 4165 400 4220 in
423 4182 519 4220 comm.
544 4163 644 4218 Psalm.
670 4167 730 4218 134:
754 4163 854 4215 Bonas
870 4164 931 4216 Do·
956 4165 1021 4221 nino
1038 4164 1129 4219 locum
1149 4172 1220 4235 etp.
1240 4170 1297 4220 teo.

92 4253 264 4323 1111111111
281 4253 367 4307 bones
384 4270 439 4306 non
457 4259 487 4304 ut
504 4259 568 4304 sant
586 4251 666 4316 hono,
686 4265 757 4317 quae
775 4249 853 4317 feeit,
872 4267 929 4303 coe·
991 4258 1050 4308 210.
1075 4252 1128 4318 Qu.
1148 4258 1170 4307 1.
1190 4252 1238 4305 An
1255 4252 1332 4304 solim
1351 4254 1431 4305 Dens
1443 4269 1499 4320 per
1519 4253 1665 4306 essentiam
1685 4254 1794 4310 bonas?
1808 4253 1928 4305 Qflfflsso·

94 4339 156 4394 lnm
174 4347 201 4393 et
217 4347 322 4394 utram
341 4338 484 4407 mannia,
503 4354 574 4406 qnae
586 4338 616 4390 in
627 4337 667 4390 'em
678 4344 750 4400 snat,
770 4337 841 4389 hona
853 4337 931 4402 feeit,
956 4338 1043 4392 Aliud
1063 4343 1106 4393 111
1124 4337 1164 4392 111
1184 4337 1331 4392 essentiam
1352 4355 1411 4393 esse
1428 4339 1537 4407 bonam,
1556 4338 1632 4393 ahud
1651 4356 1716 4394 vero
1735 4359 1792 4398 rem
1806 4316 1851 4398 bii
1862 4307 1932 4398 iin-

95 4428 158 4497 ipse
171 4428 291 4496 proprie
309 4426 416 4486 bonnm,
434 4443 453 4478 a
470 4441 524 4494 pao
537 4432 724 4478 mnteaetera
737 4423 817 4491 bona,
836 4423 930 4477 omnia
956 4442 1007 4496 per
1035 4441 1114 4479 suam
1143 4423 1288 4479 essentiam
1320 4441 1378 4479 esse
1410 4425 1519 4479 bonam.
1568 4424 1725 4495 Cujuslibet
1753 4428 1792 4482 rei
1806 4412 1861 4449 Μ’·
1901 4414 1904 4420 ’

94 4513 171 4567 enim
193 4513 255 4581 ipse
276 4513 360 4580 feeit,
384 4512 446 4580 ipm
469 4519 509 4563 est
534 4511 634 4578 bonna,
659 4528 737 4580 quem
756 4527 835 4563 nemo
853 4509 930 4574 feeit.
957 4518 1066 4567 creatae
1095 4510 1216 4566 essentia
1243 4516 1285 4565 est
1312 4510 1400 4579 bona,
1433 4512 1508 4565 unde
1535 4511 1570 4566 de
1595 4511 1656 4583 ipso
1681 4513 1791 4584 diabolo

94 4600 154 4653 lue
180 4599 250 4651 bono
273 4615 324 4652 sno
348 4599 434 4650 bonta
457 4604 513 4660 est,
537 4615 592 4649 non
617 4597 733 4650 aliunde
754 4595 930 4666 participato
957 4599 1045 4654 omnis
1070 4597 1135 4651 mali
1161 4603 1274 4651 auctore
1299 4596 1473 4667 Augustinus
1500 4590 1568 4651 dicit
1594 4599 1738 4662 diaboliss,
1761 4600 1788 4651 in

93 4687 183 4748 bono,
202 4685 263 4754 ipse
277 4702 333 4738 non
349 4684 437 4752 spuit,
455 4701 475 4737 c
493 4701 547 4752 quo
562 4684 645 4750 fieret
665 4684 763 4751 bonus,
783 4684 835 4737 sed
852 4699 930 4752 spue-
957 4694 1090 4756 qnantum
1115 4692 1166 4750 cst,
1194 4685 1281 4756 bonus
1305 4691 1357 4751 est,
1382 4684 1471 4736 omnis
1489 4692 1592 4736 natare
1610 4686 1638 4736 in
1658 4693 1788 4755 quantam

92 4780 162 4826 neat
178 4770 373 4838 1111111111,
398 4777 428 4822 at
445 4770 547 4838 fierent
573 4771 654 4823 hona.
689 4767 817 4823 Damaso.
836 4767 884 4822 lib.
907 4773 930 4822 1.
958 4780 1005 4838 eat,
1022 4773 1093 4824 borsa
1107 4779 1153 4833 est,
1174 4770 1209 4824 de
1227 4777 1282 4824 nat.
1302 4770 1416 4824 honac.
1437 4768 1531 4838 13sed
1550 4769 1684 4824 uallares
1697 4778 1790 4826 creata

93 4858 167 4915 orth.
188 4856 236 4912 lid.
261 4874 285 4911 c.
312 4862 339 4912 i:
371 4854 477 4924 ἀγαθὸς
501 4853 540 4909 ὢν
564 4855 580 4910 ὁ
605 4855 670 4916 θεὸς
692 4855 796 4916 nosris
820 4853 931 4925 ripaeos)
957 4874 1008 4928 per
1026 4874 1102 4910 suam
1124 4855 1278 4923 essentiam,
1298 4855 1324 4908 h.
1340 4873 1363 4910 c.
1382 4872 1431 4926 per
1449 4873 1478 4910 se
1495 4853 1583 4926 ipsam
1602 4861 1631 4909 et
1648 4872 1666 4909 a
1683 4856 1791 4927 seipsa,

95 4942 258 5013 παρεπικός
274 4943 362 5012 ἔστιν,
387 4942 420 4996 οὐ
435 4938 537 5013 φθόνῳ
557 4940 798 4997 attiniacum
818 4940 930 4995 sinnari-
957 4950 999 4999 est
1018 4942 1098 4998 bona.
1135 4942 1164 4998 Si
1189 4941 1261 4996 euim
1286 4957 1337 5012 per
1359 4959 1437 4996 suem
1456 4942 1603 4998 essentiam
1622 4949 1694 4999 esset
1711 4942 1792 5010 bone,

92 5048 191 5104 μενος·
211 5030 324 5104 μακρὰν
341 5028 395 5100 γὰρ
413 5030 459 5094 τῆς
477 5035 555 5088 θείας
573 5027 684 5101 φύσεως
700 5030 746 5098 τῆς
759 5047 791 5098 γε
803 5026 933 5089 ἀπαθοῦς
957 5039 1023 5087 tunc
1050 5035 1123 5084 esset
1144 5028 1218 5083 bona
1240 5027 1434 5097 essentialiter,
1461 5029 1484 5083 si
1509 5028 1692 5085 essentialiter
1720 5037 1792 5085 esset

93 5121 144 5174 nat
168 5112 256 5191 μόνης
278 5115 384 5187 ἀγαθῆς
400 5113 516 5187 φθόνος.
545 5115 593 5170 lib.
620 5117 684 5187 περὶ
710 5116 760 5169 τοῦ
786 5121 931 5187 menapios
957 5119 1043 5178 hona,
1070 5115 1095 5168 vi
1122 5133 1189 5170 suae
1210 5122 1325 5169 neutrae
1352 5121 1380 5168 et
1401 5114 1536 5170 essentiae
1561 5122 1634 5171 esset
1651 5116 1725 5171 bona
1741 5133 1792 5172 nec

94 5202 144 5258 fol.
170 5209 228 5260 510.
264 5202 355 5258 Deum
378 5207 461 5257 vocat
489 5199 538 5255 τὸν
561 5199 695 5270 ἀορίστως
718 5205 764 5255 ant
790 5199 931 5272 ἀπειράκις
957 5202 1069 5257 aliunde
1093 5200 1287 5270 participatam
1307 5198 1423 5254 haberet
1445 5199 1596 5257 bonitatem
1624 5218 1675 5256 nec
1699 5207 1793 5272 posset

92 5291 183 5361 ἅγιον
200 5293 245 5343 rai
265 5286 425 5362 ὑπεράγων.
444 5288 600 5343 Priscorum
613 5286 838 5358 philosophorum
847 5287 932 5355 dicta,
957 5287 1053 5360 perfici
1072 5293 1121 5358 p'er
1140 5285 1308 5353 accidentia,
1328 5301 1443 5356 quorum
1462 5285 1530 5341 nihil
1551 5289 1585 5342 de
1603 5295 1732 5343 creatura
1749 5305 1794 5346 ae·

92 5376 200 5446 1111111111
218 5374 371 5432 bonitatem
391 5373 445 5428 Dei
465 5374 608 5443 extollunt,
627 5373 691 5429 vide
706 5372 734 5427 in
753 5373 804 5430 loc.
824 5370 930 5448 5141.
957 5373 1146 5440 cidentaliter,
1172 5368 1355 5439 mutabiliter,
1372 5369 1533 5442 imperfecte
1550 5379 1578 5427 et
1596 5374 1789 5446 participative

91 5463 172 5521 Just.
199 5462 233 5518 de
257 5461 398 5519 monarch.
423 5460 478 5516 Dei
503 5479 532 5533 p.
556 5465 598 5518 82.
625 5477 657 5515 er
680 5459 790 5530 Orpheo
816 5459 933 5515 adducit
957 5459 1033 5516 hona
1053 5457 1109 5513 dici
1125 5460 1230 5527 potest,
1254 5455 1329 5512 unde
1347 5449 1422 5513 recte
1441 5457 1611 5514 concludunt
1628 5459 1791 5519 Scholastici

90 5549 223 5608 dictu:
239 5536 320 5611 οὗτος
342 5548 371 5601 δ’
391 5545 420 5610 ἐξ
436 5545 559 5618 ἀγαθοῖο
577 5547 663 5600 κακὸν
680 5552 805 5618 θνητοῖσι
824 5546 934 5614 didam,
957 5547 1048 5602 salam
1070 5546 1162 5599 Denta
1179 5559 1235 5624 per
1256 5542 1405 5609 1111111111
1426 5559 1484 5598 osse
1502 5544 1609 5600 ionum.
1649 5547 1798 5605 Haokerus

1407 5650 1465 5705 22*
