3984 6022
653 281 705 337 DE
727 279 900 338 PERSONA
916 277 967 335 ΕΤ
983 277 1137 336 ormcro
1154 279 1315 337 CHRISTI.
1778 289 1836 346 541

140 434 204 491 σοι,
223 434 327 491 nere,
347 419 431 491 οἶοι.
452 441 480 490 οι
497 451 531 490 01
549 432 729 491 romanor.
749 434 823 492 niu.
837 441 867 490 a:
882 433 974 507 οπερ
1005 429 1195 492 aurorae..
1242 431 1318 503 urge
1347 448 1403 486 non
1433 435 1525 502 potest
1554 429 1596 484 uu
1622 431 1716 502 passio
1746 416 1855 488 mou!

138 513 174 585 ἦν
202 517 367 593 ἅνθρωπος,
392 524 438 575 ἵνα
459 522 611 595 πειρασθῇ,
630 512 708 575 ὀὕτω
727 524 773 574 καὶ
794 519 902 590 Λόγος,
929 523 975 575 ἵνα
1002 519 1099 574 Deitas
1118 524 1160 574 est
1179 518 1230 573 toti
1248 517 1367 573 trinitati
1385 516 1444 573 sive
1464 515 1592 571 omnibus
1610 517 1700 572 tribus
1716 518 1840 589 personis

139 606 265 680 δοξασθῇ
276 606 456 676 ἡσυχάζοντος
466 607 521 679 μὲν
531 607 581 660 τοῦ
592 607 692 678 Λόγου
706 609 737 661 έν
749 609 785 676 ιη]
797 605 976 678 πειράζεσθαι
1003 605 1115 659 deitatis
1137 603 1309 672 eommunis,
1332 603 1407 675 quod
1433 601 1457 657 si
1478 619 1545 674 ergo
1563 602 1651 657 deitas
1673 603 1702 657 in
1720 621 1780 673 sese
1800 603 1840 657 di-

140 695 188 745 sat
214 697 401 766 στουροῦσθαι
423 697 468 746 αα)
494 688 696 761 ἀποθιήσκειν,
723 709 795 765 quae
817 692 903 747 verba
927 691 975 745 ad-
1002 697 1112 745 caretur
1137 707 1234 761 passa,
1258 693 1319 744 tota
1337 688 1447 760 trinitas
1465 704 1548 758 passa
1565 695 1638 744 esset
1655 705 1687 743 ao
1706 688 1839 743 SabellIa-

141 777 244 832 duoens
261 776 408 848 Philippus
428 778 595 834 Melanohth.
615 779 644 833 in
661 780 712 835 loe.
730 779 892 850 subjungit:
917 778 975 831 Hie
1003 795 1100 831 norum
1122 782 1150 831 et
1166 775 1436 846 Patripassianorum
1455 791 1530 829 error
1548 774 1577 827 ln
1599 774 1744 830 ecelesiam
1762 792 1839 830 revo-
1943 781 1946 785 ’

139 863 274 916 Irenaeum
291 882 359 917 uana
379 871 420 917 est
440 864 585 932 aiapulara'
602 865 721 919 σοπσόὶίο
738 865 792 919 leae
810 863 917 933 imipm·
927 866 974 917 de·
1002 868 1118 918 caretur.
1160 862 1330 929 Obvertunt,
1359 877 1389 914 sa
1415 878 1472 913 που
1498 860 1664 930 simpliciter
1687 862 1728 914 as'e
1754 861 1839 929 laurei,

140 950 303 1018 scriptione,
331 950 486 1018 quiescente
511 950 611 1018 Verbo,
635 951 670 1004 ie
686 959 725 1005 aet
742 960 807 1005 tune
825 968 881 1004 που
901 966 974 1004 aare·
1001 951 1093 1002 deitae
1122 956 1162 1001 est
1182 964 1289 1015 passa,
1314 948 1365 1000 aad
1392 947 1485 1000 deitcw
1502 946 1577 999 ruris·
1587 955 1737 1015 paese-aet
1754 963 1840 1000 earne

139 1043 216 1089 reate
246 1052 326 1088 auom
352 1036 510 1104 potentiam
539 1035 569 1087 όπ
598 1037 765 1104 repellenda
786 1037 922 1105 porcione
949 1043 975 1088 et
1001 1036 1045 1089 vel
1063 1036 1093 1088 in
1113 1051 1206 1087 earne.
1225 1032 1365 1102 Respond
1383 1049 1419 1087 ne
1440 1030 1479 1085 sio
1497 1031 1610 1103 quidem
1630 1031 1752 1103 loquitur
1768 1031 1839 1087 Seri·

139 1127 233 1176 morte.
269 1120 389 1191 cyrillus
408 1119 480 1176 libro
500 1127 524 1176 6.
541 1120 629 1178 Dialz
658 1122 767 1174 Divino
784 1129 888 1175 nauem
909 1137 974 1174 coa·
1000 1129 1097 1192 ptura,
1121 1123 1173 1174 sed
1190 1120 1330 1174 Obrutam
1352 1137 1470 1189 parsum
1492 1137 1591 1186 earne,
1617 1120 1708 1172 Deum
1722 1136 1839 1189 passum

75 1212 122 1253 ⁴8⁵·
140 1207 243 1273 quieuit
255 1207 467 1276 adpersionem
479 1207 580 1274 camir,
600 1215 631 1258 ut
644 1208 792 1260 errandum
805 1223 867 1260 eam
880 1206 974 1260 Filiae
1001 1225 1100 1276 σσνπα,
1126 1206 1201 1260 unde
1228 1204 1311 1260 etiam
1337 1205 1378 1275 pii
1404 1209 1511 1260 veteres
1534 1204 1694 1276 scripturae
1722 1205 1835 1277 phrasin

140 1293 220 1346 DEI
234 1293 310 1361 pati,
335 1292 465 1361 ονυαίγίγό
482 1301 507 1345 et
525 1293 716 1360 mor-iporeae.
751 1291 810 1347 Leo
829 1309 908 1347 serm.
933 1297 973 1348 16.
1000 1293 1099 1348 imitati
1117 1290 1333 1362 propositionem
1351 1290 1441 1346 Illam:
1466 1290 1555 1346 deitas
1577 1307 1663 1360 passa
1685 1297 1727 1345 est
1745 1307 1836 1361 earne,

138 1376 173 1431 de
197 1395 286 1448 pass:
312 1379 378 1431 Non
401 1379 506 1446 impiae
522 1378 677 1442 stercutium
696 1395 794 1431 munus
812 1377 926 1431 immitit
944 1377 974 1430 ἐπ
998 1378 1187 1450 repudiarunt.
1223 1375 1413 1431 Damascenus
1436 1375 1484 1430 lib.
1509 1382 1531 1432 9.
1559 1395 1582 1432 o.
1606 1383 1651 1432 18:
1678 1377 1764 1446 φύσιν
1790 1379 1839 1432 τοῦ

136 1480 165 1516 ee
196 1464 351 1530 Dominae,
381 1465 435 1516 aed
462 1464 586 1519 admiar't.
634 1461 825 1517 Damascenus
856 1462 917 1517 libr.
949 1468 973 1519 3.
999 1465 1098 1535 Λόγου
1121 1464 1271 1518 παθοῦσαν
1294 1469 1376 1537 σαρκὶ
1401 1461 1512 1517 aternu
1536 1466 1582 1517 aul
1601 1464 1651 1517 νῦν
1670 1462 1837 1538 ἀκηκόαμεν,

136 1566 159 1602 c.
185 1555 230 1604 17:
256 1549 475 1621 παραχωροῦσης
501 1552 545 1616 τῆς
568 1547 712 1614 θεότητος
737 1551 762 1603 ό.
787 1547 972 1621 ένεργηιεκιῦς,
1002 1550 1124 1620 Χριστόν
1156 1551 1188 1603 <ll
1217 1549 1346 1603 παθόντα
1376 1552 1457 1624 σαρκὶ
1491 1548 1686 1619 ἐδιδάχθημεν.
1730 1566 1754 1604 u.
1788 1554 1835 1606 id:

136 1635 257 1705 effective
275 1642 303 1690 et
315 1634 428 1706 quidem
440 1634 598 1706 dupliciter,
617 1633 706 1704 primo
719 1635 825 1708 ratione
834 1633 973 1688 humanae
1000 1640 1105 1699 1στέον,
1137 1634 1180 1689 ὅτι
1206 1633 1275 1688 θεόν
1299 1636 1353 1709 μὲν
1378 1639 1460 1707 σαρκὶ
1485 1635 1613 1689 παθόντα
1634 1639 1749 1709 ηαμέι,
1774 1636 1837 1691 θεό-

136 1726 253 1776 naturae
270 1722 400 1791 patientis
418 1739 479 1775 eum
499 1723 695 1789 metando,
720 1723 929 1775 corroborando
948 1729 973 1774 et
1001 1742 1064 1789 τητα
1083 1722 1115 1775 el
1131 1726 1211 1794 σαρκὶ
1234 1723 1384 1776 παθοῦσαν
1405 1720 1506 1788 ἢθεόν
1525 1722 1571 1776 dui
1592 1725 1692 1791 σαρκός
1709 1719 1837 1776 παθόντα

137 1810 343 1877 conseruando,
368 1815 399 1863 ut
417 1813 526 1878 praeter
545 1814 672 1863 externas
689 1807 812 1878 eorporis
830 1806 971 1876 passiones
1000 1795 1144 1881 οὐδαμῶς
1172 1811 1199 1863 3.
1223 1826 1255 1861 αα
1274 1809 1414 1879 periculo.
1451 1808 1648 1877 Metuendnm,
1668 1825 1703 1863 ne
1722 1812 1837 1880 propter

136 1892 300 1947 immensum
324 1909 394 1948 onus
412 1900 588 1965 peecatorum
607 1897 762 1949 nostrorum
781 1900 809 1948 et
826 1893 883 1947 irae
903 1891 971 1946 divi-
999 1911 1080 1947 usum
1103 1894 1200 1949 harum
1222 1883 1441 1965 propositionum
1467 1893 1732 1967 Theopasohitarum
1752 1912 1837 1965 error,

137 1995 190 2033 nae
217 1979 271 2033 illis
296 1980 407 2035 debitae
430 1981 565 2036 sustinere
588 1985 689 2051 posset.
723 1979 798 2033 Esai.
823 1984 869 2047 63,
894 1997 919 2032 v.
944 1986 971 2033 5:
999 1978 1047 2050 qui
1066 1979 1220 2035 docueruut
1238 1980 1411 2035 divinitatem
1428 1980 1457 2035 in
1470 1979 1581 2036 Christo
1600 1980 1721 2035 doluisse
1734 1987 1835 2053 etpas-

139 2066 267 2143 Suloaoit
284 2066 354 2120 malti
366 2068 509 2121 όααοόίυαι
527 2085 623 2122 mmm.
659 2065 791 2122 Itonaeos
806 2066 833 2120 d.
851 2065 886 2120 l.:
908 2064 972 2133 ἧσο·
999 2082 1060 2119 sum
1080 2082 1153 2130 esse,
1172 2083 1235 2120 cum
1254 2070 1318 2128 earo
1337 2067 1397 2137 ejus
1416 2065 1549 2138 figeretur
1568 2067 1596 2120 in
1614 2084 1710 2136 eruce,
1736 2065 1836 2122 nostris

133 2151 264 2221 χόζοντος
275 2153 328 2222 μὲν
342 2153 390 2206 τοῦ
398 2152 504 2222 Λόγου,
517 2156 725 2225 συγγενομένου
739 2153 770 2206 di
786 2149 971 2224 τῷόνθρώπηι
1000 2150 1123 2206 ecelesiis
1150 2149 1298 2207 affrieetur.
1344 2151 1519 2223 Augustinus
1548 2153 1584 2207 de
1612 2152 1716 2208 haeres.
1746 2169 1768 2208 c.
1793 2156 1834 2208 7³.

137 2238 176 2291 er·
197 2241 233 2307 τῷ
251 2241 341 2306 “νιαᾷν
373 2242 419 2290 aul
449 2237 600 2309 όπομένειν
630 2241 676 2292 καὶ
701 2237 904 2312 χρησιεύεσθαι
926 2241 970 2290 καὶ
999 2235 1115 2307 NIeeph.
1137 2235 1200 2290 libr.
1228 2243 1267 2293 15.
1302 2253 1325 2291 c.
1352 2242 1392 2293 28.
1420 2243 1471 2292 ete.
1515 2238 1713 2311 (Antesignuni
1743 2244 1837 2294 eorum

136 2322 303 2378 όνέστυσθαι
323 2328 369 2377 καὶ
389 2323 644 2393 ἀντιλαμβάνεσθαι,
660 2332 812 2395 praeacuta
833 2333 859 2379 et
876 2340 973 2394 coope-
999 2320 1077 2376 fuere
1103 2321 1253 2378 Dioscorus
1276 2321 1369 2393 Epire.
1394 2321 1473 2379 Alex.
1498 2323 1551 2378 sub
1573 2323 1712 2379 Martiano
1737 2331 1764 2378 et
1781 2324 1837 2380 Vu-

139 2418 221 2463 roale
242 2411 330 2465 Verbo
348 2428 409 2463 σιιπυ
428 2411 480 2465 illo
498 2411 615 2481 homine,
635 2419 664 2465 ut
676 2419 775 2481 pereat
791 2412 909 2479 uincere,
927 2429 971 2465 σοι·
999 2406 1151 2463 lentiniano
1170 2407 1258 2479 Impp.
1284 2414 1313 2463 et
1330 2408 1431 2463 Petrus
1448 2406 1618 2478 Gnaphaens
1637 2409 1689 2463 sub
1707 2409 1836 2477 Zenone.)
1904 2408 1907 2415 '

136 2496 255 2564 atinae-e,
272 2496 351 2549 ποόίσ
362 2498 519 2566 proderes,
536 2514 686 2566 reeurpere
703 2505 729 2551 et
747 2499 778 2551 in
796 2498 903 2552 coelam
920 2499 971 2552 ad·
998 2492 1134 2550 Referunt
1169 2493 1312 2551 cedrenus
1350 2500 1377 2550 et
1413 2494 1534 2549 Zonaras
1569 2493 1837 2565 Theopasehitarum

136 2583 275 2638 arrodere.
312 2580 429 2653 Gregor.
459 2583 576 2654 Nyssen.
603 2582 771 2639 Humanitas
796 2584 825 2638 in
845 2582 972 2638 omnibus
999 2597 1118 2637 errorem
1145 2581 1266 2654 eleganti
1290 2588 1444 2638 commento
1463 2581 1550 2637 fuisse
1569 2581 1728 2637 refutatum.
1766 2580 1837 2637 Cum

135 2667 190 2723 fuit
214 2672 381 2736 θεοαένητος.
416 2668 525 2725 Deinde
543 2669 650 2724 ratione
667 2669 755 2740 ipsius
775 2669 913 2740 passionis
931 2669 972 2723 di·
994 2668 1072 2724 'enlm
1090 2667 1299 2723 Alamundurus
1311 2668 1510 2725 Saracenorum
1530 2668 1660 2741 princeps
1678 2667 1837 2740 baptisatus

135 2753 201 2808 vina
224 2771 276 2809 aua
298 2760 327 2809 ot
347 2752 456 2809 infinita
480 2754 582 2810 virtute
605 2754 724 2811 reddens
750 2755 862 2810 easdem
880 2772 972 2811 eoram
999 2759 1085 2824 esset,
1112 2754 1230 2810 Severus
1253 2753 1404 2810 monachus
1423 2754 1499 2808 misit
1518 2754 1588 2809 duos
1607 2754 1764 2826 episcopos,
1789 2754 1837 2826 qui

135 2840 197 2896 Deo
223 2841 359 2911 pretiosas
384 2858 418 2896 ae
442 2858 494 2912 pro
520 2842 606 2897 totius
630 2841 726 2897 mundi
751 2841 873 2911 pereatis
893 2841 972 2896 satis-
999 2857 1062 2895 eum
1085 2839 1149 2896 labe
1166 2839 1345 2912 Eutychiana
1370 2840 1526 2910 inficerent,
1557 2858 1627 2912 quos
1647 2841 1694 2897 ille
1711 2839 1851 2896 refutans

136 2927 266 2983 faetorias
292 2933 344 2984 eto.
379 2926 463 2999 prr.
488 2926 517 2981 in
533 2944 625 2999 expos.
647 2928 750 2999 symba
773 2929 883 2981 Divina
900 2928 974 2982 buu
999 2926 1081 2980 dixit:
1105 2927 1169 2980 Ηοο
1187 2927 1249 2996 ipro
1266 2928 1362 2991 diere
1380 2928 1479 2982 literae
1499 2925 1647 2998 acceptae,
1667 2927 1837 2982 Menoeten

136 3015 196 3066 Dei
219 3015 308 3068 virtue
331 3014 406 3067 velut
428 3012 527 3068 dumus
545 3017 661 3084 quidum
681 3024 743 3069 erat
762 3015 858 3068 lubitu
877 3014 972 3081 όυπηα-
998 3012 1198 3080 erchanpertum
1218 3029 1276 3066 asae
1293 3020 1441 3083 mortemve,
1460 3029 1543 3085 quem
1560 3013 1687 3068 nuntium
1702 3028 1766 3067 oum
1783 3010 1836 3082 Ipsi

136 3116 189 3152 aaa
213 3100 309 3152 carnia
332 3099 469 3169 oetaeum,
494 3107 525 3153 at
549 3118 567 3153 ο
592 3107 720 3170 serpente
739 3100 874 3154 Leos‘ataa
892 3101 973 3154 deoo-
999 3097 1100 3152 falsum
1126 3114 1187 3152 esse
1211 3097 1394 3169 affirmarent,
1418 3116 1482 3155 oum
1505 3100 1535 3153 in
1558 3099 1672 3171 angelos
1690 3114 1762 3152 mors
1779 3112 1835 3155 non
1849 3109 1889 3149 111.
1903 3107 1951 3153 m

135 3193 217 3238 ratur
238 3201 294 3254 per
319 3184 402 3238 illam
423 3186 568 3254 parrionis
596 3204 630 3239 οσ
657 3186 755 3239 aronio
783 3185 972 3256 infirmitatem
998 3183 1095 3253 eadat,
1118 3183 1239 3255 subjecit
1263 3184 1322 3240 ille:
1350 3184 1494 3247 Quomodo
1517 3201 1583 3254 erpo
1607 3203 1656 3239 σου
1681 3184 1836 3252 affirmatis

136 3278 248 3340 caperet
260 3277 285 3323 et
297 3278 442 3341 superarat
453 3272 556 3333 fortem
569 3271 651 3326 illum
663 3279 812 3325 armatum.
841 3271 971 3326 Damaso.
999 3271 1177 3324 divinitatem
1192 3288 1251 3326 erae
1269 3279 1422 3340 mortuum,
1441 3289 1473 3325 eo
1492 3272 1570 3340 ηυοό
1586 3271 1617 3325 in
1634 3287 1719 3325 ouras
1736 3288 1790 3324 arsa
1807 3270 1837 3324 όπ

136 3355 184 3411 lib.
199 3360 221 3410 8.
237 3372 261 3413 o.
276 3361 320 3411 15:
339 3355 484 3431 πασχοόση
504 3360 584 3430 σαρκὶ
605 3359 769 3430 συνημμένη
787 3353 822 3425 ἦν
841 3356 973 3425 ἡθεότης,
1000 3374 1100 3411 nouam
1124 3365 1256 3411 naturam
1278 3358 1439 3423 transsierit,
1468 3376 1530 3412 συσπ
1555 3374 1590 3411 πα
1608 3351 1721 3427 quidem
1743 3354 1838 3426 anpels'

136 3439 247 3510 ἀπαθὴς
273 3442 448 3516 διαμένουσα
472 3446 518 3496 καὶ
544 3444 577 3497 τὰ
604 3442 682 3511 πάθη
700 3443 848 3497 includere
868 3440 902 3498 roi
919 3462 974 3497 σω-
999 3443 1179 3497 moriautur?
1202 3440 1302 3515 Itaque
1322 3443 1416 3500 Severi
1442 3442 1529 3515 legati
1548 3460 1611 3498 eum
1630 3442 1766 3498 dedecore
1783 3441 1837 3496 dis-

136 3527 216 3601 τηρια
241 3533 285 3581 κα1
311 3527 437 3591 ζυοποιό.
481 3529 608 3582 Patienti
632 3530 715 3583 carni
738 3530 889 3599 conjuncto
913 3539 975 3584 arou
1000 3535 1157 3598 cesserunt3
1182 3533 1205 3584 1.
1229 3546 1262 3584 aa
1283 3529 1398 3583 απίοπίσ
1421 3530 1589 3584 conditione.
1631 3529 1688 3584 Per
1708 3527 1838 3583 unionem

137 3616 273 3669 dirivatae
297 3616 482 3685 impaers'bs'la's
505 3634 620 3671 maneae
640 3625 666 3670 et
685 3618 834 3686 poaeionee
851 3617 974 3670 reddens
1002 3633 1057 3671 non
1080 3615 1222 3670 sublatum
1246 3621 1288 3669 est
1310 3615 1458 3672 discrimen
1479 3621 1652 3683 naturarum,
1676 3615 1725 3671 sed
1749 3618 1838 3686 hypo'·

137 3702 284 3756 relatores.
1001 3702 1082 3756 atesis
1105 3701 1203 3772 Λόγου
1229 3699 1306 3755 faeta
1331 3706 1374 3756 eet
1397 3701 1488 3757 earnis
1512 3700 1671 3773 hj'postasis
1694 3701 1730 3755 ad
1753 3716 1838 3756 unam

175 3792 232 3845 198.
268 3786 319 3851 Qu.
340 3791 364 3844 3.
401 3788 448 3840 Aa
471 3788 655 3855 ussepmsdos
677 3787 732 3841 sisa
755 3788 786 3840 in
805 3787 856 3840 loe
874 3803 973 3856 penore
1001 3804 1146 3858 personam
1166 3787 1303 3842 σύνθετον
1322 3787 1557 3854 constituendam,
1574 3793 1667 3860 potest
1684 3787 1770 3860 IgItur
1787 3785 1837 3842 ali-

135 3874 367 3943 proeds'oata‘oues
383 3874 584 3926 abstractione:
605 3874 697 3926 deitee
709 3882 853 3944 estpaaaa,
872 3874 974 3927 die-iai·
1002 3873 1070 3944 quid
1088 3874 1122 3929 de
1138 3880 1198 3929 tota
1216 3891 1335 3945 persona
1351 3876 1506 3946 praedicari
1524 3877 1675 3932 seeundum
1688 3874 1837 3929 humanam

139 3968 183 4012 tue
207 3968 247 4013 ert
268 3961 402 4013 mortua!
435 3958 555 4023 Quidam
574 3977 622 4014 eas
646 3959 774 4030 usurpari
799 3974 881 4029 posse
901 3958 973 4013 arbi-
1001 3965 1128 4015 naturam
1147 3967 1175 4015 et
1190 3966 1284 4016 tamen
1302 3962 1414 4018 minime
1432 3961 1603 4034 consequeus
1624 3968 1679 4030 est,
1702 3960 1776 4016 idem
1789 3958 1836 4014 tri-

138 4051 253 4115 trantur,
270 4047 310 4099 ita
321 4052 414 4115 tamen
428 4052 460 4100 ut
472 4045 601 4114 addatur,
620 4046 713 4099 deltae
725 4063 814 4116 μσσοσ
829 4053 973 4100 retourne.
1000 4045 1142 4102 bueudum
1161 4046 1304 4103 divinitati.
1339 4046 1473 4104 Actiones
1491 4055 1519 4103 et
1538 4046 1681 4119 passiones
1697 4053 1762 4100 sunt
1772 4061 1832 4116 per·

138 4130 327 4203 Wirtenberg.
346 4131 374 4185 in
394 4147 480 4189 exam.
501 4148 525 4186 o.
544 4138 567 4187 6.
594 4147 622 4203 p.
641 4136 704 4187 510:
729 4147 762 4184 aa
781 4150 834 4201 ηυο
854 4139 974 4201 apparet
1000 4149 1091 4196 sonae,
1109 4147 1165 4186 non
1182 4137 1305 4196 naturae,
1325 4140 1399 4188 reete
1417 4133 1503 4204 igitm
1520 4133 1596 4188 dico:
1616 4131 1717 4190 DEUS
1735 4146 1835 4204 passus

138 4217 261 4269 divinam
283 4219 358 4271 Ill'lis'
378 4226 509 4272 naturam
527 4235 626 4272 revera
640 4218 714 4288 pati.
750 4216 810 4272 Iao.
831 4215 919 4271 Andr.
943 4216 973 4271 in
1000 4222 1042 4272 est
1057 4233 1148 4286 earne,
1160 4218 1211 4272 sed
1223 4235 1279 4272 non
1291 4234 1403 4289 possum
1415 4216 1661 4273 dicereedIvinitas
1674 4220 1725 4271 τοῦ
1733 4216 1833 4288 Λόγου

139 4301 211 4372 disp.
229 4305 358 4373 respond.
379 4303 522 4361 Puohenio
536 4304 605 4360 thes.
621 4308 679 4360 148.
693 4309 751 4360 299.
764 4309 823 4359 391.
842 4301 973 4356 Breutius
999 4307 1043 4358 est
1061 4303 1088 4357 in
1107 4319 1191 4358 earne
1209 4319 1305 4374 passa,
1324 4304 1398 4358 unde
1418 4303 1447 4357 iu
1467 4302 1571 4358 Oenoil.
1593 4302 1758 4360 Chalcedon.
1777 4307 1833 4360 aet.

137 4391 236 4441 contra
252 4388 374 4461 Bulling.
402 4388 421 4446 f.
442 4397 482 4446 11.
508 4390 680 4448 aenaeam
701 4389 906 4460 Widerlegmug
924 4388 974 4443 der
1002 4394 1041 4444 15.
1060 4395 1124 4444 tom.
1146 4394 1168 4444 1.
1189 4387 1294 4446 concil.
1314 4406 1341 4460 p.
1360 4394 1418 4445 885.
1441 4395 1515 4444 reete
1528 4387 1685 4443 definitum:
1705 4380 1836 4444 Naturae

138 4470 279 4543 Auflagen
297 4491 324 4545 p.
346 4480 402 4530 191.
421 4477 550 4547 repudiat
567 4476 682 4549 phrasin
699 4475 866 4532 Theodorei
890 4481 918 4532 l:
937 4476 973 4528 Ιπ
1001 4463 1082 4543 duee,
1110 4475 1235 4528 diuinam
1253 4483 1278 4528 et
1293 4476 1457 4543 Ιιαιησποιη,
1483 4476 1513 4528 in
1533 4474 1644 4530 Uiriato
1662 4476 1834 4529 aeremitae

138 4566 272 4630 quartam
297 4560 390 4629 Deua,
413 4579 469 4615 aea
486 4564 550 4631 fuit
575 4564 707 4618 obnoxius
725 4561 865 4632 pastioni.
908 4560 974 4627 Qui·
1000 4559 1174 4632 όσυγχότως,
1212 4559 1365 4632 ἀτρέπτως,
1402 4561 1563 4634 ἀόιαιρέιως
1593 4564 1639 4614 καὶ
1669 4560 1834 4634 ἀχωρίστους,

139 4647 205 4700 dum
223 4644 306 4701 etium
325 4645 364 4700 sic
381 4645 547 4717 loquuntm:
565 4647 694 4702 Uiriatus
713 4650 810 4717 quoad
828 4656 975 4716 utramque
1001 4646 1131 4718 οὐδαμῶς
1155 4650 1201 4713 τῆς
1223 4651 1277 4700 τῶν
1300 4645 1414 4719 φῦσετον
1441 4648 1579 4720 διαφορᾶς
1597 4646 1768 4720 ἀνῃρημένης
1787 4646 1833 4701 ded
1909 4669 1920 4685 ν

138 4740 272 4786 ποιέουσαι
295 4739 336 4785 eat
347 4748 467 4800 poema,
491 4733 555 4786 lieet
575 4733 676 4788 nonin
694 4733 793 4786 divina
810 4741 914 4786 natura
932 4731 975 4785 vel
1002 4734 1050 4802 τὴν
1067 4732 1174 4801 ἕνωσιν,
1191 4736 1345 4802 σωζομένης
1357 4733 1388 4786 δὲ
1404 4734 1514 4808 μᾶλλον
1531 4737 1577 4801 τῆς
1596 4732 1731 4800 ἰδιότητος
1742 4733 1834 4788 ἑκατέ-

139 4820 291 4872 earundem
313 4834 382 4870 eam.
419 4816 474 4872 Sed
497 4823 622 4889 praestat
638 4819 674 4874 ab
692 4819 767 4875 hisce
783 4817 974 4891 propositioni
1001 4839 1051 4893 ρας
1070 4817 1180 4892 φύσεως
1197 4825 1243 4873 καὶ
1263 4824 1299 4881 εἷς
1318 4819 1348 4874 ἓν
1366 4817 1519 4892 πρόσωπον
1536 4822 1583 4874 καὶ
1599 4825 1670 4894 μίαν
1681 4818 1835 4875 ὑπόστασιν

138 4904 192 4959 bna
217 4902 394 4958 abstractivis
419 4902 573 4972 abstinere,
600 4903 674 4975 qnod
699 4904 864 4975 probamus:
895 4909 916 4958 1.
943 4920 975 4957 σοι
1001 4903 1215 4981 συντρεχούσης,Ι
1229 4914 1233 4921 ’
1247 4911 1271 4962 5.
1298 4924 1330 4960 ee
1357 4907 1528 4977 dispartiere
1551 4907 1642 4977 primi
1668 4915 1693 4962 et
1719 4909 1837 4962 aseuada'

141 4989 309 5058 &lapsurae
332 4989 452 5042 attentio.
489 4987 632 5060 Scriptura
658 4989 787 5061 nuspiam
806 4989 889 5057 dieIt,
918 4989 975 5044 dei·
1000 4995 1117 5062 penaria.
1152 4993 1260 5047 Divino
1277 4993 1526 5063 aeturapropriaa
1540 4994 1835 5063 maeplors'fieatioaaa

139 5081 184 5130 tas
204 5083 245 5129 est
263 5091 360 5146 passa,
384 5075 434 5131 sed
451 5074 528 5130 Deus
546 5081 589 5130 est
608 5090 721 5145 passus,
750 5075 838 5129 Filius
860 5074 913 5130 Dei
933 5083 975 5131 est
1000 5079 1083 5132 cami
1099 5081 1288 5146 oommmss'eat,
1305 5079 1358 5132 aed
1376 5086 1468 5132 munet
1486 5079 1554 5148 ipra·
1563 5080 1835 5149 parrionumearaia

139 5161 170 5214 iu
189 5167 302 5216 mortem
320 5159 453 5227 traditus,
477 5165 561 5230 atque
578 5160 657 5214 addit
673 5159 825 5230 particulas
842 5161 975 5217 distineti—
1002 5181 1112 5235 erpere,
1136 5165 1178 5219 sit
1193 5165 1385 5220 Damascenus
1402 5162 1474 5219 libro
1493 5165 1576 5219 tertio
1598 5165 1689 5237 capite
1709 5166 1835 5237 septImo,

139 5261 201 5312 vae,
232 5247 333 5316 quibus
365 5243 498 5313 ostendit,
528 5245 603 5315 quod
632 5246 726 5317 passio
756 5263 811 5300 non
836 5245 975 5302 tribuatur
1001 5250 1072 5305 ratio
1097 5250 1202 5320 pendet
1224 5267 1257 5305 ex
1282 5267 1388 5305 summa
1405 5249 1530 5321 ejusdem
1549 5252 1719 5322 perfectione
1739 5259 1767 5308 et
1786 5253 1836 5308 lm·

139 5330 251 5386 Christo
268 5332 419 5386 seeundum
437 5331 624 5400 divinitatem,
643 5330 693 5387 sed
710 5333 862 5387 seeundum
880 5333 975 5388 hnma-
1002 5335 1196 5392 mutabilitate.
1233 5336 1267 5392 In
1288 5336 1410 5392 seeundo
1431 5336 1517 5409 igitur
1542 5354 1644 5408 genere
1663 5339 1755 5394 dioere
1773 5356 1835 5411 pos·

138 5417 264 5474 uitatem.
288 5425 309 5473 1.
330 5416 404 5473 Patr.
424 5423 457 5483 3,
475 5436 500 5473 v.
522 5422 558 5473 18.
578 5435 602 5471 o.
621 5425 646 5488 4,
664 5436 690 5473 v.
711 5423 732 5473 1.
750 5423 800 5473 ete.
821 5424 844 5473 2.
867 5437 899 5473 αα
917 5420 974 5472 clei·
1001 5437 1070 5490 sum,
1088 5440 1156 5476 earo
1174 5431 1214 5477 eat
1231 5422 1351 5492 vivifiea,
1368 5422 1418 5478 sed
1435 5422 1464 5478 in
1481 5421 1572 5494 primo
1589 5440 1645 5478 non
1661 5441 1774 5496 possum
1795 5424 1836 5480 di-

138 5504 207 5559 tatis
240 5509 351 5558 natura.
402 5503 500 5560 Delius
537 5509 579 5560 est
606 5501 732 5573 ἀπαθὴς,
767 5503 899 5579 ἄτρεπτος
926 5509 971 5559 aul
1000 5521 1076 5574 cere,
1103 5509 1195 5565 deum
1220 5515 1260 5565 eal
1273 5525 1383 5580 paeaaff
1412 5510 1437 5566 ό.
1456 5525 1489 5565 ee
1514 5517 1636 5568 vaurum
1652 5511 1834 5571 auctoritate.
