3984 6022
159 218 270 311 ιιι
329 265 331 269 -
785 227 809 257 ·’
857 224 1161 301 ιοοιιιιιιιισι
1231 229 1414 251 ·’“·

159 401 257 473 poerit,
276 400 399 455 opimam
417 394 495 453 suom
517 399 609 454 odisse
628 416 726 453 nomeu
743 397 905 474 ὀμοουσιοο,
923 397 998 453 unde
1024 397 1128 479 tentiae
1156 400 1350 469 argumentum
1378 379 1615 451 ἅνασιευασιιιαόν
1640 394 1700 466 peti
1725 397 1829 466 potsse
1845 413 1867 451 a

160 505 194 544 eo
215 487 329 543 'nomine
350 485 501 541 Arianismi
525 503 588 540 eum
611 490 751 558 peragunt
774 502 857 540 rcum.
894 484 998 539 Bellar·
1024 466 1129 538 uatum
1147 485 1261 539 diuinae
1280 486 1416 539 esseutiae
1433 485 1591 550 deductum,
1609 499 1643 540 ea
1660 483 1735 538 enim
1754 481 1867 539 cunm

160 576 225 630 min
244 574 358 645 praefat.
381 578 453 626 cont.
474 573 508 626 dc
527 570 684 647 Christo§.
725 571 778 627 Sed
797 571 1000 627 mittamusin
1025 571 1275 643 simplicissimaet
1292 572 1402 642 penitus
1421 571 1547 640 indivisa,
1566 571 1629 628 ideo
1640 569 1732 626 Filius
1748 586 1807 626 non
1827 570 1868 625 ri·

157 661 220 732 J'ud
242 662 277 714 dc
298 658 345 713 lib
366 658 494 714 concord
516 658 606 713 mend.
628 663 651 713 3
684 659 851 714 Possevinns
875 658 893 711 l.
913 664 936 713 3.
965 657 1000 712 de
1028 659 1109 714 detur
1134 659 1189 712 dici
1209 676 1293 729 posse
1311 657 1454 714 character
1470 659 1605 714 essentiae
1628 662 1773 730 paternae.
1817 655 1871 711 Es·

160 747 234 802 notis
252 745 328 799 verbi
347 744 448 815 Deip
468 750 507 800 58
547 745 688 814 Campian.
707 720 758 800 ιιι
778 751 801 802 8
829 744 944 818 Gregor.
965 745 1000 799 da
1027 744 1117 800 sentia
1135 744 1201 798 Filii
1221 762 1276 799 uon
1294 750 1336 800 est
1349 744 1447 800 similis
1458 745 1594 801 essentiae
1602 745 1705 813 Patris,
1721 744 1773 799 sed
1791 760 1871 815 pror-

162 831 300 890 varena·
292 850 321 885 ιιι
338 831 386 886 lib
409 831 443 886 dc
462 831 529 887 unit
547 839 576 887 et
595 832 680 887 trinit.
702 851 725 887 c.
746 840 759 887 'l
771 851 822 903 ,p.
845 837 901 888 146.
921 834 999 902 (quo
1026 848 1072 887 sus
1092 832 1196 899 cadem,
1213 848 1281 934 erge
1300 831 1436 887 essentiae
1452 837 1582 904 respectu
1596 848 1652 886 non
1669 835 1764 902 potest
1779 828 1872 885 Filius

160 936 221 974 rum
239 917 326 973 rerba
343 917 542 972 adduximus
535 936 563 973 ru
585 919 636 973 loc.
661 920 695 973 dc
721 926 769 973 nat
772 936 820 973 ura
837 918 892 973 Dci
915 924 938 984 ξ
958 923 998 973 23
1012 917 1082 1026 ,diei
1094 918 1238 992 χαρακτήρ
1256 917 1315 972 sive
1329 934 1459 989 expressa
1477 919 1596 974 essentia
1614 916 1714 972 Patris.
1738 916 1872 972 Alterum

162 1012 190 1060 et
206 1003 286 1074 Disp.
312 1011 335 1058 4.
361 1003 396 1058 de
422 1004 511 1075 gloria
533 1003 587 1059 Dei
612 1012 664 1068 §.l
671 1008 687 1071 )
727 1005 853 1061 Eandem
878 1004 999 1060 orbitam
1014 1010 1221 1095 argumentum
1239 1003 1474 1059 ἄνασκευαστικόν
1493 1005 1551 1074 peti
1569 1007 1703 1074 potesta
1722 1004 1826 1058 Poma
1845 1011 1872 1056 et

95 1114 97 1119 ¹
161 1090 226 1146 terit
246 1089 399 1145 Calvinista
421 1089 579 1145 Bremensis
606 1090 749 1161 Jchannes
774 1084 980 1163 Lampadius
972 1108 1015 1144 ιιι
1014 1067 1132 1144 hilii‘
1120 1098 1272 1164 opoouuifflq
1299 1092 1402 1163 inquo
1427 1098 1456 1147 et
1479 1095 1559 1165 quus
1583 1097 1711 1162 respectu
1728 1090 1816 1146 Pater
1843 1097 1872 1146 et

161 1194 233 1233 cens
263 1171 394 1248 ubiquit.
401 1194 424 1231 c.
449 1182 471 1231 6.
497 1196 524 1247 p
546 1183 584 1231 35.
611 1177 651 1232 sic
678 1179 816 1233 scribens:
859 1178 920 1231 Noa
945 1195 1000 1230 coc
1028 1177 1116 1231 iilius
1135 1181 1201 1232 sunt
1218 1178 1420 1248 simplicissime
1439 1196 1541 1242 unum,
1569 1178 1599 1232 in
1623 1193 1656 1233 eo
1674 1183 1703 1233 et
1726 1176 1804 1232 illius
1827 1194 1872 1232 re-

163 1271 269 1318 tortum
288 1261 396 1335 ὅμοιον,
415 1266 466 1317 sed
484 1265 567 1317 ctiam
586 1264 747 1338 dpooiuror,
774 1282 932 1334 priusquam
950 1265 1001 1317 hoc
1030 1269 1128 1335 spectu
1145 1264 1234 1318 Filius
1252 1283 1307 1320 nou
1327 1271 1420 1336 potest
1437 1265 1492 1320 dici
1512 1265 1656 1320 character
1673 1263 1785 1329 Patris,
1803 1264 1872 1336 qnia

163 1350 326 1410 vocobulum
347 1350 469 1404 Luthero
490 1351 634 1419 displicet,
655 1370 717 1405 cum
735 1353 791 1406 uit:
815 1352 920 1405 Anima
940 1339 1001 1404 mdz.
1030 1350 1173 1405 character
1191 1350 1391 1422 etimagonon
1409 1356 1500 1422 potest
1519 1350 1574 1406 dici
1591 1351 1699 1406 ratione
1717 1349 1871 1421 suiipsius

163 1439 224 1490 odit
235 1437 345 1489 verbum
358 1436 518 1507 ὁμαούσιον,
534 1437 673 1491 Christum
686 1440 855 1503 confitemur.
877 1438 961 1507 Resp.
979 1442 1000 1490 l.
1030 1435 1118 1507 Atqui
1137 1436 1165 1489 in
1184 1437 1305 1492 essentia
1322 1443 1350 1491 et
1367 1444 1497 1508 respectu
1516 1436 1651 1492 essentiae
1668 1435 1757 1490 Pater
1775 1443 1805 1491 et
1825 1435 1871 1490 Fi-

163 1523 347 1578 Bellarminus
372 1523 419 1577 lib.
439 1531 462 1578 2.
488 1524 522 1578 de
546 1523 655 1579 Christo
677 1543 699 1579 c.
727 1531 749 1579 3.
772 1523 872 1591 refert,
906 1527 1000 1594 patres
1030 1520 1083 1574 lius
1102 1527 1167 1575 sunt
1185 1522 1388 1592 simmicissime
1405 1530 1500 1576 unum.
1527 1522 1609 1594 Ergo.
1636 1525 1663 1576 3.
1681 1523 1716 1575 ab
1734 1522 1868 1576 adsurde.

64 1657 70 1670 .
125 1656 131 1669 .
162 1609 273 1666 concilii
287 1609 455 1665 Antiocheni
472 1627 591 1681 negasse
603 1611 705 1664 Filium
724 1627 784 1666 esse
801 1611 877 1665 Patri
898 1609 998 1683 ipooi·
1031 1605 1060 1661 Si
1073 1606 1162 1661 Filius
1175 1607 1276 1663 dicitrrr
1295 1608 1386 1680 imago
1405 1607 1541 1664 essentim
1552 1607 1654 1678 Patris,
1670 1612 1731 1662 tum
1749 1607 1871 1663 meantia

162 1711 233 1763 σιον,
253 1712 286 1749 ac
305 1695 483 1751 nihilominus
503 1713 548 1751 cos
568 1703 644 1751 recte
662 1696 787 1764 sensisse,
808 1714 859 1751 nec
878 1696 999 1751 Arianae
1029 1691 1121 1746 Patris
1136 1694 1188 1749 crit
1199 1694 1339 1765 exemplar
1358 1694 1473 1766 imagini
1493 1693 1671 1765 respondens,
1690 1693 1759 1765 quia
1775 1693 1869 1766 imago

161 1781 305 1837 haereseos
326 1782 424 1837 affines
443 1782 536 1837 fuisse.
574 1789 597 1858 2.
618 1782 732 1836 Luther.
753 1782 781 1837 in
800 1783 847 1838 lib.
868 1783 903 1837 de
921 1800 997 1837 conc.
1028 1794 1084 1832 non
1104 1779 1206 1835 dicitur
1223 1780 1259 1835 ad
1278 1798 1315 1851 se,
1335 1782 1384 1837 sed
1406 1780 1586 1852 distinguitur
1603 1780 1640 1834 ab
1656 1780 1819 1850 exemplari,
1838 1786 1870 1836 ut

161 1873 191 1924 et
215 1868 311 1923 eccles.
336 1872 400 1924 tom.
421 1876 443 1924 7.
470 1868 533 1924 Jen.
563 1869 656 1924 Germ.
680 1869 726 1923 fol.
747 1875 804 1925 243.
830 1886 925 1925 vocem
950 1869 997 1923 hc·
1029 1881 1072 1919 res
1090 1866 1227 1936 producta
1243 1884 1261 1921 a
1278 1867 1457 1938 producente,
1476 1883 1509 1922 ac
1527 1866 1593 1921 Filii
1611 1866 1734 1921 amaritia
1745 1883 1802 1922 non
1815 1865 1868 1922 crit

161 1956 281 2010 ιιιοιιιιοι
299 1956 328 2008 in
349 1955 532 2027 explicatione
556 1955 639 2026 hujus
661 1956 785 2026 my‘sterii
809 1973 865 2010 non
889 1960 997 2010 tantum
1031 1951 1092 2021 ipsa
1114 1952 1206 2008 Patris
1227 1954 1353 2009 essentia.
1388 1952 1429 2008 At
1443 1953 1580 2024 posterius
1605 1952 1776 2023 absurdum,
1800 1953 1915 2026 quum
1924 1960 1953 2004 ta

160 2048 286 2113 usurpat,
306 2041 449 2097 sedetiam
467 2061 517 2112 pro
534 2042 632 2098 cadem
652 2049 763 2098 strenue
775 2048 899 2114 pugnat
926 2048 949 2097 3.
968 2041 996 2096 in
1028 2039 1148 2094 essentia
1166 2038 1257 2095 Patris
1275 2059 1331 2095 nou
1350 2044 1393 2096 est
1411 2039 1480 2094 illud
1499 2040 1649 2111 exemplar,
1665 2038 1713 2094 eni
1731 1993 1868 2116 coirelste

161 2129 267 2186 confut
282 2129 420 2183 rationum
433 2128 544 2183 Latomi
557 2135 659 2187 tom..2
679 2148 753 2201 oper.
765 2129 856 2184 Latin.
874 2129 921 2184 fol.
937 2135 994 2185 ιιι.
1023 2126 1184 2195 respondet
1189 2126 1280 2180 Filii'
1273 2142 1380 2199 imago,
1406 2127 1454 2182 sed
1473 2133 1515 2182 est
1537 2126 1630 2197 potius
1652 2125 1767 2181 tertium
1791 2109 1862 2182 illud

160 2232 217 2272 non
243 2216 369 2269 absolute
396 2224 422 2269 et
444 2218 610 2285 categoriae,
634 2216 683 2270 sed
703 2218 855 2269 recaredum
878 2218 949 2286 quid
970 2226 997 2271 ct
1023 2226 1080 2264 fllve
1097 2211 1325 2282 fundamentum,
1348 2213 1377 2266 in
1398 2229 1454 2284 quc
1474 2212 1660 2283 exemplaret
1681 2212 1778 2284 imago
1797 2229 1862 2269 con·

160 2310 235 2357 certo
254 2309 380 2373 respectu
392 2301 459 2356 dicit
448 2307 474 2354 t:
496 2305 615 2372 quodsi
631 2305 727 2356 aeirus
746 2322 806 2356 mea
824 2304 885 2357 odit
897 2322 995 2357 nomeu
1022 2297 1153 2355 veniunt.
1174 2287 1416 2354 Κισασκεοαστικᾶ
1435 2304 1599 2371 argumenta
1615 2298 1685 2352 haec
1703 2305 1787 2354 sunt:
1804 2305 1830 2354 1.
1842 2318 1861 2354 σ

159 2389 337 2452 tonsoratum·
369 2394 392 2443 4.
413 2387 516 2442 diserte
533 2387 637 2443 ibidem
657 2388 736 2443 addit
757 2407 813 2443 non
839 2389 873 2444 dc
897 2406 937 2459 re,
965 2408 995 2444 sc
1020 2385 1141 2453 propria
1161 2385 1245 2455 hujus
1262 2388 1337 2441 vods
1355 2386 1560 2454 aedificatione
1579 2384 1733 2445 ΰπόστασιι
1749 2384 1860 2457 propria
1946 2412 1949 2417 ’

116 2542 121 2550 .
160 2475 224 2529 de
216 2493 276 2574 ipso
295 2473 429 2530 vocabulo
449 2491 510 2528 aesc
528 2491 619 2546 agore,
640 2477 722 2528 modo
741 2494 800 2529 rem
819 2485 936 2547 t,cacam
954 2478 994 2532 in·
1023 2471 1069 2524 et
1062 2489 1091 2524 ιιι
1103 2473 1198 2528 nativa
1211 2490 1263 2528 sua
1274 2472 1476 2544 significatione
1488 2478 1567 2528 notat
1581 2471 1687 2543 aliquid
1704 2470 1860 2527 subsistens

160 2561 234 2634 quit,
254 2563 284 2615 ιιι
304 2561 422 2615 concilio
435 2578 491 2629 per
511 2560 676 2630 Scripturas
695 2563 854 2631 definitam,
875 2564 993 2618 baereti-
1022 2572 1055 2610 ιθ
1074 2557 1254 2631 distinguitur
1270 2558 1306 2614 ab
1324 2557 1421 2627 οὐσίᾳ,
1438 2574 1509 2629 quae
1526 2562 1654 2612 naturam
1672 2556 1859 2627 pluribusne

113 2640 115 2643 ’
159 2666 208 2702 cue
226 2665 281 2701 ιιοιι
301 2665 363 2711 ero,-
383 2653 406 2701 5.
424 2647 572 2717 Lampadii
592 2647 747 2702 calumniae
764 2649 861 2704 merito
881 2651 994 2722 opponi·
1021 2640 1141 2700 dividuis
1160 2663 1332 2702 communem
1351 2645 1487 2717 designat.
1521 2644 1609 2716 Atqui
1628 2643 1786 2699 verosimile
1802 2661 1859 2698 non

159 2740 206 2789 tnr
225 2734 349 2788 Thomas
366 2733 486 2787 Mortoni
502 2732 589 2803 Angli
607 2735 799 2806 patrocinium,
818 2738 893 2809 quod
910 2737 993 2794 Luth.
1023 2745 1080 2803 est,
1091 2734 1264 2804 apostolum
1283 2731 1356 2786 hanc
1377 2731 1501 2786 nativam
1528 2729 1603 2785 vocis
1628 2729 1859 2801 significatiomm

160 2819 277 2893 praefat.
297 2820 344 2874 lib.
368 2827 389 2876 l.
412 2819 484 2890 apol.
503 2819 610 2875 Cathol.
628 2839 651 2876 c.
671 2829 711 2877 51.
957 2870 958 2874 ,
1024 2821 1194 2876 confundere
1212 2820 1347 2889 voluisseJ
1381 2824 1407 2872 2.
1428 2838 1447 2871 a
1464 2820 1544 2888 scopi
1561 2818 1713 2887 apostolici
1737 2820 1865 2873 emada-

80 2958 88 2976 ,
162 2904 167 2910 ’
197 2912 238 2963 53.
276 2913 299 2962 3.
318 2904 474 2966 ὑπόσιασις.
502 2905 593 2978 HuJus
612 2908 739 2963 vocabuli
758 2909 853 2966 itidem
874 2911 997 2966 notanda
1025 2910 1142 2963 ratione.
1179 2908 1330 2978 Apostolus
1350 2904 1507 2977 emphatica
1523 2902 1709 2975 appellatione
1722 2903 1864 2960 Christum

91 2985 102 3000 ‘
164 3000 186 3050 l.
218 2995 394 3067 ἔιυμοιογια.
435 2991 546 3047 Dicitur
574 2992 725 3054 ὑπόστασις
756 2996 792 3050 ab
824 2995 996 3067 ὑφίστασθαι
1025 3002 1106 3051 vocat
1117 2995 1316 3063 characterem,
1333 2992 1390 3066 he.
1407 3007 1564 3063 expressam
1582 2997 1609 3046 et
1625 2989 1779 3060 perfectam
1796 2991 1863 3046 ima·

131 3070 138 3085 ⁶
161 3083 318 3145 ιιιιιιιιινι,
333 3082 551 3150 firmiterstcrc.
578 3080 676 3153 Neque
690 3099 755 3136 vero
772 3100 841 3152 opus
854 3084 997 3138 estvarias
1025 3081 1126 3152 ginem.
1161 3081 1226 3137 Jam
1252 3096 1317 3135 vero
1345 3078 1436 3150 ipsum
1461 3093 1563 3132 nomen
1590 3075 1722 3147 imaginis
1751 3076 1864 3133 deducit

161 3169 244 3238 hujus
261 3167 390 3222 vocabuli
409 3166 626 3238 significationes
641 3185 788 3236 recensere,
805 3187 869 3224 cum
887 3188 920 3225 ea
937 3173 998 3226 nul·
1025 3186 1075 3225 nos
1093 3167 1130 3223 ad
1148 3166 1344 3240 cogitationem
1363 3165 1397 3219 de
1421 3164 1562 3218 correlatc.
1598 3162 1696 3233 Imago
1717 3163 1792 3218 enim
1808 3181 1863 3221 nun
1888 3162 1897 3177 ⁴

160 3255 217 3309 lam
235 3253 358 3310 habeant
377 3253 570 3325 cognationem
590 3271 652 3308 cum
672 3254 875 3325 significatione
891 3273 941 3324 ea,
969 3259 997 3312 in
1026 3261 1069 3310 est
1087 3253 1130 3308 sui
1150 3252 1237 3324 ipsius
1261 3253 1369 3324 imago,
1397 3250 1445 3306 sed
1468 3250 1590 3305 alterius.
1624 3248 1746 3321 August.
1769 3250 1820 3307 lib.
1839 3257 1874 3319 ι.κ

161 3359 216 3413 qua
232 3342 257 3395 h.
273 3342 290 3393 l.
310 3333 469 3410 usurpatur,
489 3339 542 3394 nisi
555 3342 617 3412 quis
635 3342 690 3395 huc
708 3341 811 3397 referre
822 3343 904 3413 velit,
922 3345 998 3414 quod
1025 3341 1061 3397 de
1086 3341 1172 3395 trinit.
1195 3356 1218 3395 c.
1240 3347 1265 3396 t:
1295 3341 1396 3407 Imcpo
1420 3346 1460 3391 est
1485 3355 1583 3391 nomen
1601 3337 1775 3405 personate,
1803 3355 1863 3393 eura

160 3427 246 3482 Arist.
266 3427 314 3483 lib.
336 3427 369 3481 de
388 3427 482 3480 mund.
502 3428 649 3500 distinguit
669 3429 741 3483 inter
762 3431 997 3504 pertupc‘iprpa-
1024 3431 1117 3497 imapo
1129 3446 1184 3481 ιιοιι
1203 3429 1316 3480 dicatur
1335 3428 1376 3479 ud
1392 3441 1429 3499 se,
1447 3426 1499 3477 seri
1515 3425 1556 3477 ad
1572 3423 1663 3481 aliud
1689 3423 1780 3480 Filius
1799 3440 1864 3497 mgo

159 3513 220 3568 πικά
242 3519 270 3567 et
294 3512 476 3581 ὑποστατικιὲς
504 3518 529 3566 2.
556 3516 644 3582 oripo.
679 3514 712 3568 Iu
736 3515 884 3586 scripturis
912 3519 997 3573 sacris
1026 3515 1127 3570 dicitur
1147 3514 1239 3586 imago
1263 3512 1373 3580 Patris,
1398 3510 1481 3583 quia,
1508 3509 1642 3582 quicquid
1664 3508 1751 3566 Pater
1779 3510 1863 3569 habet

159 3615 261 3653 nomeu
280 3597 456 3658 ὑποσαὶσεως
471 3597 568 3653 haberi
588 3599 703 3655 dubium
728 3601 846 3666 nullum,
870 3620 933 3657 curn
961 3607 996 3658 cic
1023 3602 1179 3672 proprium,
1203 3601 1232 3654 id
1252 3600 1281 3655 in
1296 3597 1369 3653 Filio
1387 3603 1429 3654 est
1445 3612 1621 3669 expressum,
1643 3596 1693 3668 qui
1710 3613 1775 3652 cum
1792 3597 1865 3654 sita

153 3685 361 3752 firmes-fiducia
380 3689 409 3737 et
428 3683 541 3737 immota
560 3685 644 3752 animi
663 3686 831 3742 confidentia
849 3695 998 3759 usurpetur
1024 3689 1108 3743 Patre
1128 3687 1252 3759 genitus,
1275 3686 1339 3742 idco
1362 3685 1504 3740 character
1527 3698 1662 3754 personae
1677 3682 1771 3738 Patris
1796 3683 1864 3740 dici·

160 3776 185 3826 2.
206 3769 269 3825 Cor.
292 3774 315 3832 6,
335 3787 361 3822 r.
382 3775 406 3824 4.
426 3786 449 3822 c.
474 3775 512 3833 ll,
531 3787 555 3824 v.
578 3776 615 3826 la.
651 3771 737 3828 Hebr.
757 3779 782 3843 3,
800 3793 825 3827 v.
849 3780 887 3829 lt.
912 3792 935 3828 c.
958 3782 996 3839 ll,
1023 3782 1081 3843 tur3
1102 3779 1129 3828 3.
1149 3792 1181 3827 cr
1201 3774 1308 3828 Christi
1317 3773 1467 3842 filiatione.
1496 3770 1622 3825 Christus
1639 3770 1863 3848 secundumdei·

158 3874 184 3911 v.
198 3862 219 3910 1.
241 3860 303 3922 etc,
322 3855 352 3909 id
371 3871 435 3910 vero
454 3855 482 3908 in
503 3857 664 3926 quaestione
685 3863 734 3926 est,
755 3877 791 3913 au
811 3860 839 3913 in
862 3877 894 3914 ea
912 3860 997 3932 signi·
1023 3867 1108 3916 tatem
1132 3861 1190 3916 sive
1214 3859 1229 3914 ὁ
1248 3859 1342 3929 Λόγος
1368 3857 1442 3913 illius
1462 3863 1503 3912 cst
1523 3857 1628 3930 imago,
1657 3857 1739 3926 cujus
1757 3863 1801 3913 est
1818 3858 1865 3914 n·-

158 3941 288 3997 ficatioue
302 3948 460 4012 usurpetur,
481 3959 564 4012 qnam
577 3943 606 3998 in
623 3943 754 3998 trinitatis
774 3947 906 4016 mysterio
927 3947 997 4002 obti-
1023 3940 1085 4012 hus,
1105 3947 1170 4001 inde
1188 3946 1262 4001 enim
1280 3952 1364 4016 atque
1382 3945 1444 3999 idco
1462 3949 1504 3998 est
1523 3944 1615 4014 imago
1631 3942 1738 4010 Patris,
1757 3945 1809 4016 qni
1827 3944 1864 4001 ab

158 4027 226 4085 net?
254 4028 323 4083 Cum
342 4036 435 4083 antem
448 4029 539 4083 nullus
557 4029 716 4100 Scripturas
734 4031 811 4085 locus
829 4031 922 4087 afferri
935 4051 997 4104 pos·
1023 4042 1134 4103 aeterno
1163 4040 1205 4088 est
1232 4030 1352 4087 aPatre
1374 4029 1485 4102 genitus
1510 4030 1664 4100 exprimens
1686 4029 1815 4100 perfecte
1838 4037 1865 4087 et

158 4115 208 4184 sit,
230 4116 278 4186 qui
296 4115 436 4170 verisimili
456 4116 578 4187 quadam
595 4117 700 4171 ratione
719 4117 788 4171 illud
806 4119 918 4189 probet,
942 4120 996 4174 nisi
1022 4122 1104 4191 plene
1122 4137 1202 4188 eum,
1237 4135 1330 4190 aquo
1348 4117 1459 4190 genitus
1476 4123 1526 4172 est
1569 4116 1634 4172 Jam
1651 4133 1716 4171 vcro
1736 4115 1865 4189 ὁΛόγσς

156 4202 250 4273 isqui
269 4208 359 4257 exstat
374 4202 460 4257 Hebr.
482 4209 503 4270 ι,
522 4221 547 4256 v.
570 4208 598 4257 3:
627 4203 716 4258 Filius
735 4211 777 4259 est
788 4205 931 4280 χαρακτὴρ
951 4209 995 4274 τῆς
1023 4214 1065 4263 cst
1082 4207 1169 4261 Filius
1195 4224 1250 4261 non
1274 4205 1410 4260 essentiae
1433 4205 1483 4259 sed
1506 4219 1641 4274 personae
1664 4201 1772 4272 Patris,
1797 4205 1865 4278 quis

156 4287 350 4349 incarduum
370 4291 420 4342 τοῦ
438 4289 554 4362 Πατρός,
573 4289 637 4346 inde
656 4291 825 4361 quaestionis
844 4308 944 4365 scopus
962 4310 995 4348 eo
1023 4310 1140 4366 persons
1173 4291 1283 4364 proprie
1316 4290 1456 4363 loquendo
1491 4295 1608 4361 generat
1640 4306 1697 4343 non
1734 4291 1864 4347 amentia.

156 4376 236 4443 redit,
255 4393 291 4431 an
308 4375 337 4429 in
355 4376 416 4430 loco
434 4375 481 4429 illo
495 4375 645 4445 apostolico
660 4375 810 4437 ὑπόστασις
824 4377 995 4451 ineasigni·
1022 4382 1098 4452 Ergo
1120 4380 1203 4434 etiam
1226 4394 1374 4450 personae,
1401 4394 1457 4430 non
1480 4375 1616 4431 essentiae
1633 4375 1728 4448 imago
1746 4376 1863 4449 diciturJ

155 4461 284 4517 ficatione
304 4467 470 4531 usurpetur,
498 4460 526 4513 in
545 4478 600 4531 qna
618 4477 717 4517 nornen
736 4480 869 4533 personae
894 4465 922 4520 in
948 4484 994 4521 ex·
1022 4474 1046 4522 4,
1069 4484 1100 4521 ea
1119 4466 1177 4519 loci
1194 4465 1346 4534 apostolici
1362 4464 1519 4518 collatione.
1547 4462 1608 4527 Quo
1626 4478 1709 4516 sensu
1728 4478 1763 4518 ac
1781 4464 1864 4520 modo

156 4547 307 4620 plicatione
337 4547 421 4618 huJ'us
452 4546 562 4600 articuli
590 4547 748 4618 accipitur?
782 4549 933 4605 Affirmant
962 4570 994 4607 ex
1022 4553 1109 4608 Filius
1129 4550 1231 4605 dicitur
1247 4550 1340 4619 imcpo
1361 4552 1421 4604 Dei
1439 4549 1587 4603 invisibilis
1607 4548 1712 4603 Ooloss.
1735 4555 1757 4613 1,
1782 4568 1810 4605 v.
1825 4558 1864 4616 ιι,

155 4633 312 4690 Pontificiis
329 4633 488 4688 Bellarmin.
508 4633 592 4688 libe.
612 4633 647 4689 dc
664 4633 775 4690 Christo
795 4654 817 4690 c.
841 4643 863 4691 4.
890 4636 995 4692 Ribcra
1023 4655 1055 4694 eo
1073 4654 1156 4693 sensu
1175 4654 1208 4691 ac
1226 4637 1306 4692 modo
1325 4636 1429 4691 dicitur
1442 4633 1585 4708 χαρακτὴρ
1607 4636 1654 4703 τῆς
1675 4634 1860 4699 incertiorve.

156 4720 185 4775 in
204 4737 228 4776 c.
253 4726 273 4775 l.
305 4717 392 4775 Hebr.
417 4738 443 4790 p.
464 4725 504 4774 53.
541 4719 684 4774 Sslmerou
711 4728 775 4775 tom.
800 4729 824 4777 2.
847 4728 926 4778 tract.
955 4731 994 4788 11,
1021 4724 1087 4779 darn
1113 4739 1178 4777 vero
1204 4721 1292 4777 Filius
1321 4722 1422 4777 dicitur
1448 4722 1540 4794 imago
1566 4719 1620 4776 Dei
1649 4720 1798 4777 invisibilis
1822 4740 1862 4779 re·

91 4828 96 4841 ·
156 4825 184 4878 p.
208 4813 264 4862 103.
283 4823 317 4860 ex
328 4805 498 4860 Calvinianis
511 4806 587 4863 Calc.
604 4813 625 4861 l.
643 4807 767 4862 institut.
786 4825 809 4865 c.
832 4816 870 4864 13.
890 4814 955 4864 sect.
972 4816 994 4867 1.
1023 4818 1120 4880 spectu
1140 4826 1282 4880 personae,
1303 4808 1369 4880 qnia
1385 4824 1504 4879 persona
1520 4808 1613 4863 Patris
1632 4812 1675 4863 cat
1690 4806 1762 4863 illud
1774 4825 1862 4866 eorre-

155 4893 256 4948 Zanch.
278 4900 299 4949 l.
321 4892 356 4946 de
374 4891 439 4948 trib.
460 4891 569 4946 Elohim
587 4896 611 4948 c'.
633 4901 657 4949 2.
677 4894 770 4951 Ursin.
791 4915 817 4966 p.
837 4902 861 4951 2.
881 4895 995 4952 (letech.
1022 4897 1118 4965 latum,
1137 4895 1182 4950 eui
1200 4895 1289 4950 Filius
1308 4894 1410 4950 dicitur
1427 4894 1532 4949 similis.
1568 4893 1652 4964 Ergo.
1691 4899 1717 4948 5.
1743 4912 1777 4949 ac
1798 4915 1862 4952 eos·

156 4997 182 5050 q.
203 4985 244 5034 25.
264 4979 359 5033 etalii
380 4978 542 5049 complures.
575 4978 671 5034 Verba
690 4979 798 5037 Caluini
818 4981 857 5034 sic
876 4981 994 5038 habent:
1021 4990 1119 5036 αοιοια
1141 4982 1286 5035 relatione.
1323 4979 1461 5051 Quicquid
1485 4980 1514 5034 in
1538 4980 1637 5035 divinia
1659 4980 1777 5038 relative
1796 4983 1861 5039 dici-

155 5066 216 5119 Pro
242 5066 364 5118 essentia
383 5067 510 5136 accipere
531 5067 696 5136 hypostasin
714 5068 799 5120 Hebr.
818 5071 839 5133 1,
859 5087 881 5121 ο.
895 5073 921 5122 3.
941 5088 995 5122 uon
1022 5077 1067 5124 tur
1092 5074 1120 5122 et
1148 5067 1282 5139 originem
1306 5084 1355 5121 scu
1377 5066 1580 5137 processionem
1607 5066 1762 5139 significat,
1792 5068 1860 5125 illud

156 5153 259 5206 durum
277 5154 368 5222 morio,
386 5153 438 5206 aed
453 5154 605 5207 absurdum
630 5170 736 5222 qucqae
759 5161 811 5222 eet,
836 5173 897 5206 eurr
924 5157 996 5208 euim
1023 5161 1064 5211 cst
1086 5153 1230 5225 personale
1248 5158 1276 5208 et
1298 5151 1401 5208 dieitm
1418 5169 1483 5208 cum
1499 5151 1634 5207 relations
1651 5153 1687 5206 ad
1704 5171 1860 5224 personam

156 5235 276 5312 simplas
296 5247 321 5291 ct
339 5238 490 5292 individua
509 5240 545 5291 sit
563 5239 624 5291 Dei
641 5239 776 5306 essentie,
795 5241 845 5308 qui
862 5248 947 5295 totam
966 5243 996 5294 in
1022 5243 1118 5311 Imago
1141 5239 1242 5294 dicitur
1266 5239 1393 5304 relative,
1419 5239 1486 5310 quia
1509 5239 1627 5294 refertur
1648 5239 1687 5293 ad
1704 5257 1862 5313 pereum,

155 5339 186 5377 ss
204 5323 341 5395 eontinet,
356 5341 445 5395 neque
459 5326 593 5394 portione
611 5332 660 5377 out
677 5326 798 5394 dejiceris,
816 5328 868 5379 ssd
888 5328 997 5396 iatspra
1023 5334 1051 5384 et
1075 5325 1214 5398 significat
1231 5326 1374 5398 originem,
1393 5343 1410 5380 a
1437 5342 1500 5398 quo,
1524 5341 1574 5380 seu
1596 5327 1810 5400 processionem,
1829 5346 1862 5387 ex

155 5408 339 5480 perfectione,
358 5411 593 5480 improprietate
612 5413 705 5481 inepte
725 5413 835 5466 dicetur
854 5414 915 5481 ejus
933 5414 996 5467 elra-
1022 5429 1086 5484 quo.
1121 5412 1204 5483 Ergo.
1241 5416 1266 5465 6.
1294 5430 1327 5465 ee
1352 5421 1473 5467 veterum
1501 5413 1701 5482 testificatione.
1743 5414 1862 5488 Chryso

157 5504 259 5551 ramea
284 5493 327 5552 Ex
345 5496 446 5568 quibus
459 5497 567 5553 Calvini
586 5496 677 5553 verbis
695 5497 815 5570 primum
835 5498 918 5571 hujus
934 5516 994 5556 sen.
1022 5497 1364 5570 stemus,Thcodoret1n,
1383 5497 1610 5571 'lheophylactus
1628 5506 1657 5556 et
1675 5499 1863 5563 Oecnmanius
