<?xml version="1.0" encoding="UTF-8"?>
<!DOCTYPE html PUBLIC "-//W3C//DTD XHTML 1.0 Transitional//EN"
    "http://www.w3.org/TR/xhtml1/DTD/xhtml1-transitional.dtd">
<html xmlns="http://www.w3.org/1999/xhtml" xml:lang="en" lang="en">
 <head>
  <title>
</title>
<meta http-equiv="Content-Type" content="text/html;charset=utf-8" />
  <meta name='ocr-system' content='tesseract 3.04.00' />
  <meta name='ocr-capabilities' content='ocr_page ocr_carea ocr_par ocr_line ocrx_word'/>
</head>
<body>
  <div class='ocr_page' id='page_1' title='image "./locitheologicic00gerhgoog/locitheologicic00gerhgoog_0215.png"; bbox 0 0 3984 6022; ppageno 0'>
   <div class='ocr_carea' id='block_1_1' title="bbox 203 245 1193 313">
    <p class='ocr_par' dir='ltr' id='par_1_1' title="bbox 203 245 1193 313">
     <span class='ocr_line' id='line_1_1' title="bbox 203 245 1193 313; baseline -0.012 0"><span class='ocrx_word' id='word_1_1' title='bbox 203 254 262 313; x_wconf 73' lang='lat'><strong><em>180</em></strong></span> <span class='ocrx_word' id='word_1_2' title='bbox 909 247 1032 304; x_wconf 73' lang='lat' dir='ltr'><strong><em>mCUS</em></strong></span> <span class='ocrx_word' id='word_1_3' title='bbox 1050 245 1193 303; x_wconf 70' lang='lat' dir='ltr'><strong><em>Fuluus</em></strong></span> 
     </span>
    </p>
   </div>
   <div class='ocr_carea' id='block_1_2' title="bbox 83 399 1980 5442">
    <p class='ocr_par' dir='ltr' id='par_1_2' title="bbox 83 399 1980 5442">
     <span class='ocr_line' id='line_1_2' title="bbox 151 399 1896 475; baseline 0.001 -20"><span class='ocrx_word' id='word_1_4' title='bbox 151 428 156 439; x_wconf 89' lang='lat'><strong>·</strong></span> <span class='ocrx_word' id='word_1_5' title='bbox 200 399 372 475; x_wconf 74' lang='grc' dir='ltr'>ὁμοψήφους</span> <span class='ocrx_word' id='word_1_6' title='bbox 403 400 536 455; x_wconf 73' lang='lat' dir='ltr'><strong><em>hebemus</em></strong></span> <span class='ocrx_word' id='word_1_7' title='bbox 562 400 622 471; x_wconf 89' lang='lat' dir='ltr'><strong><em>pios</em></strong></span> <span class='ocrx_word' id='word_1_8' title='bbox 646 405 759 456; x_wconf 80' lang='lat' dir='ltr'><strong><em>veteres</em></strong></span> <span class='ocrx_word' id='word_1_9' title='bbox 781 401 883 457; x_wconf 75' lang='lat' dir='ltr'><strong><em>lustin.</em></strong></span> <span class='ocrx_word' id='word_1_10' title='bbox 909 401 938 455; x_wconf 89' lang='lat' dir='ltr'><strong><em>in</em></strong></span> <span class='ocrx_word' id='word_1_11' title='bbox 960 400 1034 455; x_wconf 78' lang='lat' dir='ltr'><strong><em>Diu</em></strong></span> <span class='ocrx_word' id='word_1_12' title='bbox 1064 401 1150 455; x_wconf 82' lang='lat' dir='ltr'><strong><em>mines</em></strong></span> <span class='ocrx_word' id='word_1_13' title='bbox 1173 401 1345 470; x_wconf 79' lang='lat' dir='ltr'><strong><em>intelliqunt,</em></strong></span> <span class='ocrx_word' id='word_1_14' title='bbox 1369 400 1513 470; x_wconf 82' lang='lat' dir='ltr'><strong><em>aportoios</em></strong></span> <span class='ocrx_word' id='word_1_15' title='bbox 1535 416 1601 456; x_wconf 86' lang='lat' dir='ltr'><strong><em>aero</em></strong></span> <span class='ocrx_word' id='word_1_16' title='bbox 1624 408 1651 456; x_wconf 85' lang='lat' dir='ltr'><strong><em>et</em></strong></span> <span class='ocrx_word' id='word_1_17' title='bbox 1668 402 1825 471; x_wconf 73' lang='lat' dir='ltr'><strong><em>propinas</em></strong></span> <span class='ocrx_word' id='word_1_18' title='bbox 1843 419 1896 456; x_wconf 76' lang='lat' dir='ltr'><strong><em>non</em></strong></span> 
     </span>
     <span class='ocr_line' id='line_1_3' title="bbox 83 486 1897 558; baseline -0.003 -13"><span class='ocrx_word' id='word_1_19' title='bbox 83 492 86 500; x_wconf 72' lang='lat'>‘</span> <span class='ocrx_word' id='word_1_20' title='bbox 201 504 267 545; x_wconf 81' lang='lat' dir='ltr'><strong><em>cum</em></strong></span> <span class='ocrx_word' id='word_1_21' title='bbox 287 486 437 558; x_wconf 71' lang='lat' dir='ltr'><strong><em>&#39;hyphone</em></strong></span> <span class='ocrx_word' id='word_1_22' title='bbox 463 503 488 556; x_wconf 89' lang='lat' dir='ltr'><strong><em>p.</em></strong></span> <span class='ocrx_word' id='word_1_23' title='bbox 515 491 578 541; x_wconf 78' lang='lat'>213:</span> <span class='ocrx_word' id='word_1_24' title='bbox 608 486 753 540; x_wconf 71' lang='lat' dir='ltr'><strong><em>Advortite</em></strong></span> <span class='ocrx_word' id='word_1_25' title='bbox 780 489 903 541; x_wconf 87' lang='lat' dir='ltr'><strong><em>animum</em></strong></span> <span class='ocrx_word' id='word_1_26' title='bbox 930 489 971 540; x_wconf 88' lang='lat' dir='ltr'><strong><em>ad</em></strong></span> <span class='ocrx_word' id='word_1_27' title='bbox 994 502 1037 554; x_wconf 87' lang='lat' dir='ltr'><strong><em>eo,</em></strong></span> <span class='ocrx_word' id='word_1_28' title='bbox 1058 487 1170 555; x_wconf 83' lang='lat' dir='ltr'><strong><em>paucis,</em></strong></span> <span class='ocrx_word' id='word_1_29' title='bbox 1187 489 1239 541; x_wconf 85' lang='lat' dir='ltr'><strong><em>sed</em></strong></span> <span class='ocrx_word' id='word_1_30' title='bbox 1256 488 1385 541; x_wconf 66' lang='lat' dir='ltr'><strong><em>anubem</em></strong></span> <span class='ocrx_word' id='word_1_31' title='bbox 1398 487 1507 556; x_wconf 86' lang='lat' dir='ltr'><strong><em>populo</em></strong></span> <span class='ocrx_word' id='word_1_32' title='bbox 1526 487 1681 556; x_wconf 60' lang='lat' dir='ltr'><strong><em>sapuere,</em></strong></span> <span class='ocrx_word' id='word_1_33' title='bbox 1697 495 1731 542; x_wconf 89' lang='lat' dir='ltr'><strong><em>ut</em></strong></span> <span class='ocrx_word' id='word_1_34' title='bbox 1746 504 1841 542; x_wconf 76' lang='lat' dir='ltr'><strong><em>onnes</em></strong></span> <span class='ocrx_word' id='word_1_35' title='bbox 1857 488 1897 539; x_wconf 74' lang='lat' dir='ltr'><strong><em>ir·</em></strong></span> 
     </span>
     <span class='ocr_line' id='line_1_4' title="bbox 200 571 1897 643; baseline 0 -17"><span class='ocrx_word' id='word_1_36' title='bbox 200 589 275 643; x_wconf 82' lang='lat' dir='ltr'><strong><em>quae</em></strong></span> <span class='ocrx_word' id='word_1_37' title='bbox 300 590 333 626; x_wconf 83' lang='lat' dir='ltr'><strong><em>eu</em></strong></span> <span class='ocrx_word' id='word_1_38' title='bbox 359 572 466 626; x_wconf 85' lang='lat' dir='ltr'><strong><em>sanctis</em></strong></span> <span class='ocrx_word' id='word_1_39' title='bbox 495 571 650 640; x_wconf 73' lang='lat' dir='ltr'><strong><em>Scri&#39;psturie</em></strong></span> <span class='ocrx_word' id='word_1_40' title='bbox 677 574 897 626; x_wconf 77' lang='lat' dir='ltr'><strong><em>commemorabo</em></strong></span> <span class='ocrx_word' id='word_1_41' title='bbox 927 580 953 625; x_wconf 90' lang='lat' dir='ltr'><strong><em>et</em></strong></span> <span class='ocrx_word' id='word_1_42' title='bbox 981 589 1037 625; x_wconf 87' lang='lat' dir='ltr'><strong><em>non</em></strong></span> <span class='ocrx_word' id='word_1_43' title='bbox 1062 572 1224 639; x_wconf 76' lang='lat' dir='ltr'><strong><em>telliqcrent.</em></strong></span> <span class='ocrx_word' id='word_1_44' title='bbox 1243 573 1272 627; x_wconf 93' lang='lat' dir='ltr'><strong><em>in</em></strong></span> <span class='ocrx_word' id='word_1_45' title='bbox 1289 589 1313 627; x_wconf 89' lang='lat' dir='ltr'><strong><em>c.</em></strong></span> <span class='ocrx_word' id='word_1_46' title='bbox 1333 578 1371 628; x_wconf 87' lang='grc'><strong><em>19.</em></strong></span> <span class='ocrx_word' id='word_1_47' title='bbox 1390 571 1465 626; x_wconf 78' lang='lat' dir='ltr'><strong><em>Esa&#39;n</em></strong></span> <span class='ocrx_word' id='word_1_48' title='bbox 1503 573 1599 627; x_wconf 81' lang='lat' dir='ltr'><strong><em>Moris</em></strong></span> <span class='ocrx_word' id='word_1_49' title='bbox 1617 581 1658 626; x_wconf 80' lang='lat' dir='ltr'><strong><em>est</em></strong></span> <span class='ocrx_word' id='word_1_50' title='bbox 1679 572 1897 642; x_wconf 64' lang='lat' dir='ltr'><strong><em>Scriptum</em></strong></span> 
     </span>
     <span class='ocr_line' id='line_1_5' title="bbox 202 657 1898 729; baseline -0.003 -14"><span class='ocrx_word' id='word_1_51' title='bbox 202 657 387 729; x_wconf 70' lang='lat' dir='ltr'><strong><em>replicatione</em></strong></span> <span class='ocrx_word' id='word_1_52' title='bbox 413 657 525 725; x_wconf 66' lang='lat' dir='ltr'><strong><em>alipta,</em></strong></span> <span class='ocrx_word' id='word_1_53' title='bbox 551 658 603 709; x_wconf 84' lang='lat' dir='ltr'><strong><em>sed</em></strong></span> <span class='ocrx_word' id='word_1_54' title='bbox 628 658 775 711; x_wconf 89' lang='lat' dir='ltr'><strong><em>audientia</em></strong></span> <span class='ocrx_word' id='word_1_55' title='bbox 802 659 940 711; x_wconf 78' lang='lat' dir='ltr'><strong><em>dantauat</em></strong></span> <span class='ocrx_word' id='word_1_56' title='bbox 967 674 1036 726; x_wconf 80' lang='lat' dir='ltr'><strong><em>opta</em></strong></span> <span class='ocrx_word' id='word_1_57' title='bbox 1063 658 1186 711; x_wconf 76' lang='lat' dir='ltr'><strong><em>obscrsris</em></strong></span> <span class='ocrx_word' id='word_1_58' title='bbox 1215 659 1368 721; x_wconf 73' lang='lat' dir='ltr'><strong><em>manifesta</em></strong></span> <span class='ocrx_word' id='word_1_59' title='bbox 1397 659 1554 712; x_wconf 80' lang='lat' dir='ltr'><strong><em>eubnectere</em></strong></span> <span class='ocrx_word' id='word_1_60' title='bbox 1587 664 1613 712; x_wconf 85' lang='lat' dir='ltr'><strong><em>et</em></strong></span> <span class='ocrx_word' id='word_1_61' title='bbox 1639 660 1716 727; x_wconf 87' lang='lat' dir='ltr'><strong><em>quad</em></strong></span> <span class='ocrx_word' id='word_1_62' title='bbox 1739 657 1827 728; x_wconf 79' lang='lat' dir='ltr'><strong><em>prius</em></strong></span> <span class='ocrx_word' id='word_1_63' title='bbox 1850 657 1898 710; x_wconf 79' lang='lat' dir='ltr'><strong><em>cub</em></strong></span> 
     </span>
     <span class='ocr_line' id='line_1_6' title="bbox 201 741 1898 816; baseline -0.001 -18"><span class='ocrx_word' id='word_1_64' title='bbox 201 743 313 810; x_wconf 84' lang='lat' dir='ltr'><strong><em>babent,</em></strong></span> <span class='ocrx_word' id='word_1_65' title='bbox 332 741 397 797; x_wconf 77' lang='lat' dir='ltr'><strong><em>aidi</em></strong></span> <span class='ocrx_word' id='word_1_66' title='bbox 411 743 576 811; x_wconf 72' lang='lat' dir='ltr'><strong><em>tiqutisai</em></strong></span> <span class='ocrx_word' id='word_1_67' title='bbox 593 742 744 812; x_wconf 75' lang='grc' dir='ltr'><em>δεομένων,</em></span> <span class='ocrx_word' id='word_1_68' title='bbox 764 741 832 796; x_wconf 75' lang='grc' dir='ltr'><strong><em>ἀλλὰ</em></strong></span> <span class='ocrx_word' id='word_1_69' title='bbox 850 741 941 816; x_wconf 80' lang='grc' dir='ltr'><strong><em>μόνον</em></strong></span> <span class='ocrx_word' id='word_1_70' title='bbox 955 742 1036 797; x_wconf 79' lang='lat' dir='ltr'><strong><em>irco·</em></strong></span> <span class='ocrx_word' id='word_1_71' title='bbox 1062 744 1265 811; x_wconf 80' lang='lat' dir='ltr'><strong><em>aeniqmatibuc</em></strong></span> <span class='ocrx_word' id='word_1_72' title='bbox 1282 745 1424 811; x_wconf 75' lang='lat' dir='ltr'><strong><em>dicerunt,</em></strong></span> <span class='ocrx_word' id='word_1_73' title='bbox 1448 752 1548 813; x_wconf 79' lang='lat' dir='ltr'><strong><em>aperta</em></strong></span> <span class='ocrx_word' id='word_1_74' title='bbox 1563 759 1629 797; x_wconf 84' lang='lat' dir='ltr'><strong><em>roes</em></strong></span> <span class='ocrx_word' id='word_1_75' title='bbox 1641 744 1787 812; x_wconf 75' lang='lat' dir='ltr'><strong><em>profer-rc</em></strong></span> <span class='ocrx_word' id='word_1_76' title='bbox 1812 741 1898 813; x_wconf 78' lang='lat' dir='ltr'><strong><em>Chry-</em></strong></span> 
     </span>
     <span class='ocr_line' id='line_1_7' title="bbox 200 826 1900 899; baseline -0.001 -17"><span class='ocrx_word' id='word_1_77' title='bbox 200 832 310 895; x_wconf 71' lang='grc' dir='ltr'><strong><em>σθῆναι.</em></strong></span> <span class='ocrx_word' id='word_1_78' title='bbox 344 828 476 883; x_wconf 84' lang='lat' dir='ltr'><strong><em>Ircnucus</em></strong></span> <span class='ocrx_word' id='word_1_79' title='bbox 501 826 549 883; x_wconf 90' lang='lat' dir='ltr'><strong><em>lib.</em></strong></span> <span class='ocrx_word' id='word_1_80' title='bbox 569 832 600 895; x_wconf 84' lang='lat'><strong><em>2,</em></strong></span> <span class='ocrx_word' id='word_1_81' title='bbox 630 845 652 883; x_wconf 92' lang='grc' dir='ltr'><strong><em>ο.</em></strong></span> <span class='ocrx_word' id='word_1_82' title='bbox 670 834 711 884; x_wconf 84' lang='grc'><strong><em>46.</em></strong></span> <span class='ocrx_word' id='word_1_83' title='bbox 736 846 764 899; x_wconf 89' lang='lat' dir='ltr'><strong><em>p.</em></strong></span> <span class='ocrx_word' id='word_1_84' title='bbox 793 834 854 884; x_wconf 73' lang='lat'><strong><em>146:</em></strong></span> <span class='ocrx_word' id='word_1_85' title='bbox 887 830 1036 883; x_wconf 76' lang='lat' dir='ltr'><strong><em>Universae</em></strong></span> <span class='ocrx_word' id='word_1_86' title='bbox 1062 834 1197 884; x_wconf 67' lang='lat' dir='ltr'><strong><em>cosumus</em></strong></span> <span class='ocrx_word' id='word_1_87' title='bbox 1221 828 1317 883; x_wconf 89' lang='lat' dir='ltr'><strong><em>homil.</em></strong></span> <span class='ocrx_word' id='word_1_88' title='bbox 1339 836 1360 884; x_wconf 92' lang='lat' dir='ltr'><strong><em>l.</em></strong></span> <span class='ocrx_word' id='word_1_89' title='bbox 1383 829 1412 884; x_wconf 90' lang='lat' dir='ltr'><strong><em>in</em></strong></span> <span class='ocrx_word' id='word_1_90' title='bbox 1429 829 1528 885; x_wconf 83' lang='lat' dir='ltr'><strong><em>Mutth.</em></strong></span> <span class='ocrx_word' id='word_1_91' title='bbox 1548 829 1714 898; x_wconf 69' lang='lat' dir='ltr'><strong><em>scripturae</em></strong></span> <span class='ocrx_word' id='word_1_92' title='bbox 1731 835 1758 881; x_wconf 90' lang='lat' dir='ltr'><strong><em>et</em></strong></span> <span class='ocrx_word' id='word_1_93' title='bbox 1779 835 1900 881; x_wconf 75' lang='lat' dir='ltr'><strong><em>sancet</em></strong></span> 
     </span>
     <span class='ocr_line' id='line_1_8' title="bbox 201 912 1980 983; baseline -0.002 -16"><span class='ocrx_word' id='word_1_94' title='bbox 201 913 367 982; x_wconf 66' lang='grc' dir='ltr'><strong><em>Βονίροοοο</em></strong></span> <span class='ocrx_word' id='word_1_95' title='bbox 388 921 414 966; x_wconf 88' lang='lat' dir='ltr'><strong><em>ct</em></strong></span> <span class='ocrx_word' id='word_1_96' title='bbox 432 913 616 982; x_wconf 73' lang='lat' dir='ltr'><strong><em>propheticae</em></strong></span> <span class='ocrx_word' id='word_1_97' title='bbox 641 921 666 966; x_wconf 90' lang='lat' dir='ltr'><strong><em>et</em></strong></span> <span class='ocrx_word' id='word_1_98' title='bbox 690 915 866 983; x_wconf 81' lang='lat' dir='ltr'><strong><em>eoauqelicoe</em></strong></span> <span class='ocrx_word' id='word_1_99' title='bbox 890 915 919 967; x_wconf 87' lang='lat' dir='ltr'><strong><em>in</em></strong></span> <span class='ocrx_word' id='word_1_100' title='bbox 937 923 1034 983; x_wconf 87' lang='lat' dir='ltr'><strong><em>aperto</em></strong></span> <span class='ocrx_word' id='word_1_101' title='bbox 1061 914 1166 967; x_wconf 77' lang='lat' dir='ltr'><strong><em>mistico</em></strong></span> <span class='ocrx_word' id='word_1_102' title='bbox 1190 921 1217 966; x_wconf 89' lang='lat' dir='ltr'><strong><em>et</em></strong></span> <span class='ocrx_word' id='word_1_103' title='bbox 1237 914 1340 968; x_wconf 70' lang='lat' dir='ltr'><strong><em>vidum</em></strong></span> <span class='ocrx_word' id='word_1_104' title='bbox 1363 923 1389 969; x_wconf 88' lang='lat' dir='ltr'><strong><em>et</em></strong></span> <span class='ocrx_word' id='word_1_105' title='bbox 1407 930 1499 983; x_wconf 85' lang='lat' dir='ltr'><strong><em>puero</em></strong></span> <span class='ocrx_word' id='word_1_106' title='bbox 1515 922 1542 968; x_wconf 88' lang='lat' dir='ltr'><strong><em>et</em></strong></span> <span class='ocrx_word' id='word_1_107' title='bbox 1559 915 1599 982; x_wconf 86' lang='lat' dir='ltr'><strong><em>ti,</em></strong></span> <span class='ocrx_word' id='word_1_108' title='bbox 1626 913 1676 983; x_wconf 87' lang='lat' dir='ltr'><strong><em>qui</em></strong></span> <span class='ocrx_word' id='word_1_109' title='bbox 1691 913 1779 967; x_wconf 81' lang='lat' dir='ltr'><strong><em>ualde</em></strong></span> <span class='ocrx_word' id='word_1_110' title='bbox 1796 912 1900 982; x_wconf 73' lang='lat' dir='ltr'><strong><em>impue-</em></strong></span> <span class='ocrx_word' id='word_1_111' title='bbox 1911 924 1935 964; x_wconf 88' lang='lat'><strong><em>11.</em></strong></span> <span class='ocrx_word' id='word_1_112' title='bbox 1944 920 1980 964; x_wconf 77' lang='lat' dir='ltr'><strong><em>tu.</em></strong></span> 
     </span>
     <span class='ocr_line' id='line_1_9' title="bbox 199 997 1899 1071; baseline 0.001 -18"><span class='ocrx_word' id='word_1_113' title='bbox 199 1006 225 1053; x_wconf 84' lang='lat' dir='ltr'><strong><em>et</em></strong></span> <span class='ocrx_word' id='word_1_114' title='bbox 247 1000 308 1053; x_wconf 73' lang='lat' dir='ltr'><strong><em>rinc</em></strong></span> <span class='ocrx_word' id='word_1_115' title='bbox 334 997 514 1066; x_wconf 83' lang='lat' dir='ltr'><strong><em>ambiquitate</em></strong></span> <span class='ocrx_word' id='word_1_116' title='bbox 539 1006 563 1050; x_wconf 90' lang='lat' dir='ltr'><strong><em>et</em></strong></span> <span class='ocrx_word' id='word_1_117' title='bbox 588 998 718 1053; x_wconf 87' lang='lat' dir='ltr'><strong><em>similiter</em></strong></span> <span class='ocrx_word' id='word_1_118' title='bbox 740 1000 776 1052; x_wconf 88' lang='lat' dir='ltr'><strong><em>ob</em></strong></span> <span class='ocrx_word' id='word_1_119' title='bbox 795 1001 920 1054; x_wconf 85' lang='lat' dir='ltr'><strong><em>omnibus</em></strong></span> <span class='ocrx_word' id='word_1_120' title='bbox 939 1000 1038 1053; x_wconf 71' lang='lat' dir='ltr'><strong><em>aratri</em></strong></span> <span class='ocrx_word' id='word_1_121' title='bbox 1062 1000 1129 1052; x_wconf 78' lang='lat' dir='ltr'><strong><em>tem</em></strong></span> <span class='ocrx_word' id='word_1_122' title='bbox 1149 1009 1205 1065; x_wconf 80' lang='lat' dir='ltr'><strong><em>est,</em></strong></span> <span class='ocrx_word' id='word_1_123' title='bbox 1231 1000 1335 1071; x_wconf 66' lang='lat' dir='ltr'><strong><em>faciles</em></strong></span> <span class='ocrx_word' id='word_1_124' title='bbox 1361 1009 1425 1054; x_wconf 89' lang='lat' dir='ltr'><strong><em>sunt</em></strong></span> <span class='ocrx_word' id='word_1_125' title='bbox 1450 1003 1491 1054; x_wconf 86' lang='lat' dir='ltr'><strong><em>ad</em></strong></span> <span class='ocrx_word' id='word_1_126' title='bbox 1508 1000 1728 1067; x_wconf 80' lang='lat' dir='ltr'><strong><em>intelliqendum.</em></strong></span> <span class='ocrx_word' id='word_1_127' title='bbox 1762 997 1858 1053; x_wconf 81' lang='lat' dir='ltr'><strong><em>homil.</em></strong></span> <span class='ocrx_word' id='word_1_128' title='bbox 1876 1004 1899 1055; x_wconf 87' lang='lat'><strong><em>1.</em></strong></span> 
     </span>
     <span class='ocr_line' id='line_1_10' title="bbox 195 1083 1901 1155; baseline 0.001 -18"><span class='ocrx_word' id='word_1_129' title='bbox 195 1093 322 1155; x_wconf 74' lang='lat' dir='ltr'><strong><em>possunt.</em></strong></span> <span class='ocrx_word' id='word_1_130' title='bbox 349 1097 372 1138; x_wconf 84' lang='grc' dir='ltr'><strong><em>ο.</em></strong></span> <span class='ocrx_word' id='word_1_131' title='bbox 396 1089 437 1139; x_wconf 88' lang='grc'><strong><em>66.</em></strong></span> <span class='ocrx_word' id='word_1_132' title='bbox 463 1102 491 1154; x_wconf 88' lang='lat' dir='ltr'><strong><em>p.</em></strong></span> <span class='ocrx_word' id='word_1_133' title='bbox 519 1088 580 1139; x_wconf 79' lang='lat'><strong>166:</strong></span> <span class='ocrx_word' id='word_1_134' title='bbox 609 1087 654 1138; x_wconf 88' lang='lat' dir='ltr'><strong><em>Ne</em></strong></span> <span class='ocrx_word' id='word_1_135' title='bbox 673 1093 805 1154; x_wconf 89' lang='lat' dir='ltr'><strong><em>putemur</em></strong></span> <span class='ocrx_word' id='word_1_136' title='bbox 818 1087 924 1153; x_wconf 78' lang='lat' dir='ltr'><strong><em>sapere</em></strong></span> <span class='ocrx_word' id='word_1_137' title='bbox 946 1086 1035 1152; x_wconf 88' lang='lat' dir='ltr'><strong><em>illam,</em></strong></span> <span class='ocrx_word' id='word_1_138' title='bbox 1062 1083 1091 1138; x_wconf 94' lang='lat' dir='ltr'><strong><em>in</em></strong></span> <span class='ocrx_word' id='word_1_139' title='bbox 1115 1084 1217 1142; x_wconf 78' lang='lat' dir='ltr'><strong><em>bohun.</em></strong></span> <span class='ocrx_word' id='word_1_140' title='bbox 1258 1086 1354 1154; x_wconf 82' lang='lat' dir='ltr'><strong><em>Hujus</em></strong></span> <span class='ocrx_word' id='word_1_141' title='bbox 1376 1086 1508 1140; x_wconf 61' lang='lat' dir='ltr'><strong><em>Metrias</em></strong></span> <span class='ocrx_word' id='word_1_142' title='bbox 1533 1086 1594 1140; x_wconf 86' lang='lat' dir='ltr'><strong><em>sole</em></strong></span> <span class='ocrx_word' id='word_1_143' title='bbox 1618 1085 1727 1139; x_wconf 81' lang='lat' dir='ltr'><strong><em>clarior</em></strong></span> <span class='ocrx_word' id='word_1_144' title='bbox 1752 1093 1793 1139; x_wconf 79' lang='lat' dir='ltr'><strong><em>cst</em></strong></span> <span class='ocrx_word' id='word_1_145' title='bbox 1819 1090 1901 1153; x_wconf 83' lang='lat' dir='ltr'><strong><em>atque</em></strong></span> 
     </span>
     <span class='ocr_line' id='line_1_11' title="bbox 199 1169 1901 1243; baseline 0.001 -19"><span class='ocrx_word' id='word_1_146' title='bbox 199 1188 272 1241; x_wconf 87' lang='lat' dir='ltr'><strong><em>quae</em></strong></span> <span class='ocrx_word' id='word_1_147' title='bbox 289 1188 321 1224; x_wconf 81' lang='lat' dir='ltr'><strong><em>en</em></strong></span> <span class='ocrx_word' id='word_1_148' title='bbox 341 1169 496 1238; x_wconf 76' lang='lat' dir='ltr'><strong><em>Scripturis</em></strong></span> <span class='ocrx_word' id='word_1_149' title='bbox 514 1171 662 1223; x_wconf 72' lang='lat' dir='ltr'><strong><em>dominicis</em></strong></span> <span class='ocrx_word' id='word_1_150' title='bbox 682 1179 729 1238; x_wconf 85' lang='lat' dir='ltr'><strong><em>est,</em></strong></span> <span class='ocrx_word' id='word_1_151' title='bbox 744 1171 948 1240; x_wconf 73' lang='lat' dir='ltr'><strong><em>probationem,</em></strong></span> <span class='ocrx_word' id='word_1_152' title='bbox 966 1171 1036 1239; x_wconf 76' lang='lat' dir='ltr'><strong><em>ipsis</em></strong></span> <span class='ocrx_word' id='word_1_153' title='bbox 1063 1170 1210 1224; x_wconf 81' lang='lat' dir='ltr'><strong><em>illustrior.</em></strong></span> <span class='ocrx_word' id='word_1_154' title='bbox 1243 1171 1272 1225; x_wconf 89' lang='lat' dir='ltr'><strong><em>in</em></strong></span> <span class='ocrx_word' id='word_1_155' title='bbox 1304 1171 1422 1241; x_wconf 77' lang='lat' dir='ltr'><strong><em>praefat</em></strong></span> <span class='ocrx_word' id='word_1_156' title='bbox 1448 1171 1529 1243; x_wconf 81' lang='lat' dir='ltr'><strong><em>epist</em></strong></span> <span class='ocrx_word' id='word_1_157' title='bbox 1561 1171 1599 1225; x_wconf 83' lang='lat' dir='ltr'><strong><em>ud</em></strong></span> <span class='ocrx_word' id='word_1_158' title='bbox 1626 1170 1745 1226; x_wconf 77' lang='lat' dir='ltr'><strong><em>Romen.</em></strong></span> <span class='ocrx_word' id='word_1_159' title='bbox 1787 1169 1901 1238; x_wconf 74' lang='lat' dir='ltr'><strong><em>Linque</em></strong></span> 
     </span>
     <span class='ocr_line' id='line_1_12' title="bbox 200 1254 1901 1326; baseline -0.001 -14"><span class='ocrx_word' id='word_1_160' title='bbox 200 1257 356 1326; x_wconf 75' lang='lat' dir='ltr'><strong><em>Smpturu</em></strong></span> <span class='ocrx_word' id='word_1_161' title='bbox 375 1256 462 1310; x_wconf 82' lang='lat' dir='ltr'><strong><em>multo</em></strong></span> <span class='ocrx_word' id='word_1_162' title='bbox 485 1257 663 1322; x_wconf 72' lang='lat' dir='ltr'><strong><em>manifestim</em></strong></span> <span class='ocrx_word' id='word_1_163' title='bbox 688 1265 714 1311; x_wconf 86' lang='lat' dir='ltr'><strong><em>ct</em></strong></span> <span class='ocrx_word' id='word_1_164' title='bbox 740 1257 847 1311; x_wconf 78' lang='lat' dir='ltr'><strong><em>clarius</em></strong></span> <span class='ocrx_word' id='word_1_165' title='bbox 871 1258 922 1310; x_wconf 83' lang='lat' dir='ltr'><strong><em>boc</em></strong></span> <span class='ocrx_word' id='word_1_166' title='bbox 946 1258 1035 1326; x_wconf 75' lang='lat' dir='ltr'><strong><em>ipsum</em></strong></span> <span class='ocrx_word' id='word_1_167' title='bbox 1063 1257 1141 1310; x_wconf 86' lang='lat' dir='ltr'><strong><em>illius</em></strong></span> <span class='ocrx_word' id='word_1_168' title='bbox 1157 1273 1241 1325; x_wconf 81' lang='lat' dir='ltr'><strong><em>super</em></strong></span> <span class='ocrx_word' id='word_1_169' title='bbox 1258 1257 1345 1311; x_wconf 84' lang='lat' dir='ltr'><strong><em>solern</em></strong></span> <span class='ocrx_word' id='word_1_170' title='bbox 1361 1259 1479 1311; x_wconf 87' lang='lat' dir='ltr'><strong><em>emicuit.</em></strong></span> <span class='ocrx_word' id='word_1_171' title='bbox 1496 1256 1590 1312; x_wconf 85' lang='lat' dir='ltr'><strong><em>homil.</em></strong></span> <span class='ocrx_word' id='word_1_172' title='bbox 1610 1263 1634 1313; x_wconf 81' lang='lat'><strong><em>³.</em></strong></span> <span class='ocrx_word' id='word_1_173' title='bbox 1651 1257 1681 1311; x_wconf 87' lang='lat' dir='ltr'><strong><em>in</em></strong></span> <span class='ocrx_word' id='word_1_174' title='bbox 1698 1262 1723 1313; x_wconf 74' lang='lat'><strong><em>2.</em></strong></span> <span class='ocrx_word' id='word_1_175' title='bbox 1740 1254 1901 1312; x_wconf 71' lang='lat' dir='ltr'><strong><em>Thasum</em></strong></span> 
     </span>
     <span class='ocr_line' id='line_1_13' title="bbox 194 1341 1902 1412; baseline -0.001 -16"><span class='ocrx_word' id='word_1_176' title='bbox 194 1342 440 1412; x_wconf 81' lang='lat' dir='ltr'><strong><em>praedicantibue,</em></strong></span> <span class='ocrx_word' id='word_1_177' title='bbox 466 1342 511 1395; x_wconf 84' lang='lat' dir='ltr'><strong><em>bis</em></strong></span> <span class='ocrx_word' id='word_1_178' title='bbox 533 1350 624 1396; x_wconf 89' lang='lat' dir='ltr'><strong><em>tamen</em></strong></span> <span class='ocrx_word' id='word_1_179' title='bbox 648 1344 768 1411; x_wconf 89' lang='lat' dir='ltr'><strong><em>quinon</em></strong></span> <span class='ocrx_word' id='word_1_180' title='bbox 782 1359 873 1412; x_wconf 64' lang='lat' dir='ltr'><strong><em>mars</em></strong></span> <span class='ocrx_word' id='word_1_181' title='bbox 892 1344 1036 1396; x_wconf 80' lang='lat' dir='ltr'><strong><em>intendunt</em></strong></span> <span class='ocrx_word' id='word_1_182' title='bbox 1061 1341 1111 1396; x_wconf 83' lang='lat' dir='ltr'><strong><em>col.</em></strong></span> <span class='ocrx_word' id='word_1_183' title='bbox 1139 1347 1217 1398; x_wconf 83' lang='lat'>1413:</span> <span class='ocrx_word' id='word_1_184' title='bbox 1249 1342 1349 1396; x_wconf 87' lang='lat' dir='ltr'><strong><em>Omnia</em></strong></span> <span class='ocrx_word' id='word_1_185' title='bbox 1373 1344 1455 1397; x_wconf 89' lang='lat' dir='ltr'><strong><em>clara</em></strong></span> <span class='ocrx_word' id='word_1_186' title='bbox 1479 1351 1544 1397; x_wconf 82' lang='lat' dir='ltr'><strong><em>runt</em></strong></span> <span class='ocrx_word' id='word_1_187' title='bbox 1567 1361 1601 1397; x_wconf 88' lang='lat' dir='ltr'><strong><em>ac</em></strong></span> <span class='ocrx_word' id='word_1_188' title='bbox 1620 1344 1716 1411; x_wconf 85' lang='lat' dir='ltr'><strong><em>plana</em></strong></span> <span class='ocrx_word' id='word_1_189' title='bbox 1740 1342 1773 1396; x_wconf 82' lang='lat' dir='ltr'><strong><em>iu</em></strong></span> <span class='ocrx_word' id='word_1_190' title='bbox 1796 1341 1902 1395; x_wconf 81' lang='lat' dir='ltr'><strong><em>dioins&#39;s</em></strong></span> 
     </span>
     <span class='ocr_line' id='line_1_14' title="bbox 198 1427 1901 1498; baseline -0.002 -14"><span class='ocrx_word' id='word_1_191' title='bbox 198 1429 246 1484; x_wconf 81' lang='lat' dir='ltr'><strong><em>cis.</em></strong></span> <span class='ocrx_word' id='word_1_192' title='bbox 264 1427 311 1483; x_wconf 89' lang='lat' dir='ltr'><strong><em>lib.</em></strong></span> <span class='ocrx_word' id='word_1_193' title='bbox 331 1432 355 1481; x_wconf 82' lang='lat'><strong><em>3.</em></strong></span> <span class='ocrx_word' id='word_1_194' title='bbox 374 1443 398 1481; x_wconf 80' lang='lat' dir='ltr'><strong><em>c.</em></strong></span> <span class='ocrx_word' id='word_1_195' title='bbox 418 1432 446 1481; x_wconf 85' lang='lat'><strong><em>2:</em></strong></span> <span class='ocrx_word' id='word_1_196' title='bbox 475 1427 542 1482; x_wconf 70' lang='lat' dir='ltr'><strong><em>turn</em></strong></span> <span class='ocrx_word' id='word_1_197' title='bbox 566 1445 599 1481; x_wconf 81' lang='lat' dir='ltr'><strong><em>ea</em></strong></span> <span class='ocrx_word' id='word_1_198' title='bbox 617 1429 773 1498; x_wconf 75' lang='lat' dir='ltr'><strong><em>Scripturis</em></strong></span> <span class='ocrx_word' id='word_1_199' title='bbox 796 1428 931 1483; x_wconf 84' lang='lat' dir='ltr'><strong><em>baeretici</em></strong></span> <span class='ocrx_word' id='word_1_200' title='bbox 952 1446 1035 1494; x_wconf 84' lang='lat' dir='ltr'><strong><em>arqu-</em></strong></span> <span class='ocrx_word' id='word_1_201' title='bbox 1063 1427 1233 1497; x_wconf 66' lang='lat' dir='ltr'><strong><em>Scriptura,</em></strong></span> <span class='ocrx_word' id='word_1_202' title='bbox 1260 1445 1437 1497; x_wconf 85' lang='lat' dir='ltr'><strong><em>quaecunque</em></strong></span> <span class='ocrx_word' id='word_1_203' title='bbox 1461 1430 1621 1483; x_wconf 86' lang='lat' dir='ltr'><strong><em>necessaria</em></strong></span> <span class='ocrx_word' id='word_1_204' title='bbox 1644 1435 1722 1497; x_wconf 83' lang='lat' dir='ltr'><strong><em>sunt,</em></strong></span> <span class='ocrx_word' id='word_1_205' title='bbox 1746 1428 1901 1495; x_wconf 70' lang='lat' dir='ltr'><strong><em>manifesta</em></strong></span> 
     </span>
     <span class='ocr_line' id='line_1_15' title="bbox 198 1512 1900 1585; baseline 0.001 -17"><span class='ocrx_word' id='word_1_206' title='bbox 198 1523 296 1581; x_wconf 79' lang='lat' dir='ltr'><strong><em>untur,</em></strong></span> <span class='ocrx_word' id='word_1_207' title='bbox 314 1522 448 1567; x_wconf 69' lang='lat' dir='ltr'><strong><em>nommant</em></strong></span> <span class='ocrx_word' id='word_1_208' title='bbox 469 1532 517 1567; x_wconf 89' lang='lat' dir='ltr'><strong><em>eas</em></strong></span> <span class='ocrx_word' id='word_1_209' title='bbox 537 1516 722 1568; x_wconf 81' lang='lat' dir='ltr'><strong><em>obecttritatis.</em></strong></span> <span class='ocrx_word' id='word_1_210' title='bbox 757 1515 946 1569; x_wconf 72' lang='lat' dir='ltr'><strong><em>Tertullianus</em></strong></span> <span class='ocrx_word' id='word_1_211' title='bbox 963 1513 1035 1569; x_wconf 89' lang='lat' dir='ltr'><strong><em>libro</em></strong></span> <span class='ocrx_word' id='word_1_212' title='bbox 1061 1520 1134 1581; x_wconf 88' lang='lat' dir='ltr'><strong><em>sunt,</em></strong></span> <span class='ocrx_word' id='word_1_213' title='bbox 1158 1512 1251 1567; x_wconf 77' lang='grc' dir='ltr'><em>πάντα</em></span> <span class='ocrx_word' id='word_1_214' title='bbox 1270 1513 1410 1583; x_wconf 77' lang='grc' dir='ltr'><strong><em>ἀναγκαῖα</em></strong></span> <span class='ocrx_word' id='word_1_215' title='bbox 1427 1515 1507 1582; x_wconf 74' lang='grc' dir='ltr'><strong><em>δῆλα,</em></strong></span> <span class='ocrx_word' id='word_1_216' title='bbox 1526 1516 1605 1585; x_wconf 79' lang='grc' dir='ltr'><strong><em>σαφῆ</em></strong></span> <span class='ocrx_word' id='word_1_217' title='bbox 1622 1518 1669 1567; x_wconf 81' lang='lat' dir='ltr'><strong><em>rai</em></strong></span> <span class='ocrx_word' id='word_1_218' title='bbox 1686 1512 1783 1568; x_wconf 73' lang='lat' dir='ltr'><strong><em>etsta</em></strong></span> <span class='ocrx_word' id='word_1_219' title='bbox 1807 1513 1900 1569; x_wconf 80' lang='lat' dir='ltr'><strong><em>homil</em></strong></span> 
     </span>
     <span class='ocr_line' id='line_1_16' title="bbox 199 1597 1902 1671; baseline -0.002 -16"><span class='ocrx_word' id='word_1_220' title='bbox 199 1600 235 1655; x_wconf 87' lang='lat' dir='ltr'><strong><em>ds</em></strong></span> <span class='ocrx_word' id='word_1_221' title='bbox 267 1599 467 1655; x_wconf 77' lang='lat' dir='ltr'><strong><em>resurrections</em></strong></span> <span class='ocrx_word' id='word_1_222' title='bbox 493 1601 584 1654; x_wconf 84' lang='lat' dir='ltr'><strong><em>cernis</em></strong></span> <span class='ocrx_word' id='word_1_223' title='bbox 612 1618 636 1655; x_wconf 92' lang='lat' dir='ltr'><strong><em>c.</em></strong></span> <span class='ocrx_word' id='word_1_224' title='bbox 664 1607 706 1656; x_wconf 79' lang='lat' dir='ltr'><strong><em>tt.</em></strong></span> <span class='ocrx_word' id='word_1_225' title='bbox 733 1618 760 1671; x_wconf 93' lang='lat' dir='ltr'><strong><em>p.</em></strong></span> <span class='ocrx_word' id='word_1_226' title='bbox 792 1606 856 1656; x_wconf 78' lang='lat'><strong>338:</strong></span> <span class='ocrx_word' id='word_1_227' title='bbox 888 1602 949 1666; x_wconf 73' lang='lat' dir='ltr'><strong><em>Ape</em></strong></span> <span class='ocrx_word' id='word_1_228' title='bbox 970 1600 1035 1668; x_wconf 80' lang='lat' dir='ltr'><strong><em>jam</em></strong></span> <span class='ocrx_word' id='word_1_229' title='bbox 1062 1602 1085 1652; x_wconf 88' lang='grc'><strong><em>3.</em></strong></span> <span class='ocrx_word' id='word_1_230' title='bbox 1104 1597 1140 1653; x_wconf 88' lang='lat' dir='ltr'><strong><em>dc</em></strong></span> <span class='ocrx_word' id='word_1_231' title='bbox 1157 1599 1281 1654; x_wconf 68' lang='lat' dir='ltr'><strong><em>husto:</em></strong></span> <span class='ocrx_word' id='word_1_232' title='bbox 1308 1601 1388 1653; x_wconf 84' lang='lat' dir='ltr'><strong><em>Fieri</em></strong></span> <span class='ocrx_word' id='word_1_233' title='bbox 1403 1618 1460 1654; x_wconf 89' lang='lat' dir='ltr'><strong><em>non</em></strong></span> <span class='ocrx_word' id='word_1_234' title='bbox 1473 1608 1579 1670; x_wconf 89' lang='lat' dir='ltr'><strong><em>potest,</em></strong></span> <span class='ocrx_word' id='word_1_235' title='bbox 1603 1608 1633 1654; x_wconf 86' lang='lat' dir='ltr'><strong><em>ut</em></strong></span> <span class='ocrx_word' id='word_1_236' title='bbox 1649 1600 1745 1653; x_wconf 85' lang='lat' dir='ltr'><strong><em>omnia</em></strong></span> <span class='ocrx_word' id='word_1_237' title='bbox 1762 1616 1902 1668; x_wconf 81' lang='lat' dir='ltr'><strong><em>anaeque</em></strong></span> 
     </span>
     <span class='ocr_line' id='line_1_17' title="bbox 199 1684 1900 1756; baseline 0.001 -18"><span class='ocrx_word' id='word_1_238' title='bbox 199 1687 276 1756; x_wconf 61' lang='lat' dir='ltr'><strong><em>meod</em></strong></span> <span class='ocrx_word' id='word_1_239' title='bbox 299 1687 340 1738; x_wconf 87' lang='lat' dir='ltr'><strong><em>ad</em></strong></span> <span class='ocrx_word' id='word_1_240' title='bbox 361 1685 619 1739; x_wconf 68' lang='lat' dir='ltr'><strong><em>llasaionicenses</em></strong></span> <span class='ocrx_word' id='word_1_241' title='bbox 642 1694 672 1739; x_wconf 88' lang='lat' dir='ltr'><strong><em>ut</em></strong></span> <span class='ocrx_word' id='word_1_242' title='bbox 689 1686 779 1755; x_wconf 74' lang='lat' dir='ltr'><strong><em>ipsius</em></strong></span> <span class='ocrx_word' id='word_1_243' title='bbox 796 1686 865 1739; x_wconf 86' lang='lat' dir='ltr'><strong><em>solis</em></strong></span> <span class='ocrx_word' id='word_1_244' title='bbox 882 1686 967 1738; x_wconf 90' lang='lat' dir='ltr'><strong><em>radio</em></strong></span> <span class='ocrx_word' id='word_1_245' title='bbox 983 1703 1034 1753; x_wconf 87' lang='lat' dir='ltr'><strong><em>pu·</em></strong></span> <span class='ocrx_word' id='word_1_246' title='bbox 1062 1684 1185 1750; x_wconf 78' lang='lat' dir='ltr'><strong><em>iqnorer,</em></strong></span> <span class='ocrx_word' id='word_1_247' title='bbox 1209 1686 1348 1753; x_wconf 85' lang='lat' dir='ltr'><strong><em>siquidem</em></strong></span> <span class='ocrx_word' id='word_1_248' title='bbox 1366 1686 1407 1740; x_wconf 89' lang='lat' dir='ltr'><strong><em>ita</em></strong></span> <span class='ocrx_word' id='word_1_249' title='bbox 1427 1687 1552 1756; x_wconf 76' lang='lat' dir='ltr'><strong><em>Spiritus</em></strong></span> <span class='ocrx_word' id='word_1_250' title='bbox 1567 1687 1660 1740; x_wconf 77' lang='lat' dir='ltr'><strong><em>sandi</em></strong></span> <span class='ocrx_word' id='word_1_251' title='bbox 1675 1685 1773 1754; x_wconf 80' lang='lat' dir='ltr'><strong><em>qratia</em></strong></span> <span class='ocrx_word' id='word_1_252' title='bbox 1791 1687 1900 1754; x_wconf 65' lang='grc' dir='ltr'><strong><em>ὥροι-</em></strong></span> 
     </span>
     <span class='ocr_line' id='line_1_18' title="bbox 198 1770 1901 1841; baseline 0.001 -17"><span class='ocrx_word' id='word_1_253' title='bbox 198 1778 250 1824; x_wconf 84' lang='lat' dir='ltr'><strong><em>tem</em></strong></span> <span class='ocrx_word' id='word_1_254' title='bbox 277 1771 424 1839; x_wconf 73' lang='lat' dir='ltr'><strong><em>scriptitas,</em></strong></span> <span class='ocrx_word' id='word_1_255' title='bbox 452 1771 493 1824; x_wconf 87' lang='lat' dir='ltr'><strong><em>ita</em></strong></span> <span class='ocrx_word' id='word_1_256' title='bbox 522 1772 624 1837; x_wconf 88' lang='lat' dir='ltr'><strong><em>claret,</em></strong></span> <span class='ocrx_word' id='word_1_257' title='bbox 653 1771 776 1840; x_wconf 87' lang='lat' dir='ltr'><strong><em>qualiter</em></strong></span> <span class='ocrx_word' id='word_1_258' title='bbox 803 1771 940 1839; x_wconf 76' lang='lat' dir='ltr'><strong><em>accipient</em></strong></span> <span class='ocrx_word' id='word_1_259' title='bbox 968 1770 1034 1823; x_wconf 89' lang='lat' dir='ltr'><strong><em>luci·</em></strong></span> <span class='ocrx_word' id='word_1_260' title='bbox 1061 1770 1132 1822; x_wconf 87' lang='lat' dir='ltr'><strong><em>savit</em></strong></span> <span class='ocrx_word' id='word_1_261' title='bbox 1154 1770 1209 1824; x_wconf 85' lang='lat' dir='ltr'><strong><em>illa</em></strong></span> <span class='ocrx_word' id='word_1_262' title='bbox 1233 1773 1454 1840; x_wconf 81' lang='lat' dir='ltr'><strong><em>temperaritque,</em></strong></span> <span class='ocrx_word' id='word_1_263' title='bbox 1474 1789 1528 1841; x_wconf 91' lang='lat' dir='ltr'><strong><em>quo</em></strong></span> <span class='ocrx_word' id='word_1_264' title='bbox 1547 1771 1709 1840; x_wconf 87' lang='lat' dir='ltr'><strong><em>publicani,</em></strong></span> <span class='ocrx_word' id='word_1_265' title='bbox 1732 1771 1901 1840; x_wconf 81' lang='lat' dir='ltr'><strong><em>piscatores,</em></strong></span> 
     </span>
     <span class='ocr_line' id='line_1_19' title="bbox 197 1855 1902 1927; baseline 0.001 -19"><span class='ocrx_word' id='word_1_266' title='bbox 197 1857 286 1923; x_wconf 79' lang='lat' dir='ltr'><strong><em>suque</em></strong></span> <span class='ocrx_word' id='word_1_267' title='bbox 321 1855 371 1908; x_wconf 89' lang='lat' dir='ltr'><strong><em>isti</em></strong></span> <span class='ocrx_word' id='word_1_268' title='bbox 401 1855 635 1924; x_wconf 77' lang='lat' dir='ltr'><strong><em>Scripturamsmt</em></strong></span> <span class='ocrx_word' id='word_1_269' title='bbox 670 1855 796 1911; x_wconf 80' lang='lat' dir='ltr'><strong><em>Clemens</em></strong></span> <span class='ocrx_word' id='word_1_270' title='bbox 825 1855 975 1911; x_wconf 78' lang='lat' dir='ltr'><strong><em>Alexandr.</em></strong></span> <span class='ocrx_word' id='word_1_271' title='bbox 1006 1855 1034 1908; x_wconf 90' lang='lat' dir='ltr'><strong><em>in</em></strong></span> <span class='ocrx_word' id='word_1_272' title='bbox 1062 1856 1303 1910; x_wconf 68' lang='lat' dir='ltr'><strong><em>tabernaculorum</em></strong></span> <span class='ocrx_word' id='word_1_273' title='bbox 1321 1859 1448 1927; x_wconf 78' lang='lat' dir='ltr'><strong><em>opifices,</em></strong></span> <span class='ocrx_word' id='word_1_274' title='bbox 1472 1865 1614 1924; x_wconf 78' lang='lat' dir='ltr'><strong><em>pastores.</em></strong></span> <span class='ocrx_word' id='word_1_275' title='bbox 1631 1857 1753 1923; x_wconf 66' lang='lat' dir='ltr'><strong><em>idmtas,</em></strong></span> <span class='ocrx_word' id='word_1_276' title='bbox 1771 1855 1902 1910; x_wconf 76' lang='lat' dir='ltr'><strong><em>illiterati</em></strong></span> 
     </span>
     <span class='ocr_line' id='line_1_20' title="bbox 199 1940 1902 2011; baseline 0.001 -17"><span class='ocrx_word' id='word_1_277' title='bbox 199 1940 359 2011; x_wconf 85' lang='lat' dir='ltr'><strong><em>protreptic.</em></strong></span> <span class='ocrx_word' id='word_1_278' title='bbox 384 1958 412 2011; x_wconf 90' lang='lat' dir='ltr'><strong><em>p.</em></strong></span> <span class='ocrx_word' id='word_1_279' title='bbox 436 1946 484 1997; x_wconf 81' lang='lat'><strong><em>29:</em></strong></span> <span class='ocrx_word' id='word_1_280' title='bbox 521 1942 627 1995; x_wconf 75' lang='lat' dir='ltr'><strong><em>Audite</em></strong></span> <span class='ocrx_word' id='word_1_281' title='bbox 653 1943 703 2010; x_wconf 88' lang='lat' dir='ltr'><strong><em>qui</em></strong></span> <span class='ocrx_word' id='word_1_282' title='bbox 726 1943 790 1994; x_wconf 80' lang='lat' dir='ltr'><strong><em>ectis</em></strong></span> <span class='ocrx_word' id='word_1_283' title='bbox 816 1942 910 2010; x_wconf 76' lang='lat' dir='ltr'><strong><em>torpe,</em></strong></span> <span class='ocrx_word' id='word_1_284' title='bbox 939 1942 1035 1994; x_wconf 87' lang='lat' dir='ltr'><strong><em>audite</em></strong></span> <span class='ocrx_word' id='word_1_285' title='bbox 1059 1957 1113 2008; x_wconf 87' lang='lat' dir='ltr'><strong><em>per</em></strong></span> <span class='ocrx_word' id='word_1_286' title='bbox 1135 1942 1186 1994; x_wconf 75' lang='lat' dir='ltr'><strong><em>lios</em></strong></span> <span class='ocrx_word' id='word_1_287' title='bbox 1212 1943 1301 1996; x_wconf 87' lang='lat' dir='ltr'><strong><em>libros</em></strong></span> <span class='ocrx_word' id='word_1_288' title='bbox 1324 1942 1399 1996; x_wconf 78' lang='lat' dir='ltr'><strong><em>salvi</em></strong></span> <span class='ocrx_word' id='word_1_289' title='bbox 1414 1943 1529 2010; x_wconf 83' lang='lat' dir='ltr'><strong><em>fierent,</em></strong></span> <span class='ocrx_word' id='word_1_290' title='bbox 1553 1959 1587 1996; x_wconf 90' lang='lat' dir='ltr'><strong><em>ne</em></strong></span> <span class='ocrx_word' id='word_1_291' title='bbox 1604 1942 1667 2011; x_wconf 79' lang='lat' dir='ltr'><strong><em>quis</em></strong></span> <span class='ocrx_word' id='word_1_292' title='bbox 1684 1941 1843 1995; x_wconf 75' lang='lat' dir='ltr'><strong><em>idiotamm</em></strong></span> <span class='ocrx_word' id='word_1_293' title='bbox 1861 1943 1902 1995; x_wconf 82' lang='lat' dir='ltr'><strong><em>ati</em></strong></span> 
     </span>
     <span class='ocr_line' id='line_1_21' title="bbox 198 2026 1901 2096; baseline 0.002 -19"><span class='ocrx_word' id='word_1_294' title='bbox 198 2026 250 2096; x_wconf 91' lang='lat' dir='ltr'><strong><em>qui</em></strong></span> <span class='ocrx_word' id='word_1_295' title='bbox 266 2027 332 2078; x_wconf 87' lang='lat' dir='ltr'><strong><em>estis</em></strong></span> <span class='ocrx_word' id='word_1_296' title='bbox 344 2042 444 2095; x_wconf 84' lang='lat' dir='ltr'><strong><em>prope.</em></strong></span> <span class='ocrx_word' id='word_1_297' title='bbox 480 2027 577 2080; x_wconf 82' lang='lat' dir='ltr'><strong><em>Nullr&#39;s</em></strong></span> <span class='ocrx_word' id='word_1_298' title='bbox 595 2027 712 2080; x_wconf 75' lang='lat' dir='ltr'><strong><em>celamm</em></strong></span> <span class='ocrx_word' id='word_1_299' title='bbox 730 2036 769 2080; x_wconf 87' lang='lat' dir='ltr'><strong><em>est</em></strong></span> <span class='ocrx_word' id='word_1_300' title='bbox 786 2029 909 2095; x_wconf 68' lang='lat' dir='ltr'><strong><em>cabum,</em></strong></span> <span class='ocrx_word' id='word_1_301' title='bbox 929 2028 977 2080; x_wconf 80' lang='lat' dir='ltr'><strong><em>lua</em></strong></span> <span class='ocrx_word' id='word_1_302' title='bbox 996 2035 1035 2079; x_wconf 89' lang='lat' dir='ltr'><strong><em>est</em></strong></span> <span class='ocrx_word' id='word_1_303' title='bbox 1063 2027 1242 2095; x_wconf 65' lang='lat' dir='ltr'><strong><em>dissimulatis</em></strong></span> <span class='ocrx_word' id='word_1_304' title='bbox 1276 2029 1369 2095; x_wconf 88' lang='lat' dir='ltr'><strong><em>possit</em></strong></span> <span class='ocrx_word' id='word_1_305' title='bbox 1400 2029 1553 2095; x_wconf 72' lang='lat' dir='ltr'><strong><em>confuqere</em></strong></span> <span class='ocrx_word' id='word_1_306' title='bbox 1586 2027 1798 2082; x_wconf 70' lang='lat' dir='ltr'><strong><em>mutationem.</em></strong></span> <span class='ocrx_word' id='word_1_307' title='bbox 1833 2026 1901 2082; x_wconf 75' lang='lat' dir='ltr'><strong><em>ibit</em></strong></span> 
     </span>
     <span class='ocr_line' id='line_1_22' title="bbox 199 2111 1900 2183; baseline 0.001 -18"><span class='ocrx_word' id='word_1_308' title='bbox 199 2111 351 2166; x_wconf 87' lang='lat' dir='ltr'><strong><em>communis</em></strong></span> <span class='ocrx_word' id='word_1_309' title='bbox 375 2111 514 2178; x_wconf 85' lang='lat' dir='ltr'><strong><em>omnibus,</em></strong></span> <span class='ocrx_word' id='word_1_310' title='bbox 540 2112 677 2165; x_wconf 69' lang='lat' dir='ltr'><strong><em>illucescit</em></strong></span> <span class='ocrx_word' id='word_1_311' title='bbox 700 2114 834 2168; x_wconf 87' lang='lat' dir='ltr'><strong><em>omnibus.</em></strong></span> <span class='ocrx_word' id='word_1_312' title='bbox 869 2112 974 2165; x_wconf 87' lang='lat' dir='ltr'><strong><em>Nullus</em></strong></span> <span class='ocrx_word' id='word_1_313' title='bbox 997 2120 1036 2164; x_wconf 86' lang='lat' dir='ltr'><strong><em>est</em></strong></span> <span class='ocrx_word' id='word_1_314' title='bbox 1062 2111 1169 2167; x_wconf 86' lang='lat' dir='ltr'><strong><em>confert</em></strong></span> <span class='ocrx_word' id='word_1_315' title='bbox 1186 2112 1304 2167; x_wconf 84' lang='lat' dir='ltr'><strong><em>invicem</em></strong></span> <span class='ocrx_word' id='word_1_316' title='bbox 1321 2112 1406 2168; x_wconf 86' lang='lat' dir='ltr'><strong><em>libros</em></strong></span> <span class='ocrx_word' id='word_1_317' title='bbox 1423 2111 1574 2176; x_wconf 84' lang='lat' dir='ltr'><strong><em>rhetorum,</em></strong></span> <span class='ocrx_word' id='word_1_318' title='bbox 1601 2112 1831 2183; x_wconf 84' lang='lat' dir='ltr'><strong><em>philosophorum</em></strong></span> <span class='ocrx_word' id='word_1_319' title='bbox 1849 2119 1900 2169; x_wconf 73' lang='lat' dir='ltr'><strong><em>etc</em></strong></span> 
     </span>
     <span class='ocr_line' id='line_1_23' title="bbox 201 2195 1900 2268; baseline 0.002 -19"><span class='ocrx_word' id='word_1_320' title='bbox 201 2196 231 2250; x_wconf 88' lang='lat' dir='ltr'><strong><em>in</em></strong></span> <span class='ocrx_word' id='word_1_321' title='bbox 260 2195 351 2248; x_wconf 79' lang='lat' dir='ltr'><strong><em>verbio</em></strong></span> <span class='ocrx_word' id='word_1_322' title='bbox 382 2197 552 2259; x_wconf 85' lang='lat' dir='ltr'><strong><em>cimmerius,</em></strong></span> <span class='ocrx_word' id='word_1_323' title='bbox 587 2199 712 2252; x_wconf 68' lang='lat' dir='ltr'><strong><em>tendens</em></strong></span> <span class='ocrx_word' id='word_1_324' title='bbox 742 2198 846 2251; x_wconf 87' lang='lat' dir='ltr'><strong><em>nullae.</em></strong></span> <span class='ocrx_word' id='word_1_325' title='bbox 891 2197 929 2251; x_wconf 85' lang='lat' dir='ltr'><strong><em>Et</em></strong></span> <span class='ocrx_word' id='word_1_326' title='bbox 952 2202 1035 2267; x_wconf 78' lang='lat' dir='ltr'><strong><em>paulo</em></strong></span> <span class='ocrx_word' id='word_1_327' title='bbox 1062 2215 1095 2252; x_wconf 86' lang='lat' dir='ltr'><strong><em>se</em></strong></span> <span class='ocrx_word' id='word_1_328' title='bbox 1113 2198 1285 2268; x_wconf 80' lang='lat' dir='ltr'><strong><em>Scriptorum</em></strong></span> <span class='ocrx_word' id='word_1_329' title='bbox 1302 2213 1456 2264; x_wconf 87' lang='lat' dir='ltr'><strong><em>sacrorum,</em></strong></span> <span class='ocrx_word' id='word_1_330' title='bbox 1483 2199 1548 2252; x_wconf 82' lang='lat' dir='ltr'><strong><em>illos</em></strong></span> <span class='ocrx_word' id='word_1_331' title='bbox 1566 2200 1711 2265; x_wconf 82' lang='lat' dir='ltr'><strong><em>obscuros,</em></strong></span> <span class='ocrx_word' id='word_1_332' title='bbox 1737 2199 1790 2252; x_wconf 84' lang='lat' dir='ltr'><strong><em>bor</em></strong></span> <span class='ocrx_word' id='word_1_333' title='bbox 1806 2199 1900 2252; x_wconf 80' lang='lat' dir='ltr'><strong><em>claros</em></strong></span> 
     </span>
     <span class='ocr_line' id='line_1_24' title="bbox 201 2282 1899 2357; baseline 0.001 -22"><span class='ocrx_word' id='word_1_334' title='bbox 201 2286 278 2352; x_wconf 85' lang='lat' dir='ltr'><strong><em>post:</em></strong></span> <span class='ocrx_word' id='word_1_335' title='bbox 307 2282 419 2335; x_wconf 87' lang='lat' dir='ltr'><strong><em>Verbum</em></strong></span> <span class='ocrx_word' id='word_1_336' title='bbox 437 2283 482 2336; x_wconf 84' lang='lat' dir='ltr'><strong><em>sol</em></strong></span> <span class='ocrx_word' id='word_1_337' title='bbox 499 2284 670 2349; x_wconf 84' lang='lat' dir='ltr'><strong><em>estonimae,</em></strong></span> <span class='ocrx_word' id='word_1_338' title='bbox 688 2284 738 2352; x_wconf 88' lang='lat' dir='ltr'><strong><em>qui</em></strong></span> <span class='ocrx_word' id='word_1_339' title='bbox 753 2285 780 2337; x_wconf 84' lang='lat' dir='ltr'><strong><em>si</em></strong></span> <span class='ocrx_word' id='word_1_340' title='bbox 797 2290 906 2338; x_wconf 74' lang='lat' dir='ltr'><strong><em>tamtus</em></strong></span> <span class='ocrx_word' id='word_1_341' title='bbox 925 2284 955 2336; x_wconf 87' lang='lat' dir='ltr'><strong><em>in</em></strong></span> <span class='ocrx_word' id='word_1_342' title='bbox 968 2300 1037 2357; x_wconf 87' lang='lat' dir='ltr'><strong><em>pro-</em></strong></span> <span class='ocrx_word' id='word_1_343' title='bbox 1062 2290 1088 2336; x_wconf 87' lang='lat' dir='ltr'><strong><em>et</em></strong></span> <span class='ocrx_word' id='word_1_344' title='bbox 1101 2284 1269 2351; x_wconf 78' lang='lat' dir='ltr'><strong><em>perspicuos</em></strong></span> <span class='ocrx_word' id='word_1_345' title='bbox 1288 2299 1425 2337; x_wconf 86' lang='lat' dir='ltr'><strong><em>asserens.</em></strong></span> <span class='ocrx_word' id='word_1_346' title='bbox 1458 2282 1633 2354; x_wconf 73' lang='lat' dir='ltr'><strong><em>Augustinus</em></strong></span> <span class='ocrx_word' id='word_1_347' title='bbox 1651 2283 1731 2353; x_wconf 79' lang='lat' dir='ltr'><strong><em>epist</em></strong></span> <span class='ocrx_word' id='word_1_348' title='bbox 1749 2289 1774 2339; x_wconf 85' lang='grc'><strong><em>3.</em></strong></span> <span class='ocrx_word' id='word_1_349' title='bbox 1791 2290 1857 2339; x_wconf 84' lang='lat' dir='ltr'><strong><em>tom.</em></strong></span> <span class='ocrx_word' id='word_1_350' title='bbox 1874 2289 1899 2340; x_wconf 81' lang='lat' dir='ltr'><strong><em>t.</em></strong></span> 
     </span>
     <span class='ocr_line' id='line_1_25' title="bbox 195 2368 1901 2439; baseline 0.001 -18"><span class='ocrx_word' id='word_1_351' title='bbox 195 2368 294 2435; x_wconf 83' lang='lat' dir='ltr'><strong><em>sunda</em></strong></span> <span class='ocrx_word' id='word_1_352' title='bbox 322 2368 420 2422; x_wconf 89' lang='lat' dir='ltr'><strong><em>mentis</em></strong></span> <span class='ocrx_word' id='word_1_353' title='bbox 450 2369 500 2435; x_wconf 91' lang='lat' dir='ltr'><strong><em>sit,</em></strong></span> <span class='ocrx_word' id='word_1_354' title='bbox 531 2369 611 2421; x_wconf 88' lang='lat' dir='ltr'><strong><em>illius</em></strong></span> <span class='ocrx_word' id='word_1_355' title='bbox 629 2385 736 2438; x_wconf 87' lang='lat' dir='ltr'><strong><em>quoque</em></strong></span> <span class='ocrx_word' id='word_1_356' title='bbox 754 2369 915 2423; x_wconf 85' lang='lat' dir='ltr'><strong><em>illustratur</em></strong></span> <span class='ocrx_word' id='word_1_357' title='bbox 932 2368 1037 2422; x_wconf 88' lang='lat' dir='ltr'><strong><em>oculus.</em></strong></span> <span class='ocrx_word' id='word_1_358' title='bbox 1062 2368 1114 2424; x_wconf 89' lang='lat' dir='ltr'><strong><em>col.</em></strong></span> <span class='ocrx_word' id='word_1_359' title='bbox 1136 2375 1179 2424; x_wconf 80' lang='lat'><strong><em>15:</em></strong></span> <span class='ocrx_word' id='word_1_360' title='bbox 1204 2370 1313 2422; x_wconf 86' lang='lat' dir='ltr'><strong><em>Modus</em></strong></span> <span class='ocrx_word' id='word_1_361' title='bbox 1336 2369 1395 2437; x_wconf 77' lang='lat' dir='ltr'><strong><em>ipse</em></strong></span> <span class='ocrx_word' id='word_1_362' title='bbox 1415 2369 1544 2437; x_wconf 87' lang='lat' dir='ltr'><strong><em>dicendi,</em></strong></span> <span class='ocrx_word' id='word_1_363' title='bbox 1572 2387 1627 2438; x_wconf 89' lang='lat' dir='ltr'><strong><em>quc</em></strong></span> <span class='ocrx_word' id='word_1_364' title='bbox 1643 2387 1729 2423; x_wconf 85' lang='lat' dir='ltr'><strong><em>sacra</em></strong></span> <span class='ocrx_word' id='word_1_365' title='bbox 1750 2369 1901 2439; x_wconf 56' lang='lat' dir='ltr'><strong><em>muru</em></strong></span> 
     </span>
     <span class='ocr_line' id='line_1_26' title="bbox 202 2446 1901 2530; baseline 0.001 -22"><span class='ocrx_word' id='word_1_366' title='bbox 202 2452 366 2508; x_wconf 76' lang='lat' dir='ltr'><strong><em>Lactantius</em></strong></span> <span class='ocrx_word' id='word_1_367' title='bbox 396 2452 443 2507; x_wconf 90' lang='lat' dir='ltr'><strong><em>lib.</em></strong></span> <span class='ocrx_word' id='word_1_368' title='bbox 466 2458 488 2508; x_wconf 89' lang='lat'><strong><em>1.</em></strong></span> <span class='ocrx_word' id='word_1_369' title='bbox 515 2453 651 2530; x_wconf 64' lang='lat' dir='ltr'><strong><em>Institc.</em></strong></span> <span class='ocrx_word' id='word_1_370' title='bbox 674 2460 702 2508; x_wconf 87' lang='lat'><strong><em>1:</em></strong></span> <span class='ocrx_word' id='word_1_371' title='bbox 734 2455 843 2518; x_wconf 76' lang='lat' dir='ltr'><strong><em>Quanto</em></strong></span> <span class='ocrx_word' id='word_1_372' title='bbox 862 2455 970 2523; x_wconf 87' lang='lat' dir='ltr'><strong><em>justius</em></strong></span> <span class='ocrx_word' id='word_1_373' title='bbox 987 2470 1036 2520; x_wconf 85' lang='lat' dir='ltr'><strong><em>eqo</em></strong></span> <span class='ocrx_word' id='word_1_374' title='bbox 1063 2455 1225 2521; x_wconf 73' lang='lat' dir='ltr'><strong><em>contenitur,</em></strong></span> <span class='ocrx_word' id='word_1_375' title='bbox 1244 2446 1329 2524; x_wconf 79' lang='lat' dir='ltr'><strong><em>quam</em></strong></span> <span class='ocrx_word' id='word_1_376' title='bbox 1347 2456 1473 2507; x_wconf 69' lang='lat' dir='ltr'><strong><em>omrumts</em></strong></span> <span class='ocrx_word' id='word_1_377' title='bbox 1490 2454 1669 2521; x_wconf 81' lang='lat' dir='ltr'><strong><em>accessibilis,</em></strong></span> <span class='ocrx_word' id='word_1_378' title='bbox 1688 2457 1815 2524; x_wconf 65' lang='lat' dir='ltr'><strong><em>quam</em></strong></span> <span class='ocrx_word' id='word_1_379' title='bbox 1829 2473 1901 2526; x_wconf 85' lang='lat' dir='ltr'><strong><em>pau·</em></strong></span> 
     </span>
     <span class='ocr_line' id='line_1_27' title="bbox 203 2539 1901 2610; baseline 0.002 -16"><span class='ocrx_word' id='word_1_380' title='bbox 203 2556 245 2594; x_wconf 83' lang='lat' dir='ltr'><strong><em>me</em></strong></span> <span class='ocrx_word' id='word_1_381' title='bbox 274 2541 316 2593; x_wconf 86' lang='lat' dir='ltr'><strong><em>ad</em></strong></span> <span class='ocrx_word' id='word_1_382' title='bbox 343 2539 425 2592; x_wconf 86' lang='lat' dir='ltr'><strong><em>illam</em></strong></span> <span class='ocrx_word' id='word_1_383' title='bbox 457 2540 550 2608; x_wconf 90' lang='lat' dir='ltr'><strong><em>piam,</em></strong></span> <span class='ocrx_word' id='word_1_384' title='bbox 585 2557 680 2594; x_wconf 85' lang='lat' dir='ltr'><strong><em>aeram</em></strong></span> <span class='ocrx_word' id='word_1_385' title='bbox 714 2541 892 2610; x_wconf 83' lang='lat' dir='ltr'><strong><em>divinamque</em></strong></span> <span class='ocrx_word' id='word_1_386' title='bbox 926 2541 1037 2609; x_wconf 80' lang='lat' dir='ltr'><strong><em>sapi&#39;en·</em></strong></span> <span class='ocrx_word' id='word_1_387' title='bbox 1063 2541 1182 2593; x_wconf 64' lang='lat' dir='ltr'><strong><em>canores</em></strong></span> <span class='ocrx_word' id='word_1_388' title='bbox 1208 2540 1394 2609; x_wconf 64' lang='lat' dir='ltr'><strong><em>penetrabilia</em></strong></span> <span class='ocrx_word' id='word_1_389' title='bbox 1424 2557 1467 2609; x_wconf 87' lang='lat' dir='ltr'><strong><em>eo,</em></strong></span> <span class='ocrx_word' id='word_1_390' title='bbox 1496 2557 1568 2609; x_wconf 86' lang='lat' dir='ltr'><strong><em>quae</em></strong></span> <span class='ocrx_word' id='word_1_391' title='bbox 1593 2543 1850 2610; x_wconf 68' lang='lat' dir='ltr'><strong><em>apamiensium,</em></strong></span> <span class='ocrx_word' id='word_1_392' title='bbox 1874 2559 1901 2610; x_wconf 84' lang='lat' dir='ltr'><strong><em>q.</em></strong></span> 
     </span>
     <span class='ocr_line' id='line_1_28' title="bbox 203 2625 1902 2696; baseline 0.002 -17"><span class='ocrx_word' id='word_1_393' title='bbox 203 2625 287 2692; x_wconf 59' lang='lat' dir='ltr'><strong><em>fiam,</em></strong></span> <span class='ocrx_word' id='word_1_394' title='bbox 323 2626 407 2694; x_wconf 77' lang='lat' dir='ltr'><strong><em>quasi</em></strong></span> <span class='ocrx_word' id='word_1_395' title='bbox 433 2627 475 2679; x_wconf 82' lang='lat' dir='ltr'><strong><em>ad</em></strong></span> <span class='ocrx_word' id='word_1_396' title='bbox 496 2635 610 2696; x_wconf 90' lang='lat' dir='ltr'><strong><em>portum</em></strong></span> <span class='ocrx_word' id='word_1_397' title='bbox 636 2627 759 2695; x_wconf 76' lang='lat' dir='ltr'><strong><em>aliquem</em></strong></span> <span class='ocrx_word' id='word_1_398' title='bbox 783 2628 947 2680; x_wconf 66' lang='lat' dir='ltr'><strong><em>tuticsimum</em></strong></span> <span class='ocrx_word' id='word_1_399' title='bbox 975 2645 1037 2679; x_wconf 89' lang='lat' dir='ltr'><strong><em>con·</em></strong></span> <span class='ocrx_word' id='word_1_400' title='bbox 1064 2626 1170 2679; x_wconf 73' lang='lat' dir='ltr'><strong><em>amiciis</em></strong></span> <span class='ocrx_word' id='word_1_401' title='bbox 1194 2627 1354 2690; x_wconf 68' lang='lat' dir='ltr'><strong><em>familiana</em></strong></span> <span class='ocrx_word' id='word_1_402' title='bbox 1377 2627 1436 2679; x_wconf 86' lang='lat' dir='ltr'><strong><em>sine</em></strong></span> <span class='ocrx_word' id='word_1_403' title='bbox 1450 2628 1524 2694; x_wconf 78' lang='lat' dir='ltr'><strong><em>fuco</em></strong></span> <span class='ocrx_word' id='word_1_404' title='bbox 1548 2628 1590 2680; x_wconf 88' lang='lat' dir='ltr'><strong><em>ad</em></strong></span> <span class='ocrx_word' id='word_1_405' title='bbox 1614 2644 1664 2680; x_wconf 89' lang='lat' dir='ltr'><strong><em>cor</em></strong></span> <span class='ocrx_word' id='word_1_406' title='bbox 1681 2627 1805 2695; x_wconf 85' lang='lat' dir='ltr'><strong><em>loquitur</em></strong></span> <span class='ocrx_word' id='word_1_407' title='bbox 1821 2628 1902 2682; x_wconf 83' lang='lat' dir='ltr'><strong><em>intio·</em></strong></span> 
     </span>
     <span class='ocr_line' id='line_1_29' title="bbox 196 2710 1902 2781; baseline 0.002 -17"><span class='ocrx_word' id='word_1_408' title='bbox 196 2713 311 2778; x_wconf 77' lang='lat' dir='ltr'><strong><em>sorum,</em></strong></span> <span class='ocrx_word' id='word_1_409' title='bbox 329 2711 360 2762; x_wconf 89' lang='lat' dir='ltr'><strong><em>in</em></strong></span> <span class='ocrx_word' id='word_1_410' title='bbox 377 2727 431 2781; x_wconf 88' lang='lat' dir='ltr'><strong><em>quo</em></strong></span> <span class='ocrx_word' id='word_1_411' title='bbox 450 2712 545 2764; x_wconf 88' lang='lat' dir='ltr'><strong><em>omnia</em></strong></span> <span class='ocrx_word' id='word_1_412' title='bbox 561 2712 639 2765; x_wconf 82' lang='lat' dir='ltr'><strong><em>dictu</em></strong></span> <span class='ocrx_word' id='word_1_413' title='bbox 652 2729 748 2780; x_wconf 87' lang='lat' dir='ltr'><strong><em>prona</em></strong></span> <span class='ocrx_word' id='word_1_414' title='bbox 765 2720 840 2780; x_wconf 84' lang='lat' dir='ltr'><strong><em>sunt,</em></strong></span> <span class='ocrx_word' id='word_1_415' title='bbox 859 2713 958 2765; x_wconf 85' lang='lat' dir='ltr'><strong><em>audita</em></strong></span> <span class='ocrx_word' id='word_1_416' title='bbox 975 2730 1037 2765; x_wconf 84' lang='lat' dir='ltr'><strong><em>sua·</em></strong></span> <span class='ocrx_word' id='word_1_417' title='bbox 1064 2721 1170 2766; x_wconf 89' lang='lat' dir='ltr'><strong><em>ctoram</em></strong></span> <span class='ocrx_word' id='word_1_418' title='bbox 1188 2721 1214 2766; x_wconf 90' lang='lat' dir='ltr'><strong><em>et</em></strong></span> <span class='ocrx_word' id='word_1_419' title='bbox 1232 2715 1383 2766; x_wconf 85' lang='lat' dir='ltr'><strong><em>doctorum.</em></strong></span> <span class='ocrx_word' id='word_1_420' title='bbox 1402 2712 1449 2768; x_wconf 86' lang='lat' dir='ltr'><strong><em>lib.</em></strong></span> <span class='ocrx_word' id='word_1_421' title='bbox 1469 2718 1493 2767; x_wconf 86' lang='lat'><strong><em>2.</em></strong></span> <span class='ocrx_word' id='word_1_422' title='bbox 1512 2712 1547 2766; x_wconf 86' lang='lat' dir='ltr'><strong><em>de</em></strong></span> <span class='ocrx_word' id='word_1_423' title='bbox 1565 2713 1653 2767; x_wconf 84' lang='lat' dir='ltr'><strong><em>doctr.</em></strong></span> <span class='ocrx_word' id='word_1_424' title='bbox 1668 2710 1860 2768; x_wconf 65' lang='lat' dir='ltr'><strong><em>cunctisne</em></strong></span> <span class='ocrx_word' id='word_1_425' title='bbox 1873 2717 1902 2771; x_wconf 75' lang='lat' dir='ltr'><strong><em>i:</em></strong></span> 
     </span>
     <span class='ocr_line' id='line_1_30' title="bbox 203 2795 1904 2867; baseline 0.004 -19"><span class='ocrx_word' id='word_1_426' title='bbox 203 2796 265 2863; x_wconf 89' lang='lat' dir='ltr'><strong><em>ria,</em></strong></span> <span class='ocrx_word' id='word_1_427' title='bbox 294 2795 398 2859; x_wconf 75' lang='lat' dir='ltr'><strong><em>facilia</em></strong></span> <span class='ocrx_word' id='word_1_428' title='bbox 423 2796 578 2865; x_wconf 76' lang='lat' dir='ltr'><strong><em>multene,</em></strong></span> <span class='ocrx_word' id='word_1_429' title='bbox 604 2797 720 2851; x_wconf 85' lang='lat' dir='ltr'><strong><em>bonesta</em></strong></span> <span class='ocrx_word' id='word_1_430' title='bbox 743 2801 893 2867; x_wconf 76' lang='lat' dir='ltr'><strong><em>mmceptut</em></strong></span> <span class='ocrx_word' id='word_1_431' title='bbox 918 2798 989 2852; x_wconf 91' lang='lat' dir='ltr'><strong><em>libro</em></strong></span> <span class='ocrx_word' id='word_1_432' title='bbox 1014 2804 1038 2852; x_wconf 87' lang='lat'><strong><em>3.</em></strong></span> <span class='ocrx_word' id='word_1_433' title='bbox 1064 2799 1220 2866; x_wconf 82' lang='lat' dir='ltr'><strong><em>Maqnifice</em></strong></span> <span class='ocrx_word' id='word_1_434' title='bbox 1248 2806 1274 2850; x_wconf 87' lang='lat' dir='ltr'><strong><em>et</em></strong></span> <span class='ocrx_word' id='word_1_435' title='bbox 1300 2797 1452 2851; x_wconf 69' lang='lat' dir='ltr'><strong><em>autumna</em></strong></span> <span class='ocrx_word' id='word_1_436' title='bbox 1477 2796 1600 2865; x_wconf 75' lang='lat' dir='ltr'><strong><em>Spiritus</em></strong></span> <span class='ocrx_word' id='word_1_437' title='bbox 1622 2805 1735 2850; x_wconf 70' lang='lat' dir='ltr'><strong><em>samnis</em></strong></span> <span class='ocrx_word' id='word_1_438' title='bbox 1761 2801 1802 2851; x_wconf 88' lang='lat' dir='ltr'><strong><em>ita</em></strong></span> <span class='ocrx_word' id='word_1_439' title='bbox 1826 2796 1904 2854; x_wconf 77' lang='lat' dir='ltr'><strong><em>Stri-</em></strong></span> 
     </span>
     <span class='ocr_line' id='line_1_31' title="bbox 203 2879 1904 2952; baseline 0.001 -17"><span class='ocrx_word' id='word_1_440' title='bbox 203 2879 326 2935; x_wconf 84' lang='lat' dir='ltr'><strong><em>Institut.</em></strong></span> <span class='ocrx_word' id='word_1_441' title='bbox 349 2897 373 2934; x_wconf 84' lang='lat' dir='ltr'><strong><em>c.</em></strong></span> <span class='ocrx_word' id='word_1_442' title='bbox 392 2886 439 2937; x_wconf 85' lang='lat'><strong><em>30:</em></strong></span> <span class='ocrx_word' id='word_1_443' title='bbox 467 2882 541 2935; x_wconf 84' lang='lat' dir='ltr'><strong><em>Ecce</em></strong></span> <span class='ocrx_word' id='word_1_444' title='bbox 563 2899 615 2935; x_wconf 80' lang='lat' dir='ltr'><strong><em>aon</em></strong></span> <span class='ocrx_word' id='word_1_445' title='bbox 632 2884 668 2936; x_wconf 86' lang='lat' dir='ltr'><strong><em>de</em></strong></span> <span class='ocrx_word' id='word_1_446' title='bbox 684 2885 760 2937; x_wconf 85' lang='lat' dir='ltr'><strong><em>coelo</em></strong></span> <span class='ocrx_word' id='word_1_447' title='bbox 776 2885 919 2938; x_wconf 85' lang='lat' dir='ltr'><strong><em>veritatem</em></strong></span> <span class='ocrx_word' id='word_1_448' title='bbox 936 2886 1038 2938; x_wconf 85' lang='lat' dir='ltr'><strong><em>docens</em></strong></span> <span class='ocrx_word' id='word_1_449' title='bbox 1061 2892 1163 2952; x_wconf 88' lang='lat' dir='ltr'><strong><em>pturas</em></strong></span> <span class='ocrx_word' id='word_1_450' title='bbox 1180 2881 1363 2948; x_wconf 76' lang='lat' dir='ltr'><strong><em>modificavit,</em></strong></span> <span class='ocrx_word' id='word_1_451' title='bbox 1381 2889 1412 2934; x_wconf 88' lang='lat' dir='ltr'><strong><em>ut</em></strong></span> <span class='ocrx_word' id='word_1_452' title='bbox 1432 2883 1501 2934; x_wconf 74' lang='lat' dir='ltr'><strong><em>locis</em></strong></span> <span class='ocrx_word' id='word_1_453' title='bbox 1518 2882 1704 2951; x_wconf 81' lang='lat' dir='ltr'><strong><em>apertioribus</em></strong></span> <span class='ocrx_word' id='word_1_454' title='bbox 1715 2884 1904 2949; x_wconf 77' lang='lat' dir='ltr'><strong><em>famiaccssr·</em></strong></span> 
     </span>
     <span class='ocr_line' id='line_1_32' title="bbox 204 2966 1903 3039; baseline 0.002 -19"><span class='ocrx_word' id='word_1_455' title='bbox 204 2973 231 3020; x_wconf 85' lang='lat' dir='ltr'><strong><em>ct</em></strong></span> <span class='ocrx_word' id='word_1_456' title='bbox 250 2967 331 3021; x_wconf 83' lang='lat' dir='ltr'><strong><em>nobis</em></strong></span> <span class='ocrx_word' id='word_1_457' title='bbox 356 2966 416 3021; x_wconf 87' lang='lat' dir='ltr'><strong><em>sole</em></strong></span> <span class='ocrx_word' id='word_1_458' title='bbox 439 2968 501 3036; x_wconf 81' lang='lat' dir='ltr'><strong><em>ipso</em></strong></span> <span class='ocrx_word' id='word_1_459' title='bbox 526 2967 633 3021; x_wconf 89' lang='lat' dir='ltr'><strong><em>clarius</em></strong></span> <span class='ocrx_word' id='word_1_460' title='bbox 657 2968 747 3023; x_wconf 87' lang='lat' dir='ltr'><strong><em>lumen</em></strong></span> <span class='ocrx_word' id='word_1_461' title='bbox 771 2971 924 3024; x_wconf 84' lang='lat' dir='ltr'><strong><em>ostendens.</em></strong></span> <span class='ocrx_word' id='word_1_462' title='bbox 947 2970 994 3025; x_wconf 92' lang='lat' dir='ltr'><strong><em>lib.</em></strong></span> <span class='ocrx_word' id='word_1_463' title='bbox 1012 2978 1038 3039; x_wconf 84' lang='grc'><strong><em>6,</em></strong></span> <span class='ocrx_word' id='word_1_464' title='bbox 1063 2977 1143 3038; x_wconf 86' lang='lat' dir='ltr'><strong><em>reret,</em></strong></span> <span class='ocrx_word' id='word_1_465' title='bbox 1162 2969 1367 3023; x_wconf 84' lang='lat' dir='ltr'><strong><em>obscurioribus</em></strong></span> <span class='ocrx_word' id='word_1_466' title='bbox 1384 2976 1476 3021; x_wconf 86' lang='lat' dir='ltr'><strong><em>autem</em></strong></span> <span class='ocrx_word' id='word_1_467' title='bbox 1485 2967 1642 3033; x_wconf 79' lang='lat' dir='ltr'><strong><em>fastidium</em></strong></span> <span class='ocrx_word' id='word_1_468' title='bbox 1661 2969 1824 3036; x_wconf 66' lang='lat' dir='ltr'><strong><em>dampnat.</em></strong></span> <span class='ocrx_word' id='word_1_469' title='bbox 1849 2970 1903 3023; x_wconf 85' lang='lat' dir='ltr'><strong><em>Ni·</em></strong></span> 
     </span>
     <span class='ocr_line' id='line_1_33' title="bbox 203 3052 1905 3125; baseline 0 -19"><span class='ocrx_word' id='word_1_470' title='bbox 203 3068 227 3106; x_wconf 90' lang='grc' dir='ltr'><strong><em>ο.</em></strong></span> <span class='ocrx_word' id='word_1_471' title='bbox 249 3057 296 3106; x_wconf 85' lang='lat'><strong><em>21:</em></strong></span> <span class='ocrx_word' id='word_1_472' title='bbox 323 3052 400 3105; x_wconf 89' lang='lat' dir='ltr'><strong><em>Num</em></strong></span> <span class='ocrx_word' id='word_1_473' title='bbox 418 3053 498 3106; x_wconf 85' lang='lat' dir='ltr'><strong><em>Deus</em></strong></span> <span class='ocrx_word' id='word_1_474' title='bbox 523 3061 548 3107; x_wconf 86' lang='lat' dir='ltr'><strong><em>et</em></strong></span> <span class='ocrx_word' id='word_1_475' title='bbox 570 3054 668 3106; x_wconf 74' lang='lat' dir='ltr'><strong><em>mentm</em></strong></span> <span class='ocrx_word' id='word_1_476' title='bbox 690 3062 715 3107; x_wconf 89' lang='lat' dir='ltr'><strong><em>et</em></strong></span> <span class='ocrx_word' id='word_1_477' title='bbox 739 3055 851 3121; x_wconf 82' lang='lat' dir='ltr'><strong><em>linquae</em></strong></span> <span class='ocrx_word' id='word_1_478' title='bbox 874 3057 977 3122; x_wconf 79' lang='lat' dir='ltr'><strong><em>artisea</em></strong></span> <span class='ocrx_word' id='word_1_479' title='bbox 995 3057 1037 3109; x_wconf 86' lang='lat' dir='ltr'><strong><em>di·</em></strong></span> <span class='ocrx_word' id='word_1_480' title='bbox 1064 3055 1105 3108; x_wconf 83' lang='lat' dir='ltr'><strong><em>bil</em></strong></span> <span class='ocrx_word' id='word_1_481' title='bbox 1128 3055 1200 3108; x_wconf 90' lang='lat' dir='ltr'><strong><em>enim</em></strong></span> <span class='ocrx_word' id='word_1_482' title='bbox 1223 3056 1287 3120; x_wconf 82' lang='lat' dir='ltr'><strong><em>fere</em></strong></span> <span class='ocrx_word' id='word_1_483' title='bbox 1312 3057 1347 3106; x_wconf 91' lang='lat' dir='ltr'><strong><em>de</em></strong></span> <span class='ocrx_word' id='word_1_484' title='bbox 1366 3053 1580 3107; x_wconf 68' lang='lat' dir='ltr'><strong><em>obscenitatibus</em></strong></span> <span class='ocrx_word' id='word_1_485' title='bbox 1597 3052 1657 3106; x_wconf 85' lang='lat' dir='ltr'><strong><em>ills&#39;s</em></strong></span> <span class='ocrx_word' id='word_1_486' title='bbox 1675 3053 1797 3122; x_wconf 69' lang='lat' dir='ltr'><strong><em>eruitw,</em></strong></span> <span class='ocrx_word' id='word_1_487' title='bbox 1825 3057 1905 3125; x_wconf 85' lang='lat' dir='ltr'><strong><em>quod</em></strong></span> 
     </span>
     <span class='ocr_line' id='line_1_34' title="bbox 202 3137 1902 3210; baseline 0.002 -18"><span class='ocrx_word' id='word_1_488' title='bbox 202 3145 274 3192; x_wconf 77' lang='lat' dir='ltr'><strong><em>urie</em></strong></span> <span class='ocrx_word' id='word_1_489' title='bbox 297 3137 378 3206; x_wconf 86' lang='lat' dir='ltr'><strong><em>ioqui</em></strong></span> <span class='ocrx_word' id='word_1_490' title='bbox 397 3155 453 3192; x_wconf 88' lang='lat' dir='ltr'><strong><em>non</em></strong></span> <span class='ocrx_word' id='word_1_491' title='bbox 467 3141 583 3208; x_wconf 74' lang='lat' dir='ltr'><strong><em>posset!</em></strong></span> <span class='ocrx_word' id='word_1_492' title='bbox 610 3141 745 3194; x_wconf 86' lang='lat' dir='ltr'><strong><em>imovero</em></strong></span> <span class='ocrx_word' id='word_1_493' title='bbox 762 3158 870 3195; x_wconf 81' lang='lat' dir='ltr'><strong><em>summa</em></strong></span> <span class='ocrx_word' id='word_1_494' title='bbox 886 3143 1036 3210; x_wconf 83' lang='lat' dir='ltr'><strong><em>prociden-</em></strong></span> <span class='ocrx_word' id='word_1_495' title='bbox 1064 3158 1120 3194; x_wconf 88' lang='lat' dir='ltr'><strong><em>uon</em></strong></span> <span class='ocrx_word' id='word_1_496' title='bbox 1144 3141 1216 3194; x_wconf 89' lang='lat' dir='ltr'><strong><em>alibi</em></strong></span> <span class='ocrx_word' id='word_1_497' title='bbox 1235 3141 1404 3209; x_wconf 84' lang='lat' dir='ltr'><strong><em>planissime</em></strong></span> <span class='ocrx_word' id='word_1_498' title='bbox 1426 3140 1531 3193; x_wconf 83' lang='lat' dir='ltr'><strong><em>dictum</em></strong></span> <span class='ocrx_word' id='word_1_499' title='bbox 1549 3138 1709 3208; x_wconf 81' lang='lat' dir='ltr'><strong><em>reperiatur</em></strong></span> <span class='ocrx_word' id='word_1_500' title='bbox 1727 3138 1902 3205; x_wconf 75' lang='lat' dir='ltr'><strong><em>(lelurmin</em></strong></span> 
     </span>
     <span class='ocr_line' id='line_1_35' title="bbox 202 3222 1902 3296; baseline 0.004 -22"><span class='ocrx_word' id='word_1_501' title='bbox 202 3222 243 3275; x_wconf 89' lang='lat' dir='ltr'><strong><em>tia</em></strong></span> <span class='ocrx_word' id='word_1_502' title='bbox 261 3239 357 3277; x_wconf 89' lang='lat' dir='ltr'><strong><em>carere</em></strong></span> <span class='ocrx_word' id='word_1_503' title='bbox 376 3226 444 3288; x_wconf 77' lang='lat' dir='ltr'><strong><em>fuco</em></strong></span> <span class='ocrx_word' id='word_1_504' title='bbox 461 3223 549 3277; x_wconf 84' lang='lat' dir='ltr'><strong><em>uoluit</em></strong></span> <span class='ocrx_word' id='word_1_505' title='bbox 566 3242 608 3292; x_wconf 89' lang='lat' dir='ltr'><strong><em>ea,</em></strong></span> <span class='ocrx_word' id='word_1_506' title='bbox 634 3242 706 3294; x_wconf 74' lang='lat' dir='ltr'><strong><em>quem</em></strong></span> <span class='ocrx_word' id='word_1_507' title='bbox 725 3227 823 3280; x_wconf 84' lang='lat' dir='ltr'><strong><em>diuina</em></strong></span> <span class='ocrx_word' id='word_1_508' title='bbox 841 3235 914 3289; x_wconf 85' lang='lat' dir='ltr'><strong><em>suut,</em></strong></span> <span class='ocrx_word' id='word_1_509' title='bbox 933 3236 963 3281; x_wconf 91' lang='lat' dir='ltr'><strong><em>ut</em></strong></span> <span class='ocrx_word' id='word_1_510' title='bbox 981 3246 1036 3281; x_wconf 90' lang='lat' dir='ltr'><strong><em>om·</em></strong></span> <span class='ocrx_word' id='word_1_511' title='bbox 1063 3225 1177 3296; x_wconf 83' lang='lat' dir='ltr'><strong><em>excipit:</em></strong></span> <span class='ocrx_word' id='word_1_512' title='bbox 1206 3243 1262 3279; x_wconf 86' lang='lat' dir='ltr'><strong><em>nou</em></strong></span> <span class='ocrx_word' id='word_1_513' title='bbox 1283 3228 1402 3293; x_wconf 73' lang='lat' dir='ltr'><strong><em>fnestra</em></strong></span> <span class='ocrx_word' id='word_1_514' title='bbox 1431 3225 1505 3278; x_wconf 79' lang='lat' dir='ltr'><strong><em>acidi</em></strong></span> <span class='ocrx_word' id='word_1_515' title='bbox 1526 3224 1701 3294; x_wconf 84' lang='lat' dir='ltr'><strong><em>particulam</em></strong></span> <span class='ocrx_word' id='word_1_516' title='bbox 1726 3226 1805 3295; x_wconf 74' lang='lat' dir='ltr'><strong><em>sera,</em></strong></span> <span class='ocrx_word' id='word_1_517' title='bbox 1833 3228 1902 3296; x_wconf 86' lang='lat' dir='ltr'><strong><em>quia</em></strong></span> 
     </span>
     <span class='ocr_line' id='line_1_36' title="bbox 200 3309 1901 3382; baseline 0.004 -21"><span class='ocrx_word' id='word_1_518' title='bbox 200 3323 250 3361; x_wconf 82' lang='lat' dir='ltr'><strong><em>nes</em></strong></span> <span class='ocrx_word' id='word_1_519' title='bbox 284 3309 484 3378; x_wconf 61' lang='lat' dir='ltr'><strong><em>intelligerent,</em></strong></span> <span class='ocrx_word' id='word_1_520' title='bbox 522 3326 593 3378; x_wconf 87' lang='lat' dir='ltr'><strong><em>quoe</em></strong></span> <span class='ocrx_word' id='word_1_521' title='bbox 623 3311 683 3380; x_wconf 84' lang='lat' dir='ltr'><strong><em>ipse</em></strong></span> <span class='ocrx_word' id='word_1_522' title='bbox 710 3313 836 3366; x_wconf 77' lang='lat' dir='ltr'><strong><em>omnibus</em></strong></span> <span class='ocrx_word' id='word_1_523' title='bbox 864 3312 1036 3382; x_wconf 73' lang='lat' dir='ltr'><strong><em>loquebatur.</em></strong></span> <span class='ocrx_word' id='word_1_524' title='bbox 1063 3312 1152 3365; x_wconf 68' lang='lat' dir='ltr'><strong><em>sirmia</em></strong></span> <span class='ocrx_word' id='word_1_525' title='bbox 1171 3311 1201 3364; x_wconf 88' lang='lat' dir='ltr'><strong><em>in</em></strong></span> <span class='ocrx_word' id='word_1_526' title='bbox 1221 3311 1379 3379; x_wconf 77' lang='lat' dir='ltr'><strong><em>Scripturis</em></strong></span> <span class='ocrx_word' id='word_1_527' title='bbox 1398 3312 1511 3364; x_wconf 85' lang='lat' dir='ltr'><strong><em>obscure</em></strong></span> <span class='ocrx_word' id='word_1_528' title='bbox 1522 3317 1736 3380; x_wconf 82' lang='lat' dir='ltr'><strong><em>proponuntur,</em></strong></span> <span class='ocrx_word' id='word_1_529' title='bbox 1763 3328 1836 3381; x_wconf 84' lang='lat' dir='ltr'><strong><em>quac</em></strong></span> <span class='ocrx_word' id='word_1_530' title='bbox 1851 3329 1901 3367; x_wconf 80' lang='lat' dir='ltr'><strong><em>nu·</em></strong></span> 
     </span>
     <span class='ocr_line' id='line_1_37' title="bbox 200 3392 1901 3466; baseline 0.002 -17"><span class='ocrx_word' id='word_1_531' title='bbox 200 3392 324 3449; x_wconf 75' lang='lat' dir='ltr'><strong><em>Hilarius</em></strong></span> <span class='ocrx_word' id='word_1_532' title='bbox 342 3394 390 3450; x_wconf 92' lang='lat' dir='ltr'><strong><em>lib.</em></strong></span> <span class='ocrx_word' id='word_1_533' title='bbox 409 3401 433 3449; x_wconf 83' lang='grc'><strong><em>7.</em></strong></span> <span class='ocrx_word' id='word_1_534' title='bbox 452 3395 487 3451; x_wconf 85' lang='lat' dir='ltr'><strong><em>de</em></strong></span> <span class='ocrx_word' id='word_1_535' title='bbox 504 3394 602 3449; x_wconf 83' lang='lat' dir='ltr'><strong><em>Trinit</em></strong></span> <span class='ocrx_word' id='word_1_536' title='bbox 626 3398 692 3450; x_wconf 89' lang='lat' dir='ltr'><strong><em>Non</em></strong></span> <span class='ocrx_word' id='word_1_537' title='bbox 710 3406 750 3451; x_wconf 89' lang='lat' dir='ltr'><strong><em>est</em></strong></span> <span class='ocrx_word' id='word_1_538' title='bbox 768 3398 881 3451; x_wconf 84' lang='lat' dir='ltr'><strong><em>relictus</em></strong></span> <span class='ocrx_word' id='word_1_539' title='bbox 898 3399 1037 3453; x_wconf 86' lang='lat' dir='ltr'><strong><em>bominum</em></strong></span> <span class='ocrx_word' id='word_1_540' title='bbox 1062 3398 1155 3465; x_wconf 85' lang='lat' dir='ltr'><strong><em>spiam</em></strong></span> <span class='ocrx_word' id='word_1_541' title='bbox 1181 3397 1212 3450; x_wconf 85' lang='lat' dir='ltr'><strong><em>in</em></strong></span> <span class='ocrx_word' id='word_1_542' title='bbox 1240 3398 1308 3450; x_wconf 86' lang='lat' dir='ltr'><strong><em>aliis</em></strong></span> <span class='ocrx_word' id='word_1_543' title='bbox 1335 3397 1406 3450; x_wconf 74' lang='lat' dir='ltr'><strong><em>locu</em></strong></span> <span class='ocrx_word' id='word_1_544' title='bbox 1432 3397 1616 3465; x_wconf 75' lang='lat' dir='ltr'><strong><em>explicantur.</em></strong></span> <span class='ocrx_word' id='word_1_545' title='bbox 1660 3395 1745 3466; x_wconf 85' lang='lat' dir='ltr'><strong><em>Besp.</em></strong></span> <span class='ocrx_word' id='word_1_546' title='bbox 1775 3413 1810 3452; x_wconf 76' lang='grc' dir='ltr'><strong><em>οι</em></strong></span> <span class='ocrx_word' id='word_1_547' title='bbox 1835 3412 1901 3452; x_wconf 80' lang='lat' dir='ltr'><strong><em>vero</em></strong></span> 
     </span>
     <span class='ocr_line' id='line_1_38' title="bbox 201 3480 1900 3554; baseline 0.003 -20"><span class='ocrx_word' id='word_1_548' title='bbox 201 3480 319 3550; x_wconf 65' lang='lat' dir='ltr'><strong><em>eloquiis</em></strong></span> <span class='ocrx_word' id='word_1_549' title='bbox 346 3483 383 3535; x_wconf 87' lang='lat' dir='ltr'><strong><em>de</em></strong></span> <span class='ocrx_word' id='word_1_550' title='bbox 408 3482 469 3535; x_wconf 87' lang='lat' dir='ltr'><strong><em>Dei</em></strong></span> <span class='ocrx_word' id='word_1_551' title='bbox 495 3482 576 3535; x_wconf 83' lang='lat' dir='ltr'><strong><em>rebus</em></strong></span> <span class='ocrx_word' id='word_1_552' title='bbox 605 3499 695 3536; x_wconf 82' lang='lat' dir='ltr'><strong><em>sermo</em></strong></span> <span class='ocrx_word' id='word_1_553' title='bbox 725 3484 815 3552; x_wconf 86' lang='lat' dir='ltr'><strong><em>alius,</em></strong></span> <span class='ocrx_word' id='word_1_554' title='bbox 837 3493 1037 3554; x_wconf 78' lang='lat' dir='ltr'><strong><em>praderquam</em></strong></span> <span class='ocrx_word' id='word_1_555' title='bbox 1062 3483 1123 3538; x_wconf 88' lang='lat' dir='ltr'><strong><em>sine</em></strong></span> <span class='ocrx_word' id='word_1_556' title='bbox 1143 3482 1240 3537; x_wconf 83' lang='lat' dir='ltr'><strong><em>salutis</em></strong></span> <span class='ocrx_word' id='word_1_557' title='bbox 1258 3482 1404 3552; x_wconf 83' lang='lat' dir='ltr'><strong><em>dispendio</em></strong></span> <span class='ocrx_word' id='word_1_558' title='bbox 1421 3481 1544 3552; x_wconf 80' lang='lat' dir='ltr'><strong><em>ignorari</em></strong></span> <span class='ocrx_word' id='word_1_559' title='bbox 1560 3488 1689 3553; x_wconf 84' lang='lat' dir='ltr'><strong><em>possunt,</em></strong></span> <span class='ocrx_word' id='word_1_560' title='bbox 1714 3481 1826 3538; x_wconf 80' lang='lat' dir='ltr'><strong><em>interim</em></strong></span> <span class='ocrx_word' id='word_1_561' title='bbox 1841 3499 1900 3539; x_wconf 74' lang='lat' dir='ltr'><strong><em>mu·</em></strong></span> 
     </span>
     <span class='ocr_line' id='line_1_39' title="bbox 201 3565 1900 3639; baseline 0.002 -19"><span class='ocrx_word' id='word_1_562' title='bbox 201 3567 268 3620; x_wconf 86' lang='lat' dir='ltr'><strong><em>Dei.</em></strong></span> <span class='ocrx_word' id='word_1_563' title='bbox 303 3567 405 3621; x_wconf 87' lang='lat' dir='ltr'><strong><em>Omnia</em></strong></span> <span class='ocrx_word' id='word_1_564' title='bbox 430 3566 541 3635; x_wconf 89' lang='lat' dir='ltr'><strong><em>reliqua</em></strong></span> <span class='ocrx_word' id='word_1_565' title='bbox 564 3575 590 3621; x_wconf 88' lang='lat' dir='ltr'><strong><em>et</em></strong></span> <span class='ocrx_word' id='word_1_566' title='bbox 611 3576 693 3622; x_wconf 87' lang='lat' dir='ltr'><strong><em>arcta</em></strong></span> <span class='ocrx_word' id='word_1_567' title='bbox 715 3577 740 3622; x_wconf 86' lang='lat' dir='ltr'><strong><em>et</em></strong></span> <span class='ocrx_word' id='word_1_568' title='bbox 760 3571 891 3624; x_wconf 84' lang='lat' dir='ltr'><strong><em>conclusa</em></strong></span> <span class='ocrx_word' id='word_1_569' title='bbox 908 3579 934 3624; x_wconf 89' lang='lat' dir='ltr'><strong><em>et</em></strong></span> <span class='ocrx_word' id='word_1_570' title='bbox 951 3571 1036 3639; x_wconf 87' lang='lat' dir='ltr'><strong><em>impe·</em></strong></span> <span class='ocrx_word' id='word_1_571' title='bbox 1064 3575 1111 3622; x_wconf 85' lang='lat' dir='ltr'><strong><em>net</em></strong></span> <span class='ocrx_word' id='word_1_572' title='bbox 1128 3566 1206 3636; x_wconf 88' lang='lat' dir='ltr'><strong><em>illud,</em></strong></span> <span class='ocrx_word' id='word_1_573' title='bbox 1226 3568 1301 3637; x_wconf 90' lang='lat' dir='ltr'><strong><em>quod</em></strong></span> <span class='ocrx_word' id='word_1_574' title='bbox 1321 3568 1414 3622; x_wconf 82' lang='lat' dir='ltr'><strong><em>omnis</em></strong></span> <span class='ocrx_word' id='word_1_575' title='bbox 1434 3566 1590 3622; x_wconf 77' lang='lat' dir='ltr'><strong><em>necessaris</em></strong></span> <span class='ocrx_word' id='word_1_576' title='bbox 1606 3565 1753 3622; x_wconf 68' lang='lat' dir='ltr'><strong><em>minitata</em></strong></span> <span class='ocrx_word' id='word_1_577' title='bbox 1771 3568 1838 3637; x_wconf 80' lang='lat' dir='ltr'><strong><em>unt,</em></strong></span> <span class='ocrx_word' id='word_1_578' title='bbox 1855 3585 1900 3624; x_wconf 83' lang='lat' dir='ltr'><strong><em>ex-</em></strong></span> 
     </span>
     <span class='ocr_line' id='line_1_40' title="bbox 201 3651 1901 3723; baseline 0.002 -17"><span class='ocrx_word' id='word_1_579' title='bbox 201 3651 263 3706; x_wconf 88' lang='lat' dir='ltr'><strong><em>dita</em></strong></span> <span class='ocrx_word' id='word_1_580' title='bbox 284 3660 349 3707; x_wconf 75' lang='lat' dir='ltr'><strong><em>sinit</em></strong></span> <span class='ocrx_word' id='word_1_581' title='bbox 375 3660 401 3706; x_wconf 90' lang='lat' dir='ltr'><strong><em>et</em></strong></span> <span class='ocrx_word' id='word_1_582' title='bbox 428 3653 555 3707; x_wconf 89' lang='lat' dir='ltr'><strong><em>obscura.</em></strong></span> <span class='ocrx_word' id='word_1_583' title='bbox 593 3654 628 3709; x_wconf 75' lang='lat' dir='ltr'><strong><em>Si</em></strong></span> <span class='ocrx_word' id='word_1_584' title='bbox 648 3655 711 3723; x_wconf 86' lang='lat' dir='ltr'><strong><em>quis</em></strong></span> <span class='ocrx_word' id='word_1_585' title='bbox 729 3655 798 3709; x_wconf 86' lang='lat' dir='ltr'><strong><em>aliis</em></strong></span> <span class='ocrx_word' id='word_1_586' title='bbox 814 3656 904 3709; x_wconf 81' lang='lat' dir='ltr'><strong><em>verbis</em></strong></span> <span class='ocrx_word' id='word_1_587' title='bbox 922 3659 1037 3710; x_wconf 74' lang='lat' dir='ltr'><strong><em>denica·</em></strong></span> <span class='ocrx_word' id='word_1_588' title='bbox 1062 3670 1157 3723; x_wconf 85' lang='lat' dir='ltr'><strong><em>presse</em></strong></span> <span class='ocrx_word' id='word_1_589' title='bbox 1184 3653 1258 3708; x_wconf 88' lang='lat' dir='ltr'><strong><em>enim</em></strong></span> <span class='ocrx_word' id='word_1_590' title='bbox 1287 3669 1321 3706; x_wconf 87' lang='lat' dir='ltr'><strong><em>cx</em></strong></span> <span class='ocrx_word' id='word_1_591' title='bbox 1348 3651 1401 3707; x_wconf 89' lang='lat' dir='ltr'><strong><em>hoc</em></strong></span> <span class='ocrx_word' id='word_1_592' title='bbox 1429 3652 1489 3707; x_wconf 90' lang='lat' dir='ltr'><strong><em>loco</em></strong></span> <span class='ocrx_word' id='word_1_593' title='bbox 1516 3659 1544 3707; x_wconf 86' lang='lat' dir='ltr'><strong><em>ct</em></strong></span> <span class='ocrx_word' id='word_1_594' title='bbox 1570 3656 1651 3708; x_wconf 77' lang='lat' dir='ltr'><strong><em>treet</em></strong></span> <span class='ocrx_word' id='word_1_595' title='bbox 1678 3659 1720 3708; x_wconf 77' lang='lat' dir='ltr'><strong><em>ts.</em></strong></span> <span class='ocrx_word' id='word_1_596' title='bbox 1746 3652 1776 3707; x_wconf 89' lang='lat' dir='ltr'><strong><em>in</em></strong></span> <span class='ocrx_word' id='word_1_597' title='bbox 1798 3653 1901 3711; x_wconf 73' lang='lat' dir='ltr'><strong><em>bohun.</em></strong></span> 
     </span>
     <span class='ocr_line' id='line_1_41' title="bbox 114 3737 1899 3810; baseline 0.001 -18"><span class='ocrx_word' id='word_1_598' title='bbox 114 3778 118 3785; x_wconf 81' lang='grc'><strong>.</strong></span> <span class='ocrx_word' id='word_1_599' title='bbox 201 3745 294 3792; x_wconf 83' lang='lat' dir='ltr'><strong><em>strare</em></strong></span> <span class='ocrx_word' id='word_1_600' title='bbox 318 3739 385 3808; x_wconf 88' lang='lat' dir='ltr'><strong><em>boo,</em></strong></span> <span class='ocrx_word' id='word_1_601' title='bbox 412 3755 496 3808; x_wconf 77' lang='lat' dir='ltr'><strong><em>quam</em></strong></span> <span class='ocrx_word' id='word_1_602' title='bbox 520 3740 619 3809; x_wconf 87' lang='lat' dir='ltr'><strong><em>quibus</em></strong></span> <span class='ocrx_word' id='word_1_603' title='bbox 637 3758 656 3793; x_wconf 91' lang='lat' dir='ltr'><strong><em>a</em></strong></span> <span class='ocrx_word' id='word_1_604' title='bbox 672 3741 736 3794; x_wconf 86' lang='lat' dir='ltr'><strong><em>Deo</em></strong></span> <span class='ocrx_word' id='word_1_605' title='bbox 754 3741 858 3794; x_wconf 83' lang='lat' dir='ltr'><strong><em>dictum</em></strong></span> <span class='ocrx_word' id='word_1_606' title='bbox 877 3749 928 3810; x_wconf 86' lang='lat' dir='ltr'><strong><em>est,</em></strong></span> <span class='ocrx_word' id='word_1_607' title='bbox 956 3743 1037 3809; x_wconf 84' lang='lat' dir='ltr'><strong><em>uolet,</em></strong></span> <span class='ocrx_word' id='word_1_608' title='bbox 1063 3738 1142 3793; x_wconf 84' lang='lat' dir='ltr'><strong><em>dicit:</em></strong></span> <span class='ocrx_word' id='word_1_609' title='bbox 1173 3740 1250 3808; x_wconf 88' lang='lat' dir='ltr'><strong><em>quad</em></strong></span> <span class='ocrx_word' id='word_1_610' title='bbox 1268 3756 1425 3807; x_wconf 87' lang='lat' dir='ltr'><strong><em>pascamur</em></strong></span> <span class='ocrx_word' id='word_1_611' title='bbox 1450 3737 1623 3803; x_wconf 69' lang='lat' dir='ltr'><strong><em>mans&#39;ststis,</em></strong></span> <span class='ocrx_word' id='word_1_612' title='bbox 1650 3754 1827 3793; x_wconf 67' lang='lat' dir='ltr'><strong><em>merceantur</em></strong></span> <span class='ocrx_word' id='word_1_613' title='bbox 1854 3740 1899 3794; x_wconf 69' lang='lat' dir='ltr'><strong><em>ob</em></strong></span> 
     </span>
     <span class='ocr_line' id='line_1_42' title="bbox 202 3823 1901 3894; baseline 0.001 -17"><span class='ocrx_word' id='word_1_614' title='bbox 202 3832 252 3878; x_wconf 85' lang='lat' dir='ltr'><strong><em>aut</em></strong></span> <span class='ocrx_word' id='word_1_615' title='bbox 274 3825 334 3893; x_wconf 88' lang='lat' dir='ltr'><strong><em>ipse</em></strong></span> <span class='ocrx_word' id='word_1_616' title='bbox 360 3840 416 3878; x_wconf 89' lang='lat' dir='ltr'><strong><em>non</em></strong></span> <span class='ocrx_word' id='word_1_617' title='bbox 438 3824 582 3893; x_wconf 82' lang='lat' dir='ltr'><strong><em>intelliqit,</em></strong></span> <span class='ocrx_word' id='word_1_618' title='bbox 609 3833 661 3879; x_wconf 90' lang='lat' dir='ltr'><strong><em>aut</em></strong></span> <span class='ocrx_word' id='word_1_619' title='bbox 685 3826 836 3894; x_wconf 74' lang='lat' dir='ltr'><strong><em>tepentibus</em></strong></span> <span class='ocrx_word' id='word_1_620' title='bbox 859 3845 914 3881; x_wconf 88' lang='lat' dir='ltr'><strong><em>non</em></strong></span> <span class='ocrx_word' id='word_1_621' title='bbox 933 3827 1036 3882; x_wconf 88' lang='lat' dir='ltr'><strong><em>intelli·</em></strong></span> <span class='ocrx_word' id='word_1_622' title='bbox 1062 3825 1172 3893; x_wconf 77' lang='lat' dir='ltr'><strong><em>saeris).</em></strong></span> <span class='ocrx_word' id='word_1_623' title='bbox 1199 3824 1247 3878; x_wconf 91' lang='lat' dir='ltr'><strong><em>lib.</em></strong></span> <span class='ocrx_word' id='word_1_624' title='bbox 1277 3823 1364 3892; x_wconf 84' lang='lat' dir='ltr'><strong><em>ejusd.</em></strong></span> <span class='ocrx_word' id='word_1_625' title='bbox 1388 3839 1412 3877; x_wconf 86' lang='grc' dir='ltr'><strong><em>ο.</em></strong></span> <span class='ocrx_word' id='word_1_626' title='bbox 1436 3832 1464 3879; x_wconf 78' lang='lat'><strong><em>9:</em></strong></span> <span class='ocrx_word' id='word_1_627' title='bbox 1494 3824 1530 3876; x_wconf 87' lang='lat' dir='ltr'><strong><em>In</em></strong></span> <span class='ocrx_word' id='word_1_628' title='bbox 1554 3823 1627 3891; x_wconf 82' lang='lat' dir='ltr'><strong><em>illis,</em></strong></span> <span class='ocrx_word' id='word_1_629' title='bbox 1659 3840 1732 3892; x_wconf 90' lang='lat' dir='ltr'><strong><em>quae</em></strong></span> <span class='ocrx_word' id='word_1_630' title='bbox 1750 3832 1848 3893; x_wconf 83' lang='lat' dir='ltr'><strong><em>aperte</em></strong></span> <span class='ocrx_word' id='word_1_631' title='bbox 1869 3825 1901 3879; x_wconf 83' lang='lat' dir='ltr'><strong><em>in</em></strong></span> 
     </span>
     <span class='ocr_line' id='line_1_43' title="bbox 200 3898 1900 3982; baseline -0.001 -18"><span class='ocrx_word' id='word_1_632' title='bbox 200 3898 321 3978; x_wconf 58' lang='lat' dir='ltr'><strong><em>pindum</em></strong></span> <span class='ocrx_word' id='word_1_633' title='bbox 346 3909 488 3979; x_wconf 73' lang='lat' dir='ltr'><strong><em>relinquit.</em></strong></span> <span class='ocrx_word' id='word_1_634' title='bbox 531 3909 651 3965; x_wconf 80' lang='lat' dir='ltr'><strong><em>Basilius</em></strong></span> <span class='ocrx_word' id='word_1_635' title='bbox 677 3910 706 3964; x_wconf 91' lang='lat' dir='ltr'><strong><em>in</em></strong></span> <span class='ocrx_word' id='word_1_636' title='bbox 725 3928 770 3982; x_wconf 89' lang='lat' dir='ltr'><strong><em>qq.</em></strong></span> <span class='ocrx_word' id='word_1_637' title='bbox 797 3912 1034 3969; x_wconf 79' lang='lat' dir='ltr'><strong><em>contractioribus.</em></strong></span> <span class='ocrx_word' id='word_1_638' title='bbox 1064 3910 1221 3979; x_wconf 81' lang='lat' dir='ltr'><strong><em>Scripturis</em></strong></span> <span class='ocrx_word' id='word_1_639' title='bbox 1249 3910 1346 3978; x_wconf 86' lang='lat' dir='ltr'><strong><em>posita</em></strong></span> <span class='ocrx_word' id='word_1_640' title='bbox 1373 3917 1451 3972; x_wconf 87' lang='lat' dir='ltr'><strong><em>sunt,</em></strong></span> <span class='ocrx_word' id='word_1_641' title='bbox 1483 3909 1660 3962; x_wconf 87' lang='lat' dir='ltr'><strong><em>inveniantur</em></strong></span> <span class='ocrx_word' id='word_1_642' title='bbox 1686 3909 1797 3974; x_wconf 82' lang='lat' dir='ltr'><strong><em>omnia,</em></strong></span> <span class='ocrx_word' id='word_1_643' title='bbox 1828 3927 1900 3980; x_wconf 76' lang='lat' dir='ltr'><strong><em>quas</em></strong></span> 
     </span>
     <span class='ocr_line' id='line_1_44' title="bbox 201 3992 1899 4067; baseline -0.001 -16"><span class='ocrx_word' id='word_1_644' title='bbox 201 4013 228 4067; x_wconf 89' lang='lat' dir='ltr'><strong><em>q.</em></strong></span> <span class='ocrx_word' id='word_1_645' title='bbox 247 4001 294 4050; x_wconf 80' lang='lat'><strong><em>45:</em></strong></span> <span class='ocrx_word' id='word_1_646' title='bbox 324 3995 416 4050; x_wconf 76' lang='lat' dir='ltr'><strong><em>Sacra</em></strong></span> <span class='ocrx_word' id='word_1_647' title='bbox 435 3996 584 4066; x_wconf 76' lang='lat' dir='ltr'><strong><em>Scriptura</em></strong></span> <span class='ocrx_word' id='word_1_648' title='bbox 607 3998 732 4052; x_wconf 88' lang='lat' dir='ltr'><strong><em>omnibus</em></strong></span> <span class='ocrx_word' id='word_1_649' title='bbox 749 3999 849 4067; x_wconf 89' lang='lat' dir='ltr'><strong><em>ubique</em></strong></span> <span class='ocrx_word' id='word_1_650' title='bbox 868 3999 1035 4055; x_wconf 83' lang='lat' dir='ltr'><strong><em>volantatem</em></strong></span> <span class='ocrx_word' id='word_1_651' title='bbox 1062 3997 1201 4050; x_wconf 70' lang='lat' dir='ltr'><strong><em>contineat</em></strong></span> <span class='ocrx_word' id='word_1_652' title='bbox 1220 3997 1308 4065; x_wconf 84' lang='lat' dir='ltr'><strong><em>fidem</em></strong></span> <span class='ocrx_word' id='word_1_653' title='bbox 1332 4011 1476 4063; x_wconf 71' lang='lat' dir='ltr'><strong><em>moraque</em></strong></span> <span class='ocrx_word' id='word_1_654' title='bbox 1503 3992 1622 4046; x_wconf 77' lang='lat' dir='ltr'><strong><em>moendi.</em></strong></span> <span class='ocrx_word' id='word_1_655' title='bbox 1648 3992 1697 4047; x_wconf 91' lang='lat' dir='ltr'><strong><em>lib.</em></strong></span> <span class='ocrx_word' id='word_1_656' title='bbox 1723 3999 1763 4049; x_wconf 73' lang='lat'><strong><em>15.</em></strong></span> <span class='ocrx_word' id='word_1_657' title='bbox 1787 3994 1824 4051; x_wconf 82' lang='lat' dir='ltr'><strong><em>ds</em></strong></span> <span class='ocrx_word' id='word_1_658' title='bbox 1846 3995 1899 4050; x_wconf 85' lang='lat' dir='ltr'><strong><em>air.</em></strong></span> 
     </span>
     <span class='ocr_line' id='line_1_45' title="bbox 201 4079 1898 4153; baseline -0.001 -16"><span class='ocrx_word' id='word_1_659' title='bbox 201 4081 262 4137; x_wconf 87' lang='lat' dir='ltr'><strong><em>Dei</em></strong></span> <span class='ocrx_word' id='word_1_660' title='bbox 275 4082 427 4150; x_wconf 87' lang='lat' dir='ltr'><strong><em>denuntiat,</em></strong></span> <span class='ocrx_word' id='word_1_661' title='bbox 444 4083 538 4152; x_wconf 74' lang='lat' dir='ltr'><strong><em>taque</em></strong></span> <span class='ocrx_word' id='word_1_662' title='bbox 555 4083 605 4152; x_wconf 86' lang='lat' dir='ltr'><strong><em>qui</em></strong></span> <span class='ocrx_word' id='word_1_663' title='bbox 620 4084 688 4136; x_wconf 85' lang='lat' dir='ltr'><strong><em>talis</em></strong></span> <span class='ocrx_word' id='word_1_664' title='bbox 706 4091 746 4137; x_wconf 89' lang='lat' dir='ltr'><strong><em>est</em></strong></span> <span class='ocrx_word' id='word_1_665' title='bbox 762 4084 828 4153; x_wconf 88' lang='lat' dir='ltr'><strong><em>(qni</em></strong></span> <span class='ocrx_word' id='word_1_666' title='bbox 844 4084 1036 4153; x_wconf 81' lang='lat' dir='ltr'><strong><em>iquorantiam</em></strong></span> <span class='ocrx_word' id='word_1_667' title='bbox 1063 4081 1115 4136; x_wconf 89' lang='lat' dir='ltr'><strong><em>Dei</em></strong></span> <span class='ocrx_word' id='word_1_668' title='bbox 1148 4097 1172 4135; x_wconf 87' lang='grc' dir='ltr'><strong><em>ο.</em></strong></span> <span class='ocrx_word' id='word_1_669' title='bbox 1200 4086 1247 4136; x_wconf 83' lang='lat'><strong><em>25:</em></strong></span> <span class='ocrx_word' id='word_1_670' title='bbox 1288 4079 1439 4148; x_wconf 78' lang='lat' dir='ltr'><strong><em>Scriptura</em></strong></span> <span class='ocrx_word' id='word_1_671' title='bbox 1466 4079 1570 4133; x_wconf 85' lang='lat' dir='ltr'><strong><em>talibus</em></strong></span> <span class='ocrx_word' id='word_1_672' title='bbox 1598 4079 1688 4132; x_wconf 70' lang='lat' dir='ltr'><strong><em>verbis</em></strong></span> <span class='ocrx_word' id='word_1_673' title='bbox 1712 4079 1898 4143; x_wconf 80' lang='lat' dir='ltr'><strong><em>sarniliaritcr</em></strong></span> 
     </span>
     <span class='ocr_line' id='line_1_46' title="bbox 196 4165 1898 4239; baseline 0.001 -19"><span class='ocrx_word' id='word_1_674' title='bbox 196 4168 360 4236; x_wconf 73' lang='lat' dir='ltr'><strong><em>praetexit),</em></strong></span> <span class='ocrx_word' id='word_1_675' title='bbox 388 4187 444 4223; x_wconf 91' lang='lat' dir='ltr'><strong><em>non</em></strong></span> <span class='ocrx_word' id='word_1_676' title='bbox 472 4187 534 4223; x_wconf 91' lang='lat' dir='ltr'><strong><em>cum</em></strong></span> <span class='ocrx_word' id='word_1_677' title='bbox 566 4170 759 4238; x_wconf 84' lang='lat' dir='ltr'><strong><em>iquorantibus</em></strong></span> <span class='ocrx_word' id='word_1_678' title='bbox 791 4171 898 4224; x_wconf 89' lang='lat' dir='ltr'><strong><em>minore</em></strong></span> <span class='ocrx_word' id='word_1_679' title='bbox 912 4172 1036 4239; x_wconf 83' lang='lat' dir='ltr'><strong><em>judicio,</em></strong></span> <span class='ocrx_word' id='word_1_680' title='bbox 1062 4169 1269 4238; x_wconf 87' lang='lat' dir='ltr'><strong><em>quodammodo</em></strong></span> <span class='ocrx_word' id='word_1_681' title='bbox 1305 4166 1381 4220; x_wconf 82' lang='lat' dir='ltr'><strong><em>onsni</em></strong></span> <span class='ocrx_word' id='word_1_682' title='bbox 1415 4165 1556 4218; x_wconf 83' lang='lat' dir='ltr'><strong><em>lominum</em></strong></span> <span class='ocrx_word' id='word_1_683' title='bbox 1584 4165 1680 4233; x_wconf 82' lang='lat' dir='ltr'><strong><em>qeneri</em></strong></span> <span class='ocrx_word' id='word_1_684' title='bbox 1708 4182 1740 4219; x_wconf 85' lang='lat' dir='ltr'><strong><em>sc</em></strong></span> <span class='ocrx_word' id='word_1_685' title='bbox 1766 4166 1898 4236; x_wconf 81' lang='lat' dir='ltr'><strong><em>insinuat,</em></strong></span> 
     </span>
     <span class='ocr_line' id='line_1_47' title="bbox 200 4251 1897 4326; baseline 0 -20"><span class='ocrx_word' id='word_1_686' title='bbox 200 4255 251 4308; x_wconf 83' lang='lat' dir='ltr'><strong><em>sed</em></strong></span> <span class='ocrx_word' id='word_1_687' title='bbox 272 4254 470 4308; x_wconf 79' lang='lat' dir='ltr'><strong><em>aebmucntiore</em></strong></span> <span class='ocrx_word' id='word_1_688' title='bbox 494 4273 555 4309; x_wconf 89' lang='lat' dir='ltr'><strong><em>cum</em></strong></span> <span class='ocrx_word' id='word_1_689' title='bbox 577 4256 639 4310; x_wconf 88' lang='lat' dir='ltr'><strong><em>illis</em></strong></span> <span class='ocrx_word' id='word_1_690' title='bbox 666 4258 859 4324; x_wconf 86' lang='lat' dir='ltr'><strong><em>damnabitur,</em></strong></span> <span class='ocrx_word' id='word_1_691' title='bbox 886 4258 1036 4326; x_wconf 84' lang='lat' dir='ltr'><strong><em>dequibus</em></strong></span> <span class='ocrx_word' id='word_1_692' title='bbox 1063 4255 1162 4324; x_wconf 80' lang='lat' dir='ltr'><strong><em>quibat</em></strong></span> <span class='ocrx_word' id='word_1_693' title='bbox 1185 4253 1244 4306; x_wconf 82' lang='lat' dir='ltr'><strong><em>vult</em></strong></span> <span class='ocrx_word' id='word_1_694' title='bbox 1263 4269 1322 4306; x_wconf 88' lang='lat' dir='ltr'><strong><em>esse</em></strong></span> <span class='ocrx_word' id='word_1_695' title='bbox 1340 4251 1507 4319; x_wconf 85' lang='lat' dir='ltr'><strong><em>consultam,</em></strong></span> <span class='ocrx_word' id='word_1_696' title='bbox 1532 4258 1561 4304; x_wconf 88' lang='lat' dir='ltr'><strong><em>ut</em></strong></span> <span class='ocrx_word' id='word_1_697' title='bbox 1581 4258 1607 4304; x_wconf 91' lang='lat' dir='ltr'><strong><em>et</em></strong></span> <span class='ocrx_word' id='word_1_698' title='bbox 1625 4259 1787 4320; x_wconf 80' lang='lat' dir='ltr'><strong><em>perterreat</em></strong></span> <span class='ocrx_word' id='word_1_699' title='bbox 1802 4270 1897 4322; x_wconf 77' lang='lat' dir='ltr'><strong><em>neper-</em></strong></span> 
     </span>
     <span class='ocr_line' id='line_1_48' title="bbox 200 4338 1897 4410; baseline 0.001 -18"><span class='ocrx_word' id='word_1_700' title='bbox 200 4340 333 4408; x_wconf 82' lang='lat' dir='ltr'><strong><em>scriptum</em></strong></span> <span class='ocrx_word' id='word_1_701' title='bbox 352 4340 510 4408; x_wconf 68' lang='lat' dir='ltr'><strong><em>estimetur</em></strong></span> <span class='ocrx_word' id='word_1_702' title='bbox 529 4342 762 4410; x_wconf 77' lang='lat' dir='ltr'><strong><em>asprdiseurdae</em></strong></span> <span class='ocrx_word' id='word_1_703' title='bbox 780 4342 933 4395; x_wconf 84' lang='lat' dir='ltr'><strong><em>obturantis</em></strong></span> <span class='ocrx_word' id='word_1_704' title='bbox 953 4361 1036 4398; x_wconf 80' lang='lat' dir='ltr'><strong><em>auree</em></strong></span> <span class='ocrx_word' id='word_1_705' title='bbox 1063 4342 1164 4394; x_wconf 74' lang='lat' dir='ltr'><strong><em>biemes</em></strong></span> <span class='ocrx_word' id='word_1_706' title='bbox 1188 4347 1214 4393; x_wconf 91' lang='lat' dir='ltr'><strong><em>et</em></strong></span> <span class='ocrx_word' id='word_1_707' title='bbox 1239 4339 1335 4392; x_wconf 69' lang='lat' dir='ltr'><strong><em>enatet</em></strong></span> <span class='ocrx_word' id='word_1_708' title='bbox 1358 4338 1525 4405; x_wconf 77' lang='lat' dir='ltr'><strong><em>neqliqcntcs</em></strong></span> <span class='ocrx_word' id='word_1_709' title='bbox 1551 4346 1576 4391; x_wconf 91' lang='lat' dir='ltr'><strong><em>et</em></strong></span> <span class='ocrx_word' id='word_1_710' title='bbox 1593 4345 1718 4390; x_wconf 70' lang='lat' dir='ltr'><strong><em>exactat</em></strong></span> <span class='ocrx_word' id='word_1_711' title='bbox 1734 4346 1897 4407; x_wconf 63' lang='lat' dir='ltr'><strong><em>merentes</em></strong></span> 
     </span>
     <span class='ocr_line' id='line_1_49' title="bbox 200 4423 1896 4496; baseline -0.002 -17"><span class='ocrx_word' id='word_1_712' title='bbox 200 4441 274 4479; x_wconf 81' lang='lat' dir='ltr'><strong><em>suas.</em></strong></span> <span class='ocrx_word' id='word_1_713' title='bbox 320 4425 492 4496; x_wconf 76' lang='lat' dir='ltr'><strong><em>Epiphanius</em></strong></span> <span class='ocrx_word' id='word_1_714' title='bbox 522 4426 626 4483; x_wconf 75' lang='lat' dir='ltr'><strong><em>haersu</em></strong></span> <span class='ocrx_word' id='word_1_715' title='bbox 659 4433 699 4483; x_wconf 73' lang='lat'><strong><em>76.</em></strong></span> <span class='ocrx_word' id='word_1_716' title='bbox 735 4433 821 4483; x_wconf 73' lang='lat' dir='ltr'><strong><em>sonu.</em></strong></span> <span class='ocrx_word' id='word_1_717' title='bbox 853 4428 916 4483; x_wconf 76' lang='lat' dir='ltr'><strong><em>Act.</em></strong></span> <span class='ocrx_word' id='word_1_718' title='bbox 944 4428 1036 4484; x_wconf 74' lang='lat' dir='ltr'><strong><em>ocima</em></strong></span> <span class='ocrx_word' id='word_1_719' title='bbox 1062 4433 1087 4479; x_wconf 90' lang='lat' dir='ltr'><strong><em>et</em></strong></span> <span class='ocrx_word' id='word_1_720' title='bbox 1111 4425 1173 4478; x_wconf 87' lang='lat' dir='ltr'><strong><em>alat</em></strong></span> <span class='ocrx_word' id='word_1_721' title='bbox 1197 4423 1395 4492; x_wconf 84' lang='lat' dir='ltr'><strong><em>intelliqentee‚</em></strong></span> <span class='ocrx_word' id='word_1_722' title='bbox 1420 4424 1497 4492; x_wconf 86' lang='lat' dir='ltr'><strong><em>quod</em></strong></span> <span class='ocrx_word' id='word_1_723' title='bbox 1519 4423 1716 4489; x_wconf 75' lang='lat' dir='ltr'><strong><em>confeceret,</em></strong></span> <span class='ocrx_word' id='word_1_724' title='bbox 1743 4423 1771 4477; x_wconf 86' lang='lat' dir='ltr'><strong><em>si</em></strong></span> <span class='ocrx_word' id='word_1_725' title='bbox 1793 4441 1850 4479; x_wconf 84' lang='lat' dir='ltr'><strong><em>nou</em></strong></span> <span class='ocrx_word' id='word_1_726' title='bbox 1867 4439 1896 4477; x_wconf 84' lang='lat' dir='ltr'><strong><em>se</em></strong></span> 
     </span>
     <span class='ocr_line' id='line_1_50' title="bbox 201 4507 1896 4586; baseline 0.001 -24"><span class='ocrx_word' id='word_1_727' title='bbox 201 4512 279 4579; x_wconf 76' lang='grc' dir='ltr'><strong><em>σαφῆ</em></strong></span> <span class='ocrx_word' id='word_1_728' title='bbox 300 4509 332 4564; x_wconf 70' lang='grc' dir='ltr'><strong><em>ἐν</em></strong></span> <span class='ocrx_word' id='word_1_729' title='bbox 348 4514 380 4584; x_wconf 74' lang='grc' dir='ltr'><strong><em>τῇ</em></strong></span> <span class='ocrx_word' id='word_1_730' title='bbox 397 4517 462 4579; x_wconf 74' lang='grc' dir='ltr'><strong><em>θείᾳ</em></strong></span> <span class='ocrx_word' id='word_1_731' title='bbox 479 4517 576 4586; x_wconf 74' lang='grc' dir='ltr'><em>γραφῇ</em></span> <span class='ocrx_word' id='word_1_732' title='bbox 593 4519 649 4571; x_wconf 81' lang='grc' dir='ltr'><strong><em>τοῖς</em></strong></span> <span class='ocrx_word' id='word_1_733' title='bbox 667 4517 847 4586; x_wconf 74' lang='grc' dir='ltr'><strong><em>βουλομένοις</em></strong></span> <span class='ocrx_word' id='word_1_734' title='bbox 864 4513 972 4581; x_wconf 77' lang='grc' dir='ltr'>εὐσεβεῖ</span> <span class='ocrx_word' id='word_1_735' title='bbox 987 4519 1035 4569; x_wconf 84' lang='lat' dir='ltr'><strong><em>lo·</em></strong></span> <span class='ocrx_word' id='word_1_736' title='bbox 1059 4511 1141 4580; x_wconf 84' lang='lat' dir='ltr'><strong><em>prius</em></strong></span> <span class='ocrx_word' id='word_1_737' title='bbox 1160 4509 1308 4562; x_wconf 82' lang='lat' dir='ltr'><strong><em>inclinaret</em></strong></span> <span class='ocrx_word' id='word_1_738' title='bbox 1327 4517 1352 4562; x_wconf 85' lang='lat' dir='ltr'><strong><em>et</em></strong></span> <span class='ocrx_word' id='word_1_739' title='bbox 1375 4509 1554 4562; x_wconf 81' lang='lat' dir='ltr'><strong><em>descenderet</em></strong></span> <span class='ocrx_word' id='word_1_740' title='bbox 1573 4509 1615 4560; x_wconf 81' lang='lat' dir='ltr'><strong><em>od</em></strong></span> <span class='ocrx_word' id='word_1_741' title='bbox 1629 4508 1811 4575; x_wconf 40' lang='lat' dir='ltr'><strong><em>jacentes&amp;</em></strong></span> <span class='ocrx_word' id='word_1_742' title='bbox 1837 4507 1896 4563; x_wconf 69' lang='lat'><strong><em>[2</em></strong></span> 
     </span>
     <span class='ocr_line' id='line_1_51' title="bbox 200 4592 1895 4670; baseline -0.007 -12"><span class='ocrx_word' id='word_1_743' title='bbox 200 4597 291 4669; x_wconf 65' lang='grc' dir='ltr'><strong><em>νῑσμῷ</em></strong></span> <span class='ocrx_word' id='word_1_744' title='bbox 317 4601 515 4670; x_wconf 70' lang='grc' dir='ltr'><strong><em>προςέρχεσοαι</em></strong></span> <span class='ocrx_word' id='word_1_745' title='bbox 541 4601 579 4666; x_wconf 75' lang='grc' dir='ltr'><strong><em>τῷ</em></strong></span> <span class='ocrx_word' id='word_1_746' title='bbox 606 4603 674 4666; x_wconf 73' lang='grc' dir='ltr'><strong><em>θείῳ</em></strong></span> <span class='ocrx_word' id='word_1_747' title='bbox 698 4597 779 4667; x_wconf 73' lang='grc' dir='ltr'><strong>λόγῳ.</strong></span> <span class='ocrx_word' id='word_1_748' title='bbox 802 4617 831 4669; x_wconf 91' lang='lat' dir='ltr'><strong><em>p.</em></strong></span> <span class='ocrx_word' id='word_1_749' title='bbox 848 4605 913 4655; x_wconf 71' lang='lat'>4³⁵:</span> <span class='ocrx_word' id='word_1_750' title='bbox 942 4598 1034 4656; x_wconf 79' lang='lat' dir='ltr'><strong><em>nima</em></strong></span> <span class='ocrx_word' id='word_1_751' title='bbox 1061 4602 1146 4651; x_wconf 84' lang='lat' dir='ltr'><strong><em>contr.</em></strong></span> <span class='ocrx_word' id='word_1_752' title='bbox 1165 4593 1266 4650; x_wconf 82' lang='lat' dir='ltr'><strong><em>Donet.</em></strong></span> <span class='ocrx_word' id='word_1_753' title='bbox 1291 4611 1314 4650; x_wconf 89' lang='lat' dir='ltr'><strong><em>c.</em></strong></span> <span class='ocrx_word' id='word_1_754' title='bbox 1341 4600 1370 4650; x_wconf 85' lang='lat'><strong><em>6:</em></strong></span> <span class='ocrx_word' id='word_1_755' title='bbox 1398 4594 1491 4648; x_wconf 86' lang='lat' dir='ltr'><strong><em>Nulla</em></strong></span> <span class='ocrx_word' id='word_1_756' title='bbox 1516 4593 1671 4648; x_wconf 67' lang='lat' dir='ltr'><strong><em>obscuritas</em></strong></span> <span class='ocrx_word' id='word_1_757' title='bbox 1696 4600 1738 4646; x_wconf 85' lang='lat' dir='ltr'><strong><em>est</em></strong></span> <span class='ocrx_word' id='word_1_758' title='bbox 1764 4594 1795 4647; x_wconf 85' lang='lat' dir='ltr'><strong><em>in</em></strong></span> <span class='ocrx_word' id='word_1_759' title='bbox 1822 4592 1895 4649; x_wconf 77' lang='lat' dir='ltr'><strong><em>Sori-</em></strong></span> 
     </span>
     <span class='ocr_line' id='line_1_52' title="bbox 199 4678 1896 4757; baseline -0.001 -21"><span class='ocrx_word' id='word_1_760' title='bbox 199 4679 267 4755; x_wconf 72' lang='grc' dir='ltr'><strong><em>ἡμῖν</em></strong></span> <span class='ocrx_word' id='word_1_761' title='bbox 289 4679 410 4753; x_wconf 74' lang='grc' dir='ltr'><strong><em>φωτεινὰ</em></strong></span> <span class='ocrx_word' id='word_1_762' title='bbox 435 4680 465 4736; x_wconf 77' lang='lat' dir='ltr'><strong><em>ui</em></strong></span> <span class='ocrx_word' id='word_1_763' title='bbox 484 4686 530 4750; x_wconf 76' lang='grc' dir='ltr'><strong><em>τῆς</em></strong></span> <span class='ocrx_word' id='word_1_764' title='bbox 548 4689 625 4743; x_wconf 74' lang='grc' dir='ltr'><strong><em>θείας</em></strong></span> <span class='ocrx_word' id='word_1_765' title='bbox 641 4688 753 4756; x_wconf 74' lang='grc' dir='ltr'><strong><em>γραφῆς</em></strong></span> <span class='ocrx_word' id='word_1_766' title='bbox 772 4687 818 4737; x_wconf 76' lang='lat' dir='ltr'><strong><em>eal</em></strong></span> <span class='ocrx_word' id='word_1_767' title='bbox 837 4683 869 4739; x_wconf 78' lang='grc' dir='ltr'><strong><em>τὰ</em></strong></span> <span class='ocrx_word' id='word_1_768' title='bbox 888 4689 934 4752; x_wconf 69' lang='grc' dir='ltr'><strong><em>τῆς</em></strong></span> <span class='ocrx_word' id='word_1_769' title='bbox 954 4686 1035 4757; x_wconf 71' lang='grc' dir='ltr'><em>ἁγίας</em></span> <span class='ocrx_word' id='word_1_770' title='bbox 1056 4681 1167 4752; x_wconf 80' lang='lat' dir='ltr'><strong><em>pluris,</em></strong></span> <span class='ocrx_word' id='word_1_771' title='bbox 1190 4682 1242 4734; x_wconf 78' lang='lat' dir='ltr'><strong><em>ted</em></strong></span> <span class='ocrx_word' id='word_1_772' title='bbox 1263 4681 1290 4735; x_wconf 83' lang='lat' dir='ltr'><strong><em>ti</em></strong></span> <span class='ocrx_word' id='word_1_773' title='bbox 1310 4699 1395 4735; x_wconf 70' lang='lat' dir='ltr'><strong><em>uranu</em></strong></span> <span class='ocrx_word' id='word_1_774' title='bbox 1418 4681 1517 4735; x_wconf 63' lang='lat' dir='ltr'><strong><em>trientis</em></strong></span> <span class='ocrx_word' id='word_1_775' title='bbox 1535 4687 1601 4734; x_wconf 83' lang='lat' dir='ltr'><strong><em>tuat</em></strong></span> <span class='ocrx_word' id='word_1_776' title='bbox 1619 4678 1837 4749; x_wconf 65' lang='lat' dir='ltr'><strong><em>scripturarius</em></strong></span> <span class='ocrx_word' id='word_1_777' title='bbox 1847 4680 1896 4750; x_wconf 76' lang='lat' dir='ltr'><strong><em>ju·</em></strong></span> 
     </span>
     <span class='ocr_line' id='line_1_53' title="bbox 199 4764 1893 4845; baseline -0.002 -23"><span class='ocrx_word' id='word_1_778' title='bbox 199 4773 316 4828; x_wconf 73' lang='grc' dir='ltr'><strong><em>ιίσιεως</em></strong></span> <span class='ocrx_word' id='word_1_779' title='bbox 339 4766 423 4822; x_wconf 73' lang='grc' dir='ltr'><strong><em>οὐδὲν</em></strong></span> <span class='ocrx_word' id='word_1_780' title='bbox 446 4766 557 4824; x_wconf 76' lang='grc' dir='ltr'><strong><em>σκολιὸν</em></strong></span> <span class='ocrx_word' id='word_1_781' title='bbox 583 4767 597 4835; x_wconf 79' lang='grc' dir='ltr'>ἢ</span> <span class='ocrx_word' id='word_1_782' title='bbox 621 4769 749 4825; x_wconf 75' lang='grc' dir='ltr'><strong><em>ἐναντίον</em></strong></span> <span class='ocrx_word' id='word_1_783' title='bbox 767 4769 785 4837; x_wconf 80' lang='grc' dir='ltr'><em>ἢ</em></span> <span class='ocrx_word' id='word_1_784' title='bbox 804 4774 1032 4845; x_wconf 72' lang='grc' dir='ltr'><strong><em>στραγγαλιῶοες.</em></strong></span> <span class='ocrx_word' id='word_1_785' title='bbox 1061 4786 1146 4822; x_wconf 86' lang='lat' dir='ltr'><strong><em>uuam</em></strong></span> <span class='ocrx_word' id='word_1_786' title='bbox 1165 4767 1344 4836; x_wconf 85' lang='lat' dir='ltr'><strong><em>pulsaveris,</em></strong></span> <span class='ocrx_word' id='word_1_787' title='bbox 1366 4766 1510 4835; x_wconf 88' lang='lat' dir='ltr'><strong><em>paulatim</em></strong></span> <span class='ocrx_word' id='word_1_788' title='bbox 1532 4764 1668 4834; x_wconf 84' lang='lat' dir='ltr'><strong><em>incipiens</em></strong></span> <span class='ocrx_word' id='word_1_789' title='bbox 1693 4765 1828 4834; x_wconf 84' lang='lat' dir='ltr'><strong><em>colliqere</em></strong></span> <span class='ocrx_word' id='word_1_790' title='bbox 1849 4784 1893 4819; x_wconf 89' lang='lat' dir='ltr'><strong><em>ra·</em></strong></span> 
     </span>
     <span class='ocr_line' id='line_1_54' title="bbox 200 4850 1896 4928; baseline -0.003 -19"><span class='ocrx_word' id='word_1_791' title='bbox 200 4852 371 4910; x_wconf 80' lang='lat' dir='ltr'><strong><em>Ambrosius.</em></strong></span> <span class='ocrx_word' id='word_1_792' title='bbox 394 4853 423 4909; x_wconf 88' lang='lat' dir='ltr'><strong><em>in</em></strong></span> <span class='ocrx_word' id='word_1_793' title='bbox 441 4853 527 4924; x_wconf 84' lang='lat' dir='ltr'><strong><em>prino.</em></strong></span> <span class='ocrx_word' id='word_1_794' title='bbox 545 4853 625 4926; x_wconf 73' lang='lat' dir='ltr'><strong><em>epist.</em></strong></span> <span class='ocrx_word' id='word_1_795' title='bbox 644 4862 668 4911; x_wconf 84' lang='grc'><strong><em>7.</em></strong></span> <span class='ocrx_word' id='word_1_796' title='bbox 687 4856 766 4925; x_wconf 83' lang='lat' dir='ltr'><strong><em>dicit,</em></strong></span> <span class='ocrx_word' id='word_1_797' title='bbox 786 4858 910 4911; x_wconf 89' lang='lat' dir='ltr'><strong><em>Paulam</em></strong></span> <span class='ocrx_word' id='word_1_798' title='bbox 928 4859 958 4911; x_wconf 89' lang='lat' dir='ltr'><strong><em>iu</em></strong></span> <span class='ocrx_word' id='word_1_799' title='bbox 972 4859 1033 4928; x_wconf 85' lang='lat' dir='ltr'><strong><em>ple·</em></strong></span> <span class='ocrx_word' id='word_1_800' title='bbox 1060 4856 1160 4908; x_wconf 88' lang='lat' dir='ltr'><strong><em>tionem</em></strong></span> <span class='ocrx_word' id='word_1_801' title='bbox 1183 4853 1336 4919; x_wconf 84' lang='lat' dir='ltr'><strong><em>dictorum,</em></strong></span> <span class='ocrx_word' id='word_1_802' title='bbox 1355 4852 1498 4919; x_wconf 86' lang='lat' dir='ltr'><strong><em>aperietur</em></strong></span> <span class='ocrx_word' id='word_1_803' title='bbox 1517 4851 1568 4904; x_wconf 88' lang='lat' dir='ltr'><strong><em>tibi</em></strong></span> <span class='ocrx_word' id='word_1_804' title='bbox 1585 4868 1641 4904; x_wconf 86' lang='lat' dir='ltr'><strong><em>non</em></strong></span> <span class='ocrx_word' id='word_1_805' title='bbox 1659 4851 1695 4903; x_wconf 91' lang='lat' dir='ltr'><strong><em>ab</em></strong></span> <span class='ocrx_word' id='word_1_806' title='bbox 1715 4850 1793 4920; x_wconf 88' lang='lat' dir='ltr'><strong><em>alio,</em></strong></span> <span class='ocrx_word' id='word_1_807' title='bbox 1811 4852 1862 4906; x_wconf 77' lang='lat' dir='ltr'><strong><em>ssd</em></strong></span> <span class='ocrx_word' id='word_1_808' title='bbox 1876 4869 1896 4904; x_wconf 89' lang='lat' dir='ltr'><strong><em>a</em></strong></span> 
     </span>
     <span class='ocr_line' id='line_1_55' title="bbox 200 4935 1895 5012; baseline 0.001 -21"><span class='ocrx_word' id='word_1_809' title='bbox 200 4939 294 5010; x_wconf 79' lang='lat' dir='ltr'><strong><em>risque</em></strong></span> <span class='ocrx_word' id='word_1_810' title='bbox 315 4941 357 4994; x_wconf 88' lang='lat' dir='ltr'><strong><em>ita</em></strong></span> <span class='ocrx_word' id='word_1_811' title='bbox 375 4940 496 5011; x_wconf 78' lang='lat' dir='ltr'><strong><em>seipsmn</em></strong></span> <span class='ocrx_word' id='word_1_812' title='bbox 510 4941 570 4994; x_wconf 84' lang='lat' dir='ltr'><strong><em>suis</em></strong></span> <span class='ocrx_word' id='word_1_813' title='bbox 589 4958 723 5011; x_wconf 81' lang='lat' dir='ltr'><strong><em>coponcre</em></strong></span> <span class='ocrx_word' id='word_1_814' title='bbox 740 4944 925 5012; x_wconf 86' lang='lat' dir='ltr'><strong><em>sermonibus,</em></strong></span> <span class='ocrx_word' id='word_1_815' title='bbox 952 4953 982 4998; x_wconf 89' lang='lat' dir='ltr'><strong><em>ut</em></strong></span> <span class='ocrx_word' id='word_1_816' title='bbox 1001 4946 1034 5011; x_wconf 79' lang='lat' dir='ltr'><strong><em>is,</em></strong></span> <span class='ocrx_word' id='word_1_817' title='bbox 1061 4941 1120 4994; x_wconf 88' lang='lat' dir='ltr'><strong><em>Dei</em></strong></span> <span class='ocrx_word' id='word_1_818' title='bbox 1141 4940 1237 5006; x_wconf 85' lang='lat' dir='ltr'><strong><em>verbo,</em></strong></span> <span class='ocrx_word' id='word_1_819' title='bbox 1262 4938 1328 5007; x_wconf 87' lang='lat' dir='ltr'><strong><em>quia</em></strong></span> <span class='ocrx_word' id='word_1_820' title='bbox 1352 4936 1430 4990; x_wconf 85' lang='lat' dir='ltr'><strong><em>solas</em></strong></span> <span class='ocrx_word' id='word_1_821' title='bbox 1451 4936 1536 4990; x_wconf 85' lang='lat' dir='ltr'><strong><em>Jesus</em></strong></span> <span class='ocrx_word' id='word_1_822' title='bbox 1561 4936 1591 4989; x_wconf 86' lang='lat' dir='ltr'><strong><em>in</em></strong></span> <span class='ocrx_word' id='word_1_823' title='bbox 1608 4935 1753 5004; x_wconf 83' lang='lat' dir='ltr'><strong><em>eoanqclio</em></strong></span> <span class='ocrx_word' id='word_1_824' title='bbox 1770 4955 1822 4992; x_wconf 83' lang='lat' dir='ltr'><strong><em>ruo</em></strong></span> <span class='ocrx_word' id='word_1_825' title='bbox 1840 4954 1895 5005; x_wconf 66' lang='lat' dir='ltr'><strong><em>my·</em></strong></span> 
     </span>
     <span class='ocr_line' id='line_1_56' title="bbox 200 5020 1894 5098; baseline -0.003 -19"><span class='ocrx_word' id='word_1_826' title='bbox 200 5027 251 5094; x_wconf 89' lang='lat' dir='ltr'><strong><em>qui</em></strong></span> <span class='ocrx_word' id='word_1_827' title='bbox 266 5033 377 5094; x_wconf 87' lang='lat' dir='ltr'><strong><em>tractat,</em></strong></span> <span class='ocrx_word' id='word_1_828' title='bbox 393 5026 466 5080; x_wconf 83' lang='lat' dir='ltr'><strong><em>nibil</em></strong></span> <span class='ocrx_word' id='word_1_829' title='bbox 479 5027 614 5096; x_wconf 65' lang='lat' dir='ltr'><strong><em>‚inueniat</em></strong></span> <span class='ocrx_word' id='word_1_830' title='bbox 631 5031 709 5098; x_wconf 87' lang='lat' dir='ltr'><strong><em>quod</em></strong></span> <span class='ocrx_word' id='word_1_831' title='bbox 724 5030 856 5098; x_wconf 66' lang='lat' dir='ltr'><strong><em>aciy&#39;tciat,</em></strong></span> <span class='ocrx_word' id='word_1_832' title='bbox 875 5048 910 5084; x_wconf 91' lang='lat' dir='ltr'><strong><em>ac</em></strong></span> <span class='ocrx_word' id='word_1_833' title='bbox 927 5031 954 5083; x_wconf 86' lang='lat' dir='ltr'><strong><em>si</em></strong></span> <span class='ocrx_word' id='word_1_834' title='bbox 970 5031 1036 5084; x_wconf 85' lang='lat' dir='ltr'><strong><em>uelit</em></strong></span> <span class='ocrx_word' id='word_1_835' title='bbox 1060 5027 1147 5080; x_wconf 84' lang='lat' dir='ltr'><strong><em>steria</em></strong></span> <span class='ocrx_word' id='word_1_836' title='bbox 1171 5024 1241 5093; x_wconf 74' lang='lat' dir='ltr'><strong><em>lepis</em></strong></span> <span class='ocrx_word' id='word_1_837' title='bbox 1259 5023 1399 5077; x_wconf 81' lang='lat' dir='ltr'><strong><em>revelavit.</em></strong></span> <span class='ocrx_word' id='word_1_838' title='bbox 1425 5020 1518 5076; x_wconf 67' lang='lat' dir='ltr'><strong><em>truh.</em></strong></span> <span class='ocrx_word' id='word_1_839' title='bbox 1538 5021 1573 5074; x_wconf 87' lang='lat' dir='ltr'><strong><em>dc</em></strong></span> <span class='ocrx_word' id='word_1_840' title='bbox 1592 5021 1652 5076; x_wconf 90' lang='lat' dir='ltr'><strong><em>util.</em></strong></span> <span class='ocrx_word' id='word_1_841' title='bbox 1670 5021 1805 5078; x_wconf 81' lang='lat' dir='ltr'><strong><em>credendi</em></strong></span> <span class='ocrx_word' id='word_1_842' title='bbox 1821 5039 1846 5078; x_wconf 85' lang='grc' dir='ltr'><strong><em>ο.</em></strong></span> <span class='ocrx_word' id='word_1_843' title='bbox 1864 5026 1894 5078; x_wconf 77' lang='lat' dir='ltr'><strong><em>t:</em></strong></span> 
     </span>
     <span class='ocr_line' id='line_1_57' title="bbox 199 5107 1896 5184; baseline -0.001 -20"><span class='ocrx_word' id='word_1_844' title='bbox 199 5110 314 5179; x_wconf 87' lang='lat' dir='ltr'><strong><em>aliquid</em></strong></span> <span class='ocrx_word' id='word_1_845' title='bbox 328 5113 431 5181; x_wconf 86' lang='lat' dir='ltr'><strong><em>dicere,</em></strong></span> <span class='ocrx_word' id='word_1_846' title='bbox 446 5115 627 5181; x_wconf 82' lang='lat' dir='ltr'><strong><em>qrammatici</em></strong></span> <span class='ocrx_word' id='word_1_847' title='bbox 642 5115 733 5184; x_wconf 86' lang='lat' dir='ltr'><strong><em>moqis</em></strong></span> <span class='ocrx_word' id='word_1_848' title='bbox 749 5133 833 5184; x_wconf 89' lang='lat' dir='ltr'><strong><em>quam</em></strong></span> <span class='ocrx_word' id='word_1_849' title='bbox 849 5116 1035 5184; x_wconf 69' lang='lat' dir='ltr'><strong><em>disputatoris</em></strong></span> <span class='ocrx_word' id='word_1_850' title='bbox 1064 5111 1203 5181; x_wconf 77' lang='lat' dir='ltr'><strong><em>Quicquid</em></strong></span> <span class='ocrx_word' id='word_1_851' title='bbox 1221 5117 1274 5173; x_wconf 86' lang='lat' dir='ltr'><strong><em>est,</em></strong></span> <span class='ocrx_word' id='word_1_852' title='bbox 1293 5109 1364 5162; x_wconf 75' lang='lat' dir='ltr'><strong><em>ratiti</em></strong></span> <span class='ocrx_word' id='word_1_853' title='bbox 1380 5109 1471 5176; x_wconf 87' lang='lat' dir='ltr'><strong><em>crede,</em></strong></span> <span class='ocrx_word' id='word_1_854' title='bbox 1489 5107 1519 5160; x_wconf 91' lang='lat' dir='ltr'><strong><em>in</em></strong></span> <span class='ocrx_word' id='word_1_855' title='bbox 1538 5107 1693 5177; x_wconf 75' lang='lat' dir='ltr'><strong><em>Scripturis</em></strong></span> <span class='ocrx_word' id='word_1_856' title='bbox 1711 5108 1789 5178; x_wconf 85' lang='lat' dir='ltr'><strong><em>iliis,</em></strong></span> <span class='ocrx_word' id='word_1_857' title='bbox 1809 5109 1896 5163; x_wconf 77' lang='lat' dir='ltr'><strong><em>altum</em></strong></span> 
     </span>
     <span class='ocr_line' id='line_1_58' title="bbox 198 5193 1896 5272; baseline 0.001 -24"><span class='ocrx_word' id='word_1_858' title='bbox 198 5198 338 5264; x_wconf 64' lang='lat' dir='ltr'><strong><em>stupetur</em></strong></span> <span class='ocrx_word' id='word_1_859' title='bbox 356 5216 477 5253; x_wconf 87' lang='lat' dir='ltr'><strong><em>munere.</em></strong></span> <span class='ocrx_word' id='word_1_860' title='bbox 512 5198 700 5269; x_wconf 72' lang='lat' dir='ltr'><strong><em>Hieronymus</em></strong></span> <span class='ocrx_word' id='word_1_861' title='bbox 726 5201 756 5255; x_wconf 92' lang='lat' dir='ltr'><strong><em>in</em></strong></span> <span class='ocrx_word' id='word_1_862' title='bbox 771 5200 846 5256; x_wconf 77' lang='lat' dir='ltr'><strong><em>Pru.</em></strong></span> <span class='ocrx_word' id='word_1_863' title='bbox 866 5206 907 5256; x_wconf 78' lang='lat'><strong><em>86.</em></strong></span> <span class='ocrx_word' id='word_1_864' title='bbox 926 5218 1036 5272; x_wconf 84' lang='lat' dir='ltr'><strong><em>comps·</em></strong></span> <span class='ocrx_word' id='word_1_865' title='bbox 1062 5207 1087 5252; x_wconf 91' lang='lat' dir='ltr'><strong><em>et</em></strong></span> <span class='ocrx_word' id='word_1_866' title='bbox 1117 5198 1243 5250; x_wconf 83' lang='lat' dir='ltr'><strong><em>diuinum</em></strong></span> <span class='ocrx_word' id='word_1_867' title='bbox 1269 5202 1317 5248; x_wconf 87' lang='lat' dir='ltr'><strong><em>est.</em></strong></span> <span class='ocrx_word' id='word_1_868' title='bbox 1359 5195 1435 5247; x_wconf 80' lang='lat' dir='ltr'><strong><em>Irsest</em></strong></span> <span class='ocrx_word' id='word_1_869' title='bbox 1459 5193 1571 5247; x_wconf 84' lang='lat' dir='ltr'><strong><em>omnino</em></strong></span> <span class='ocrx_word' id='word_1_870' title='bbox 1597 5193 1701 5247; x_wconf 73' lang='lat' dir='ltr'><strong><em>verdae</em></strong></span> <span class='ocrx_word' id='word_1_871' title='bbox 1724 5202 1750 5246; x_wconf 89' lang='lat' dir='ltr'><strong><em>et</em></strong></span> <span class='ocrx_word' id='word_1_872' title='bbox 1773 5194 1896 5260; x_wconf 78' lang='lat' dir='ltr'><strong><em>reficien-</em></strong></span> 
     </span>
     <span class='ocr_line' id='line_1_59' title="bbox 199 5278 1896 5361; baseline -0.002 -26"><span class='ocrx_word' id='word_1_873' title='bbox 199 5287 244 5336; x_wconf 82' lang='lat' dir='ltr'><strong><em>rst</em></strong></span> <span class='ocrx_word' id='word_1_874' title='bbox 268 5282 417 5353; x_wconf 81' lang='lat' dir='ltr'><strong><em>proplictss</em></strong></span> <span class='ocrx_word' id='word_1_875' title='bbox 444 5289 474 5340; x_wconf 87' lang='lat' dir='ltr'><strong><em>st</em></strong></span> <span class='ocrx_word' id='word_1_876' title='bbox 498 5284 638 5355; x_wconf 75' lang='lat' dir='ltr'><strong><em>apostolos</em></strong></span> <span class='ocrx_word' id='word_1_877' title='bbox 661 5302 724 5340; x_wconf 90' lang='lat' dir='ltr'><strong><em>cum</em></strong></span> <span class='ocrx_word' id='word_1_878' title='bbox 752 5285 922 5356; x_wconf 79' lang='lat' dir='ltr'><strong><em>philosophis</em></strong></span> <span class='ocrx_word' id='word_1_879' title='bbox 951 5286 1037 5358; x_wconf 87' lang='lat' dir='ltr'><strong><em>(quod</em></strong></span> <span class='ocrx_word' id='word_1_880' title='bbox 1062 5284 1107 5339; x_wconf 86' lang='lat' dir='ltr'><strong><em>dis</em></strong></span> <span class='ocrx_word' id='word_1_881' title='bbox 1125 5282 1372 5351; x_wconf 86' lang='lat' dir='ltr'><strong><em>instaurandisque</em></strong></span> <span class='ocrx_word' id='word_1_882' title='bbox 1391 5279 1493 5333; x_wconf 76' lang='lat' dir='ltr'><strong><em>acinus</em></strong></span> <span class='ocrx_word' id='word_1_883' title='bbox 1508 5279 1800 5361; x_wconf 70' lang='lat' dir='ltr'><strong><em>accommodatissime</em></strong></span> <span class='ocrx_word' id='word_1_884' title='bbox 1813 5278 1896 5332; x_wconf 86' lang='lat' dir='ltr'><strong><em>disci·</em></strong></span> 
     </span>
     <span class='ocr_line' id='line_1_60' title="bbox 199 5365 1897 5442; baseline -0.003 -20"><span class='ocrx_word' id='word_1_885' title='bbox 199 5366 267 5422; x_wconf 81' lang='lat' dir='ltr'><strong><em>facit</em></strong></span> <span class='ocrx_word' id='word_1_886' title='bbox 290 5367 373 5421; x_wconf 83' lang='lat' dir='ltr'><strong><em>etium</em></strong></span> <span class='ocrx_word' id='word_1_887' title='bbox 394 5366 607 5439; x_wconf 76' lang='lat' dir='ltr'><strong><em>chrysostomus</em></strong></span> <span class='ocrx_word' id='word_1_888' title='bbox 631 5368 724 5426; x_wconf 89' lang='lat' dir='ltr'><strong><em>homil.</em></strong></span> <span class='ocrx_word' id='word_1_889' title='bbox 749 5378 773 5427; x_wconf 80' lang='lat'><strong><em>3.</em></strong></span> <span class='ocrx_word' id='word_1_890' title='bbox 803 5374 839 5427; x_wconf 83' lang='lat' dir='ltr'><strong><em>ds</em></strong></span> <span class='ocrx_word' id='word_1_891' title='bbox 862 5373 983 5442; x_wconf 79' lang='lat' dir='ltr'><strong><em>Lazaro)</em></strong></span> <span class='ocrx_word' id='word_1_892' title='bbox 1009 5377 1038 5426; x_wconf 88' lang='lat' dir='ltr'><strong><em>ct</em></strong></span> <span class='ocrx_word' id='word_1_893' title='bbox 1060 5370 1144 5438; x_wconf 87' lang='lat' dir='ltr'><strong><em>plina</em></strong></span> <span class='ocrx_word' id='word_1_894' title='bbox 1171 5376 1196 5421; x_wconf 86' lang='lat' dir='ltr'><strong><em>et</em></strong></span> <span class='ocrx_word' id='word_1_895' title='bbox 1216 5367 1306 5436; x_wconf 82' lang='lat' dir='ltr'><strong><em>plane</em></strong></span> <span class='ocrx_word' id='word_1_896' title='bbox 1333 5367 1374 5420; x_wconf 89' lang='lat' dir='ltr'><strong><em>ita</em></strong></span> <span class='ocrx_word' id='word_1_897' title='bbox 1394 5366 1568 5436; x_wconf 67' lang='lat' dir='ltr'><strong><em>modificata,</em></strong></span> <span class='ocrx_word' id='word_1_898' title='bbox 1597 5372 1627 5418; x_wconf 87' lang='lat' dir='ltr'><strong><em>ut</em></strong></span> <span class='ocrx_word' id='word_1_899' title='bbox 1643 5381 1721 5419; x_wconf 85' lang='lat' dir='ltr'><strong><em>nemo</em></strong></span> <span class='ocrx_word' id='word_1_900' title='bbox 1744 5365 1812 5420; x_wconf 85' lang='lat' dir='ltr'><strong><em>inde</em></strong></span> <span class='ocrx_word' id='word_1_901' title='bbox 1828 5365 1897 5417; x_wconf 84' lang='lat' dir='ltr'><strong><em>bau-</em></strong></span> 
     </span>
    </p>
   </div>
   <div class='ocr_carea' id='block_1_3' title="bbox 198 5450 1899 5535">
    <p class='ocr_par' dir='ltr' id='par_1_3' title="bbox 198 5450 1899 5535">
     <span class='ocr_line' id='line_1_61' title="bbox 198 5450 1899 5535; baseline -0.002 -27"><span class='ocrx_word' id='word_1_902' title='bbox 198 5453 251 5521; x_wconf 61' lang='lat' dir='ltr'><strong><em>iit,</em></strong></span> <span class='ocrx_word' id='word_1_903' title='bbox 279 5453 427 5508; x_wconf 81' lang='lat' dir='ltr'><strong><em>Platonem</em></strong></span> <span class='ocrx_word' id='word_1_904' title='bbox 445 5456 550 5526; x_wconf 79' lang='lat' dir='ltr'><strong><em>paucis</em></strong></span> <span class='ocrx_word' id='word_1_905' title='bbox 571 5455 735 5527; x_wconf 83' lang='lat' dir='ltr'><strong><em>scripsisse,</em></strong></span> <span class='ocrx_word' id='word_1_906' title='bbox 758 5460 826 5527; x_wconf 86' lang='lat' dir='ltr'><strong><em>quia</em></strong></span> <span class='ocrx_word' id='word_1_907' title='bbox 852 5459 897 5512; x_wconf 80' lang='lat' dir='ltr'><strong><em>ain</em></strong></span> <span class='ocrx_word' id='word_1_908' title='bbox 914 5466 969 5513; x_wconf 81' lang='lat' dir='ltr'><strong><em>tres</em></strong></span> <span class='ocrx_word' id='word_1_909' title='bbox 988 5459 1035 5512; x_wconf 85' lang='lat' dir='ltr'><strong><em>bo·</em></strong></span> <span class='ocrx_word' id='word_1_910' title='bbox 1049 5450 1122 5529; x_wconf 61' lang='lat' dir='ltr'><strong><em>&gt;rire</em></strong></span> <span class='ocrx_word' id='word_1_911' title='bbox 1145 5471 1200 5508; x_wconf 89' lang='lat' dir='ltr'><strong><em>non</em></strong></span> <span class='ocrx_word' id='word_1_912' title='bbox 1217 5453 1322 5535; x_wconf 68' lang='lat' dir='ltr'><strong><em>possit,</em></strong></span> <span class='ocrx_word' id='word_1_913' title='bbox 1349 5454 1426 5523; x_wconf 86' lang='lat' dir='ltr'><strong><em>quod</em></strong></span> <span class='ocrx_word' id='word_1_914' title='bbox 1450 5450 1506 5506; x_wconf 88' lang='lat' dir='ltr'><strong><em>sibi</em></strong></span> <span class='ocrx_word' id='word_1_915' title='bbox 1530 5451 1602 5505; x_wconf 88' lang='lat' dir='ltr'><strong><em>satis</em></strong></span> <span class='ocrx_word' id='word_1_916' title='bbox 1625 5457 1680 5519; x_wconf 85' lang='lat' dir='ltr'><strong><em>est,</em></strong></span> <span class='ocrx_word' id='word_1_917' title='bbox 1704 5450 1733 5504; x_wconf 87' lang='lat' dir='ltr'><strong><em>si</em></strong></span> <span class='ocrx_word' id='word_1_918' title='bbox 1757 5451 1839 5507; x_wconf 78' lang='lat' dir='ltr'><strong><em>nwdo</em></strong></span> <span class='ocrx_word' id='word_1_919' title='bbox 1857 5450 1899 5505; x_wconf 82' lang='lat' dir='ltr'><strong><em>ad</em></strong></span> 
     </span>
    </p>
   </div>
   <div class='ocr_carea' id='block_1_4' title="bbox 0 0 1996 6022">
    <p class='ocr_par' dir='ltr' id='par_1_4' title="bbox 0 0 1996 6022">
     <span class='ocr_line' id='line_1_62' title="bbox 0 0 1996 6022; baseline 0 0"><span class='ocrx_word' id='word_1_920' title='bbox 0 0 1996 6022; x_wconf 95' lang='lat' dir='ltr'><strong><em> </em></strong></span> 
     </span>
    </p>
   </div>
  </div>
 </body>
</html>
