3968 6024
218 288 279 346 ιιι
352 255 354 258 ’
895 277 1220 359 ,accusaremus

217 450 272 507 que
316 431 467 505 propositio
510 439 569 500 sstr
618 432 764 490 Schmaltz.
810 439 906 490 conus
939 434 1051 490 Frenta.
1074 435 1150 499 feeit
1165 435 1280 504 judicio
1298 434 1545 489 reverendissimae
1565 433 1678 503 quodi,
1700 434 1728 487 si
1743 433 1807 503 qais
1824 435 1911 489 semel

216 525 244 593 p.
266 526 325 578 281.
1069 521 1205 590 judicata
1229 539 1263 574 uc
1285 529 1358 575 recte
1379 522 1508 589 deposita
1525 520 1664 575 revolvere
1682 526 1708 573 et
1720 518 1836 590 poetes
1853 521 1911 574 dis-

255 613 293 663 13.
318 605 416 660 'l'hssis
440 604 623 676 prooemialis.
652 608 893 674 eleemosinis
915 606 1052 661 ιηἰιιιιιιι
1072 615 1176 677 putare
1205 608 1386 662 eomesderit.
1429 605 1535 661 Eadem
1568 603 1728 660 ιοιιιιιιιιιιο
1763 609 1855 660 exstat
1882 607 1908 660 in

216 695 273 748 aba
290 693 439 747 temnentia
456 693 575 746 ecclesia
591 694 708 753 θετικῶς
721 694 885 755 decendium,
903 695 954 746 sed
967 696 1050 748 etiam
1076 693 1146 748 sctis
1163 692 1273 749 concilii
1289 690 1523 748 Chalcedonensis
1544 696 1598 746 set.
1616 697 1640 747 i.
1661 689 1744 762 Besp.
1764 708 1822 746 uon
1839 691 1908 746 imus

217 787 316 834 cocao
338 779 463 847 ejsudem
484 779 693 846 icspupmotores
711 776 887 840 ἀντιθετικῶς
904 780 1049 848 ds'spstam
1075 775 1197 847 misiae,
1233 779 1408 835 severitatem
1435 778 1512 833 illam
1544 778 1676 834 adrasus
1707 776 1907 834 musicorum

217 868 291 921 dam
325 863 406 920 Prior
429 879 494 935 pars
517 862 601 934 hujus
624 863 733 919 thesem
757 871 856 935 sponte
874 864 999 936 sequitur
1016 882 1050 920 cx
1076 864 1229 937 primipilus
1259 867 1338 937 (quos
1361 864 1500 920 Luthsrus
1529 869 1623 919 noster
1645 865 1748 918 deuios
1771 867 1869 932 vocat)
1892 881 1909 918 a

215 951 308 1024 prims
323 950 458 1006 hactenus
476 948 645 1005 confirmata
678 949 749 1005 (lum
767 950 840 1005 snim
856 948 925 1006 fides
942 957 971 1006 st
987 967 1050 1006 con-
1076 950 1232 1008 Christiano
1255 951 1420 1023 magistratu
1437 950 1603 1024 quandoque
1619 967 1676 1005 nou
1698 949 1790 1005 mlum
1806 950 1910 1007 utiliter

216 1037 300 1093 fessio
326 1035 458 1091 trinitatis
484 1035 521 1090 ad
546 1035 665 1091 salutem
689 1037 726 1090 sit
752 1037 908 1092 necessarie
933 1042 962 1091 et
985 1053 1050 1092 vero
1076 1037 1213 1102 adhiberi,
1232 1038 1281 1093 ssd
1309 1037 1392 1093 etiam
1416 1037 1571 1093 ueceuario
1588 1036 1779 1104 exercendam,
1799 1037 1910 1108 quaudo

217 1123 321 1180 nemini
344 1128 408 1193 post
430 1122 539 1193 lapsum
556 1138 608 1192 per
623 1129 751 1178 nannum
768 1123 835 1178 insit
852 1122 910 1178 sire
926 1122 1050 1178 innasca-
1076 1122 1184 1180 scilicet
1198 1138 1335 1181 ramnum
1353 1122 1495 1180 docuinae
1512 1138 1580 1179 suas
1596 1122 1627 1177 in
1643 1121 1767 1179 ecelesiis
1783 1122 1910 1179 orthode-

217 1217 271 1277 tur,
288 1209 352 1264 ideo
368 1207 554 1264 necessarium
571 1213 621 1276 est,
643 1216 675 1263 ut
687 1208 757 1264 haec
775 1209 902 1264 doctrine
918 1210 949 1263 in
964 1209 1050 1265 eccls-
1076 1210 1117 1264 xis
1142 1227 1209 1266 suae
1235 1226 1320 1266 curas
1346 1216 1375 1265 st
1399 1208 1465 1265 tidsi
1490 1209 1652 1279 commissis?
1670 1225 1804 1280 spargere
1820 1209 1909 1264 nitun-

218 1298 259 1351 sia
284 1313 317 1350 ex
339 1294 424 1350 verbo
442 1294 496 1350 Dei
518 1301 702 1365 proponatur,
730 1296 827 1351 derue
846 1295 999 1366 explicetur
1021 1301 1051 1350 et
1076 1303 1134 1364 tur,
1157 1296 1207 1353 sad
1224 1295 1317 1352 media
1331 1295 1382 1351 illa
1396 1295 1456 1351 sola
1471 1295 1509 1353 ad
1523 1294 1669 1352 haereseos
1686 1294 1909 1366 exstirpationes

217 1382 374 1438 rudioribus
399 1381 567 1445 inculcetur,
593 1387 625 1435 ut
647 1381 684 1435 ad
701 1396 796 1436 veram
812 1380 868 1436 rori
885 1380 939 1435 Dei
957 1381 1050 1454 cogni·
1076 1399 1133 1437 non
1154 1382 1284 1438 ridentur
1306 1380 1486 1452 sufficientia,
1510 1381 1627 1453 proinde
1646 1387 1706 1437 tum
1723 1383 1766 1436 od
1786 1382 1909 1437 aeduus

216 1468 320 1524 tionem
343 1484 377 1522 ec
402 1484 452 1537 per
473 1466 590 1522 eandem
614 1467 651 1520 ad
673 1465 759 1521 vitem
785 1472 926 1522 aeterum
948 1468 1050 1538 produ·
1075 1487 1138 1522 rum
1158 1469 1398 1539 iosos-motionem,
1414 1473 1475 1523 tum
1492 1469 1534 1521 ed
1551 1475 1676 1522 metram
1693 1475 1721 1521 st
1739 1467 1865 1521 oliorum
1881 1470 1910 1522 is

217 1561 324 1620 cantur,
340 1552 404 1609 lob.
427 1558 472 1622 17,
497 1571 522 1606 ι.
545 1557 571 1608 3.
598 1569 621 1609 ι.
640 1558 681 1609 20.
706 1571 732 1608 v.
749 1552 801 1610 ult
835 1554 975 1609 Posterior
990 1553 1051 1608 tbe·
1076 1556 1192 1610 veritate
1215 1555 1451 1621 confirmationem
1471 1553 1657 1610 necesarium
1676 1559 1731 1624 est,
1757 1559 1792 1608 ut
1813 1553 1908 1611 inde

216 1657 278 1696 reos
298 1657 363 1711 pars
387 1655 444 1693 non
467 1655 500 1694 so
518 1655 602 1694 sensu
624 1638 797 1709 accipienda,
825 1646 847 1695 1.
863 1640 938 1712 quod
955 1657 973 1694 ι
991 1640 1050 1711 qui·
1077 1647 1170 1697 menta
1192 1641 1334 1699 doctrines
1356 1657 1390 1696 ιι
1411 1639 1497 1695 rsrbo
1514 1638 1568 1696 Dei
1585 1645 1777 1711 proponantur
1798 1645 1829 1696 et
1848 1656 1908 1696 sou·

216 1725 311 1782 bueria
334 1724 574 1781 concionatoribus
596 1725 626 1779 iu
646 1725 773 1780 omnibus
797 1743 831 1780 ec
849 1726 965 1798 singulis
986 1742 1050 1781 con·
1076 1727 1221 1783 trariorum
1260 1733 1486 1800 ugumeutorum
1524 1725 1674 1798 explicatio
1715 1725 1907 1799 subiungatur.

217 1812 342 1869 sionibus
356 1828 463 1868 errores
473 1811 870 1884 Photinianorumpsrstringi
887 1819 1051 1885 argumenta
1076 1814 1159 1870 Fides
1194 1813 1268 1869 enim
1296 1830 1353 1869 non
1381 1820 1424 1869 set
1452 1813 1560 1868 incerta
1589 1813 1729 1884 quaedam
1756 1812 1854 1884 opinio
1880 1813 1909 1868 is

216 1902 339 1971 ipsorum
356 1898 526 1954 recensenda
545 1898 774 1965 minoricensis,
798 1898 881 1953 stiam
897 1898 966 1963 illis,
991 1898 1050 1970 qui·
1075 1907 1221 1972 utramque
1243 1906 1351 1972 partem
1372 1900 1524 1968 fluctuans,
1543 1898 1593 1954 ssd
1610 1897 1818 1970 iusserimus,
1837 1904 1910 1956 ouis

218 1987 270 2041 bus
305 2002 341 2041 ue
380 1984 492 2055 quidem
529 2000 630 2040 nomen
658 1984 887 2041 Photiniauorum
914 1985 1050 2056 innotuit3
1076 2003 1110 2042 ac
1133 1987 1246 2041 immota
1268 1984 1395 2054 scienda,
1420 2002 1470 2056 per
1488 2001 1572 2056 qaam
1589 2000 1666 2040 mens
1684 1983 1725 2056 pii
1742 1983 1865 2041 hominis
1881 1985 1909 2040 in

217 2079 241 2127 2.
274 2071 319 2125 vel
349 2070 424 2141 quod
454 2070 613 2142 scrupulose
643 2088 677 2125 ac
708 2077 810 2127 temere
839 2077 917 2127 extra
951 2071 1050 2127 limites
1076 2072 1199 2128 rsdtstis
1225 2071 1368 2143 agnitione
1398 2077 1428 2127 et
1456 2071 1629 2127 confessione
1657 2071 1699 2125 its
1725 2070 1907 2138 confirmatur,

217 2175 367 2230 progressu
389 2156 463 2212 iacto
485 2157 520 2212 do
540 2156 594 2212 hoc
619 2157 750 2227 mysterio
773 2157 977 2226 dimersndum3
1000 2157 1051 2212 ssd
1076 2164 1109 2213 ut
1125 2175 1176 2214 uec
1193 2158 1294 2229 capitis
1309 2158 1463 2229 periculum
1481 2174 1533 2228 pro
1549 2173 1584 2215 aa
1600 2162 1711 2214 recuset
1728 2156 1816 2214 adire
1840 2157 1908 2214 biar-

218 2243 293 2316 quod
316 2244 345 2298 in
367 2243 477 2315 scriptis
501 2242 635 2314 publicis,
659 2243 688 2297 in
710 2243 813 2298 scholis
832 2242 994 2298 Christianis
1017 2260 1051 2299 ac
1077 2243 1151 2299 ciam
1174 2243 1398 2300 constitutionem
1416 2244 1490 2316 quod
1508 2242 1621 2313 attinet,
1645 2259 1680 2298 ea
1696 2243 1849 2300 ιιιιιαιιιιι
1863 2261 1909 2299 no

217 2345 269 2402 pro
292 2346 323 2385 re
345 2334 426 2398 nata,
451 2329 474 2383 si
497 2328 631 2384 ecclesias
650 2328 795 2400 cujusdam
812 2328 987 2400 particularis
1003 2346 1049 2384 us·
1076 2334 1202 2383 veterum
1225 2346 1260 2385 ac
1284 2328 1421 2385 seditiosis
1446 2328 1591 2384 conatibus
1608 2327 1787 2384 turbatorum
1803 2336 1847 2386 set
1865 2348 1910 2402 op·

217 2415 331 2473 cessitas
364 2416 394 2471 id
425 2414 529 2484 exigat,
570 2415 599 2468 iu
628 2414 807 2471 concionibus
838 2415 921 2470 etiam
954 2421 1052 2470 oontm
1076 2415 1181 2486 posits,
1210 2415 1339 2485 prohibet
1372 2414 1446 2471 euim
1473 2417 1509 2469 de
1528 2417 1590 2484 fids
1616 2418 1799 2486 contendere,
1832 2417 1859 2470 h.
1885 2435 1908 2473 ι

216 2502 455 2576 pestilentissimos
472 2501 741 2557 Autitrinitariorum
756 2518 861 2556 emeres
878 2501 970 2572 ipsum
984 2499 1050 2557 iidsi
1076 2503 1246 2558 contentiose
1270 2500 1426 2573 disputare,
1453 2517 1487 2556 ea
1510 2502 1700 2570 disputatione
1724 2503 1863 2557 ιιιιιιιιιιιιι
1885 2512 1910 2556 et

215 2589 428 2644 fundamentum
448 2587 724 2643 memoremus
742 2587 932 2642 disserendum
951 2586 994 2641 sit.
1016 2587 1050 2641 Id
1072 2589 1215 2658 perfidiae
1236 2589 1411 2642 occasiomem
1433 2604 1582 2657 gemuere,
1605 2594 1637 2642 ut
1658 2587 1688 2641 in
1713 2588 1739 2642 d.
1764 2588 1784 2645 l.
1810 2589 1910 2644 diserte

218 2674 291 2731 enim
327 2673 454 2746 requirit:
489 2679 516 2730 1.
546 2691 654 2727 mmma
686 2675 844 2729 amardus.
890 2673 1052 2729 Adversarii
1076 2673 1202 2743 additur,
1228 2674 1304 2730 unde
1320 2673 1414 2747 glossa
1430 2673 1524 2743 addit,
1541 2676 1619 2743 quod
1635 2674 1686 2728 ios
1703 2691 1815 2745 semper
1825 2694 1909 2746 prae

156 2750 163 2765 '
218 2761 342 2817 veritatis
369 2776 471 2831 magno
497 2765 597 2813 conatu
620 2759 692 2814 banc
717 2759 856 2815 doctrines
879 2758 1051 2815 Christianae
1076 2770 1217 2828 semotus,
1242 2760 1299 2814 ιιίιι
1323 2762 1375 2825 fiat
1397 2778 1487 2814 causo
1511 2763 1682 2815 addiscendi
1699 2764 1731 2815 ιἰι
1748 2763 1854 2817 sciolis
1870 2765 1911 2818 ssi

171 2887 178 2900 .
218 2847 359 2919 acropolin
381 2846 560 2918 impugnant,
585 2845 695 2900 illorum
717 2845 803 2917 igitur
827 2846 913 2902 furori
938 2845 1048 2901 obviem
1078 2866 1165 2901 causo
1189 2847 1372 2901 comviucendi
1396 2847 1567 2914 brummou-
1589 2846 1636 2902 hio
1660 2847 1735 2902 euim
1756 2847 1821 2903 linis
1843 2850 1911 2920 opti·

217 2935 353 3003 eundum,
379 2949 431 2989 neo
447 2932 677 3004 permittendum,
694 2939 726 2987 ut
742 2950 793 3003 pro
809 2931 925 2988 veritate
943 2932 1051 2988 adstru-
1078 2951 1138 2988 mus
1162 2938 1216 3002 sst,
1239 2933 1314 2987 unde
1337 2948 1370 2986 ex
1393 2933 1411 2986 l.
1435 2932 1573 2998 Quoniam
1598 2938 1639 2989 23.
1666 2951 1689 2987 ι.
1716 2935 1752 2990 ds
1776 2935 1861 3006 episc.
1885 2943 1913 2992 st

217 3021 290 3076 ende
312 3020 485 3076 inveniamur
502 3018 656 3090 segniores,
680 3035 764 3089 quam
782 3017 822 3072 illi
839 3016 869 3072 in
887 3018 983 3073 cadem
1001 3036 1050 3088 op·
1077 3019 1167 3075 cleric.
1186 3020 1280 3093 glossa
1300 3019 1415 3091 colligit,
1435 3021 1512 3088 quod
1530 3021 1566 3073 de
1574 3021 1636 3088 fide
1647 3021 1792 3075 ιαιιοιισιι
1799 3023 1911 3090 poetes

216 3108 376 3179 pugnanda.
395 3106 520 3163 Cassian.
540 3105 588 3161 lib.
609 3113 631 3162 1.
649 3107 684 3161 de
702 3106 821 3161 incarn:
840 3107 944 3159 Morbo
960 3123 1050 3159 resur·
1078 3110 1225 3176 disputare
1251 3108 1294 3159 ori
1309 3107 1527 3175 ,reprobandam
1551 3122 1673 3176 mosam
1708 3107 1912 3163 hamedese-um

215 3203 296 3263 geute
312 3211 456 3263 sumqumn
474 3209 585 3247 casare
603 3194 683 3246 debet
700 3193 854 3261 medicina,
877 3194 929 3246 sed
947 3199 1050 3261 quarto
1077 3195 1236 3263 opinionem
1261 3194 1351 3247 liceat.
1383 3191 1458 3263 Erga
1483 3209 1538 3248 non
1557 3191 1727 3263 simpliciter,
1745 3195 1797 3249 ssd
1815 3213 1912 3251 secun

216 3283 309 3350 major
339 3289 380 3335 est
407 3281 573 3348 aspritudo,
603 3289 680 3335 tosto
710 3278 1051 3348 eorutsutiorrequiritur
1077 3281 1143 3334 dum
1165 3279 1235 3351 quid
1257 3279 1407 3350 imperator
1432 3278 1567 3349 ejusmodi
1591 3278 1796 3350 disputationes
1821 3283 1912 3353 prohi-

216 3370 338 3436 eurotim
358 3371 384 3422 2.
403 3367 533 3422 mandati
549 3366 640 3420 dicim
655 3366 816 3420 auctoritas.
852 3365 960 3432 Quibus
978 3364 1051 3420 enim
1076 3369 1131 3423 bet
1162 3364 1540 3438 Optandumquidsmforet,
1560 3381 1755 3438 eorumquae
1774 3383 1808 3422 ex
1826 3370 1911 3424 mani·

217 3455 334 3513 docendi
360 3472 461 3509 munus
486 3454 515 3507 in
539 3451 663 3508 ecclesiis
685 3469 719 3507 ac
741 3451 842 3507 scholis
869 3453 1052 3520 commissum,
1075 3454 1160 3508 festis
1189 3453 1333 3523 scripturis
1374 3451 1404 3506 iu
1435 3451 1556 3506 conciliis
1588 3452 1746 3523 primitivas
1777 3455 1913 3512 ecclesiae

216 3544 271 3599 illis
301 3541 433 3596 divinitus
467 3541 628 3596 mundatem
657 3557 713 3595 non
739 3540 829 3594 solum
858 3540 970 3602 docere,
1001 3539 1051 3593 sed
1076 3540 1237 3612 praesertim
1264 3539 1446 3596 oecumenicis
1471 3539 1621 3595 orthodoxe
1647 3539 1776 3612 delinita,
1804 3547 1912 3599 tantm

217 3630 301 3684 etism
326 3629 388 3689 ιούς
411 3627 604 3698 ἀντιλέγοντας
626 3628 749 3698 ἐλέγχειν
771 3627 827 3682 Tit
851 3634 873 3692 1,
891 3646 916 3680 v.
935 3634 960 3683 9.
989 3625 1053 3688 τοὺς
1076 3629 1151 3698 apud
1175 3643 1269 3682 omnes
1292 3643 1351 3681 esse
1377 3627 1583 3693 auctoritatem,
1609 3634 1641 3681 ut
1664 3625 1734 3680 nihil
1762 3628 1913 3702 quicquum

218 3715 493 3787 ἀντιδιατιθεμένους
519 3713 663 3768 παιδεύειν
695 3719 718 3770 2.
736 3713 808 3768 Tim.
828 3720 857 3781 ι,
880 3731 906 3767 v.
930 3718 972 3769 25.
1005 3719 1051 3767 sot
1077 3715 1105 3768 in
1128 3714 1183 3769 illis
1207 3714 1235 3768 in
1259 3712 1375 3769 dubium
1398 3720 1587 3779 revocaretur,
1609 3714 1659 3768 sed
1686 3731 1750 3769 cum
1773 3715 1914 3774 haeredes

220 3801 282 3862 ιιιις
306 3799 485 3874 persensisse
508 3799 691 3868 incomptius
726 3799 782 3854 Tit.
810 3805 838 3869 1,
863 3818 890 3853 v.
910 3806 949 3864 11,
976 3801 1051 3872 quod
1077 3800 1199 3873 pravitas
1224 3807 1253 3856 ιι
1278 3799 1411 3856 melariae
1435 3799 1586 3856 catholicae
1610 3815 1775 3856 mensum
1794 3810 1826 3858 et
1851 3821 1914 3859 oon-

219 3887 286 3945 slibi
313 3887 438 3958 exemplo
465 3891 656 3958 reparatorum
682 3886 779 3957 templi
806 3885 1051 3958 Hierosolymitani
1078 3888 1202 3943 ciliorum
1214 3887 1297 3943 stiam
1310 3887 1563 3958 antiquissimorum
1575 3886 1769 3943 auctoritatem
1782 3898 1913 3961 proterve

219 3974 288 4032 Nsh.
307 3981 332 4043 4,
349 3992 375 4031 r.
395 3980 435 4042 ιι,
453 3979 607 4044 pastorum,
624 3971 801 4040 medicorum,
820 3972 1004 4043 agricolarum
1022 3979 1051 4028 st
1078 3974 1194 4045 rejiciat,
1213 3973 1275 4030 ideo
1289 3973 1493 4045 exscriptoris,
1509 3991 1580 4046 quas
1597 3974 1765 4046 serecipers
1776 3984 1913 4048 ausuum,

217 4060 424 4118 hortulanomm
448 4059 531 4115 latius
554 4058 609 4113 fuit
631 4056 836 4128 confirmatum
860 4062 888 4111 3.
904 4059 1051 4129 multiplea
1078 4061 1188 4116 omnino
1206 4061 1332 4116 convinci
1350 4061 1460 4117 debent

217 4149 336 4204 atilitcu
370 4145 512 4202 Ecclesiae
532 4145 656 4199 doctores
675 4143 728 4198 hae
745 4144 851 4199 ratione
869 4145 990 4199 muneris
1008 4146 1051 4201 sui
1114 4146 1275 4204 1s.'1'hssis.
1296 4152 1322 4200 3.
1340 4149 1501 4215 mysterium
1520 4149 1656 4202 trinitatis
1674 4165 1731 4202 ιιοιι
1748 4166 1783 4204 ιιι
1796 4159 1953 4255 ριιιηιιιιιιι

216 4240 310 4307 partes
327 4233 456 4303 implent,
482 4230 641 4286 seductores
656 4230 861 4286 redduntur‘
829 4231 1049 4302 αυιοιιιιτάιιριιοι
1076 4234 1177 4288 similes
1198 4248 1248 4286 neo
1272 4251 1307 4285 ee
1327 4235 1448 4287 morbidis
1465 4234 1696 4288 eclesiasticarum
1714 4235 1841 4307 lammis,
1864 4215 1953 4306 ssd„⁴

217 4320 273 4378 Tit.
291 4327 323 4388 3,
349 4336 376 4372 r.
402 4325 442 4386 11,
467 4316 593 4371 educti
584 4333 616 4370 m
639 4317 713 4372 dam
735 4319 858 4374 veritatis
879 4325 1051 4389 revocantur,
1078 4338 1110 4373 ea
1137 4319 1345 4388 limpidissimis
1375 4319 1587 4388 Scripturarum
1614 4337 1763 4375 samonem
1785 4320 1953 4419 sonum

217 4405 424 4478 persistentes'
417 4423 446 4458 m
462 4401 529 4458 fidei
548 4402 734 4459 orthodoxia
726 4421 755 4458 m
772 4404 869 4459 eadem
888 4404 1050 4461 confirman-
1071 4406 1195 4478 probari
1212 4406 1293 4458 debet
1309 4414 1392 4509 atqcue
1411 4406 1496 4458 etiam
1510 4414 1611 4474 potest.
1641 4406 1821 4478 Postquam
1813 4426 1843 4464 m
1860 4411 1915 4481 pri
1927 4423 1953 4461 ιι

218 4499 263 4548 tur
285 4499 314 4549 et
332 4492 466 4548 adeamus
486 4505 591 4546 errores
608 4495 754 4560 corruptas
771 4490 872 4545 rationi
889 4490 1051 4561 plausibiles
1076 4493 1171 4547 oribus
1189 4489 1359 4547 thesibus
1332 4511 1363 4545 ro
1381 4492 1424 4546 διι
1443 4492 1641 4561 confirmatum,
1659 4494 1736 4566 quod
1749 4498 1914 4567 mysterium

219 4580 388 4636 mumuutur.
1075 4577 1208 4633 trinitatis
1225 4577 1379 4633 docendum
1397 4583 1426 4633 ιι
1442 4578 1610 4634 credendum
1623 4580 1667 4648 sit,
1686 4581 1815 4637 succedit
1831 4601 1914 4655 quae

255 4673 294 4724 te
313 4665 477 4720 Antithesis
514 4663 687 4730 Quibusdam
705 4663 827 4733 ridetur,
851 4680 914 4718 cum
932 4663 984 4718 boc
1002 4663 1049 4719 bo·
1077 4665 1130 4721 stis
1155 4665 1191 4720 de
1218 4685 1254 4734 sp
1242 4665 1356 4732 διόιι,
1389 4683 1423 4719 ιι
1450 4681 1505 4736 quo
1531 4665 1667 4737 principio
1684 4668 1814 4724 doctrina
1831 4670 1953 4742 hujusm

218 4754 322 4809 urinum
339 4767 442 4824 genere
457 4766 515 4805 nou
532 4749 766 4820 disputationibus
785 4751 833 4807 sed
845 4749 1050 4821 proscriptioni·
1076 4752 1201 4824 mysterii
1221 4751 1405 4823 pertenderit,
1429 4752 1476 4806 ubi
1497 4752 1599 4808 diserte
1617 4752 1735 4807 dicimus
1756 4772 1789 4810 sx
1808 4758 1867 4812 solo
1888 4738 1953 4814 etl*

218 4841 279 4909 bus,
301 4836 466 4900 carcmibus,
482 4835 615 4892 librorum
632 4837 820 4892 exustionibus
838 4844 867 4891 st
885 4835 968 4889 nudis
985 4851 1049 4890 ans·
1077 4839 1158 4895 unios
1178 4838 1232 4894 Dei
1255 4839 1348 4893 verbo
1380 4846 1401 4894 1
1425 4839 1488 4895 Non
1510 4855 1644 4910 negamus
1669 4841 1804 4898 ecclesiae
1821 4845 1914 4915 primi·

217 4923 487 4984 thsmadsationibus
510 4921 649 4994 agendum
676 4940 749 4991 esse,
778 4939 841 4977 cum
866 4939 960 4977 eorum
977 4920 1050 4976 blas·
1075 4927 1150 4982 ιιιιι
1169 4924 1322 4980 catholicas
1341 4925 1498 4981 smanimsm
1519 4926 1555 4981 ds
1577 4925 1629 4980 hoc
1646 4927 1780 4996 mysterio
1801 4944 1914 4988 eonsen-

217 5011 345 5085 pbemias
362 5011 392 5064 in
407 5009 605 5082 antiquissimis
615 5008 771 5079 primitivas
782 5007 917 5064 ecclesias
927 5008 1051 5063 conciliis
1077 5031 1149 5079 sum,
1174 5029 1256 5084 quem
1275 5010 1437 5067 confirmant
1454 5011 1640 5083 antiquissimi
1658 5013 1809 5085 scriptores
1829 5019 1912 5074 eccls-

214 5100 275 5169 jam
296 5098 363 5154 olim
385 5096 441 5151 sint
465 5096 617 5151 damuatas.
659 5095 817 5150 Marcianus
836 5095 853 5148 1.
872 5095 960 5150 Nemo
981 5101 1006 5150 ι.
1027 5111 1050 5150 ι.
1078 5098 1192 5166 siastici,
1211 5097 1294 5153 stiam
1311 5097 1353 5152 illi
1371 5097 1419 5167 qui
1439 5103 1503 5152 ante
1522 5097 1657 5153 Nicenum
1675 5100 1827 5158 concilium
1841 5105 1913 5159 rixe-

219 5185 254 5239 ds
275 5200 372 5239 summ
394 5183 480 5241 trinit.
507 5189 535 5238 et
552 5181 598 5238 fid.
619 5179 734 5237 cathol:
762 5182 852 5235 Nemo
869 5183 989 5236 clerium
1007 5183 1051 5236 oet
1077 5191 1150 5247 runt,
1168 5201 1300 5256 magnum
1318 5183 1427 5257 pondus
1445 5184 1520 5255 apud
1531 5185 1592 5257 pios
1606 5191 1635 5242 et
1646 5187 1776 5245 cordatos
1790 5191 1914 5248 obtinere

218 5272 352 5326 mesore
374 5271 418 5325 sel
443 5271 561 5324 ausim
586 5268 735 5338 cujuslibet
757 5269 927 5322 conditimsis
944 5271 979 5322 ds
995 5269 1052 5333 fide
1078 5287 1111 5325 ac
1138 5270 1264 5327 obtinere
1289 5270 1373 5327 stiam
1399 5270 1513 5339 debere,
1543 5287 1606 5326 oum
1633 5273 1752 5344 quilibet
1776 5275 1912 5352 intelligat

222 5358 383 5427 Οιιιιιιαιιιι
402 5356 514 5427 pellice
538 5355 627 5409 turbis
645 5356 812 5409 moderatis
833 5363 859 5409 st
876 5357 1053 5410 caelestibus
1079 5357 1153 5429 quod
1178 5357 1292 5429 publica
1319 5356 1369 5412 illa
1394 5363 1423 5413 st
1445 5357 1565 5412 solennis
1591 5358 1725 5416 ecelesiae
1755 5364 1913 5435 apostolicis

220 5451 342 5498 emtore
367 5451 481 5512 σιιιιιιιιι
508 5442 538 5495 ie
561 5449 707 5510 posterum
734 5459 767 5494 ec
793 5442 844 5494 ios
870 5441 1001 5494 ιιιιιιιιιιιιι
1027 5449 1053 5494 et
1079 5444 1249 5516 temporibus
1267 5443 1408 5515 proximas
1427 5449 1562 5514 perpetua
1589 5446 1762 5503 successione
1787 5449 1824 5504 ad
1846 5449 1912 5506 baso

215 5529 358 5604 perfidias
382 5528 555 5585 secudum
576 5528 732 5596 repauses.
769 5528 847 5582 Nam
868 5534 894 5615 et
917 5526 1055 5596 iniuriam
1080 5546 1169 5604 usque
1197 5535 1323 5602 tempora
1345 5533 1508 5585 commta
1529 5530 1666 5589 omisssis
1688 5538 1719 5590 et
1736 5533 1913 5594 Διιιιιιιιίιι·
