3984 6022
546 155 570 186 δ

214 275 274 347 mc
920 268 1042 328 nesus
1058 269 1202 329 ramus
1246 244 1249 249 ’

213 427 340 478 testatur.
375 421 573 493 Theopbylaet
598 422 628 477 in
651 438 749 477 comm.
771 422 799 478 b.
817 423 835 477 l.
862 425 921 478 Nec
939 425 966 481 si
983 443 1046 480 eos·
1072 424 1303 497 evangelistamm
1321 423 1470 496 Matthaei,
1492 423 1580 481 Marci
1603 430 1633 483 et
1655 424 1752 481 Lucae
1774 422 1905 481 historiae

214 511 308 565 traria
324 510 414 564 solum
428 509 666 579 praedicaverint,
686 511 796 580 intulit5
814 512 872 576 scd,
890 513 917 566 si
936 529 1047 580 essupe-
1071 510 1248 583 esangelioae
1269 518 1298 566 et
1322 510 1456 582 epistolae
1478 510 1646 582 apostolicas
1669 509 1729 567 fera
1746 527 1843 567 ornnes
1862 527 1905 565 ex·

217 597 361 651 lisaoerirt
373 603 490 665 praeter
506 595 552 660 id,
574 597 651 664 quod
668 595 726 666 ipsi
743 597 1004 665 eouupeiisaoimum
1022 598 1050 652 ei
1073 597 1161 667 ceptis
1190 596 1295 652 scilicet
1320 597 1367 664 iis,
1395 612 1466 668 quae
1491 596 1633 653 iohannes
1659 596 1748 653 literis
1775 594 1904 668 prodidit

211 683 373 753 plusculum
408 683 551 753 quippiam
582 682 641 752 ipsi
673 679 838 754 adjecerint.
888 683 1048 755 Pseudapo·
1072 681 1105 738 In
1131 682 1248 754 epistola
1275 682 1347 739 enim
1370 683 1408 738 ad
1430 682 1570 739 Bommos
1597 682 1761 741 Timotheus
1788 681 1904 739 salsum

214 768 290 836 stoli,
315 773 412 823 contra
435 783 503 838 quos
522 768 662 839 apostolus
679 768 718 824 ibi
736 769 872 841 disputat,
898 771 1047 827 contende·
1071 786 1150 825 snam
1172 768 1368 841 adscripscrat,
1395 768 1515 840 priorem
1539 769 1576 824 ad
1594 767 1750 827 Corinthios
1767 768 1905 839 atham

213 852 296 921 bant,
319 870 398 908 suam
422 853 575 909 doctrinam
597 872 650 910 non
669 873 729 912 esse
745 856 890 928 evangelio
909 857 1045 928 apostolo
1072 854 1216 927 posteriori
1240 855 1278 911 ad
1295 853 1466 924 Corinthios,
1489 854 1601 927 utrique
1624 854 1662 911 ad
1679 854 1906 911 Thessalonicen-

212 956 274 997 ruur
301 939 483 1022 pannariam,
518 942 568 995 sed
594 940 664 995 illnd
691 941 821 1013 supplere
848 959 881 998 ac
906 941 1046 1014 perficere,
1072 957 1128 1006 ses,
1156 941 1276 1013 itemque
1298 939 1351 1008 illi,
1374 956 1446 1012 qnae
1463 948 1506 996 est
1522 941 1558 995 ad
1575 939 1783 1013 Philippenses,
1801 941 1839 995 ad
1858 938 1906 996 Co

212 1025 286 1082 nude
310 1032 339 1083 et
364 1025 417 1097 ipsi
442 1026 478 1081 ad
503 1026 695 1082 auctoritatem
722 1044 890 1083 summorum
910 1029 1046 1099 apostolo·
1072 1027 1223 1096 lossensss,
1248 1027 1284 1080 ad
1302 1025 1492 1081 Philemonem
1509 1026 1724 1098 subscripserat,
1743 1033 1772 1082 et
1789 1025 1906 1098 priorem

211 1129 272 1166 rum
295 1112 483 1182 provocabant
500 1111 593 1168 Galat
617 1120 640 1179 2,
666 1131 690 1169 v.
716 1119 740 1169 6.
781 1113 862 1179 Quod
883 1115 983 1171 attinet
1002 1131 1045 1183 ea,
1071 1113 1108 1168 ad
1131 1129 1160 1168 se
1181 1112 1312 1184 scriptam
1338 1111 1453 1183 legerat
1488 1111 1591 1169 Totum
1613 1111 1731 1183 proinde
1745 1111 1907 1183 Scriptores

212 1213 284 1270 quae
304 1199 445 1269 apostolus
468 1206 531 1270 post
555 1198 680 1255 banc.ad
701 1198 817 1255 Galatas
836 1200 980 1272 epistolam
998 1201 1046 1257 do·
1072 1199 1222 1255 canonicae
1240 1204 1364 1270 systema
1381 1198 1522 1268 apostolus
1541 1198 1705 1269 considerat,
1723 1198 1800 1271 qnod
1816 1197 1907 1253 'I'ime

212 1283 269 1339 cuit
285 1301 319 1339 ac
338 1283 462 1354 scripsit,
486 1285 535 1339 illa
553 1283 665 1340 fuerunt
681 1304 793 1357 prorsus
810 1288 983 1359 hermogenes
999 1287 1045 1343 do·
1072 1285 1137 1340 thee
1157 1302 1176 1338 a
1195 1301 1286 1354 puero
1307 1290 1401 1339 netum
1426 1300 1487 1339 esse
1505 1284 1626 1351 dixerat,
1652 1301 1685 1340 ac
1704 1284 1739 1341 de
1756 1283 1836 1340 libris
1853 1283 1906 1339 illie

212 1369 317 1424 ctrinae
345 1371 405 1440 jam
436 1376 500 1425 ante
533 1370 598 1425 viva
623 1389 690 1427 voce
714 1373 760 1427 rel
787 1373 889 1444 scripto
918 1373 1045 1442 auditae,
1071 1371 1214 1439 omnibns,
1241 1371 1289 1442 qni
1315 1370 1351 1426 ad
1379 1369 1537 1442 Scripturas
1570 1387 1704 1429 canonem
1728 1370 1907 1443 petissem

210 1457 283 1509 nihil
324 1456 395 1509 euim
437 1456 533 1509 docuit
570 1465 648 1510 entra
683 1460 801 1527 Meysen
836 1469 862 1514 et
893 1460 1047 1530 propbetas
1072 1465 1100 1515 et
1123 1458 1152 1513 iu
1175 1475 1208 1514 eo
1227 1459 1347 1530 jamtum
1366 1457 1528 1526 exstabant,
1553 1456 1607 1514 hec
1625 1457 1746 1530 elogium
1765 1455 1905 1530 apostalae

211 1541 306 1597 Actor.
327 1547 369 1605 26,
387 1559 413 1598 v.
433 1547 474 1598 22.
511 1542 558 1597 Ab
579 1543 634 1598 illis
658 1543 746 1616 igitur
767 1545 804 1600 ad
821 1545 982 1601 traditiones
1000 1544 1046 1600 he·
1072 1543 1222 1617 praedicat.
1269 1543 1311 1599 Eo
1343 1561 1426 1598 sensu
1454 1543 1620 1599 vocabulum
1649 1545 1727 1599 urire
1757 1549 1907 1616 usurpatur

212 1633 376 1699 terogeneas
395 1634 423 1683 et
440 1628 597 1699 scripturae
616 1630 640 1685 si
658 1648 713 1686 non
730 1631 876 1696 adversas,
900 1629 1046 1688 tamenab
1072 1631 1169 1687 Matth.
1189 1637 1212 1696 3,
1232 1648 1258 1684 r.
1277 1637 1307 1686 5:
1338 1631 1442 1685 Eribae
1465 1632 1506 1684 ad
1526 1631 1685 1685 Jabaeeem
1712 1633 1792 1685 πᾶσα
1812 1627 1905 1698 ἡἸοιι·

212 1729 246 1768 ea
261 1713 383 1768 diversas
401 1704 595 1786 argumentum
610 1716 675 1771 duci
692 1717 795 1789 nequit.
825 1717 956 1783 Quamvis
974 1717 1046 1774 enirn
1071 1720 1145 1772 ests.
1164 1716 1222 1772 Col.
1241 1723 1264 1782 t.
1283 1735 1307 1771 v.
1327 1725 1355 1774 9:
1376 1718 1412 1771 lu
1433 1718 1543 1773 Cirrirto
1560 1717 1669 1773 tutam
1686 1718 1746 1771 πᾶν
1765 1714 1906 1791 πλήρωμα,

212 1800 382 1871 traditiones,
402 1819 473 1870 quac
489 1804 561 1872 pari
577 1803 695 1871 pietatis
713 1806 816 1874 affectu
833 1821 896 1858 eum
915 1804 956 1872 iis,
975 1820 1046 1875 quae
1070 1814 1130 1860 teta
1146 1805 1291 1874 plenitudo
1310 1805 1441 1859 Deitatis.
1463 1803 1579 1876 Regerit
1590 1803 1718 1860 Beuum.
1740 1809 1768 1860 l:
1788 1802 1904 1858 Juds'es'e

213 1886 318 1957 scripta
343 1892 419 1952 sunt,
443 1888 620 1958 recipiendae
644 1888 832 1945 aPontificiis
850 1890 982 1947 ecclesiae
999 1890 1046 1946 ob·
1072 1893 1193 1946 omnium
1219 1890 1321 1945 Latiae
1345 1891 1504 1959 scientium,
1536 1891 1614 1960 meod
1639 1891 1744 1944 dieitur
1769 1890 1806 1943 de
1833 1886 1907 1943 osrss'

212 1974 376 2043 truduntur,
406 1990 462 2030 neu
491 1990 597 2044 semper
627 1983 753 2048 pugnent
784 1994 848 2032 curn
878 1975 1046 2047 specialibus
1074 1979 1238 2049 Scriptura,
1263 1977 1297 2030 id
1314 1977 1420 2030 dicitur
1438 1977 1521 2030 etiam
1540 1978 1576 2030 de
1595 1976 1715 2043 dapalis
1733 1976 1832 2046 libris,
1848 1983 1905 2030 tas·

212 2059 372 2130 Scripturas
399 2059 495 2129 dictis,
519 2067 612 2116 tamen
636 2068 765 2135 pugnant
783 2079 846 2119 cum
869 2062 1046 2135 generalibus
1072 2082 1157 2135 quam
1176 2064 1239 2132 ejus
1253 2063 1394 2133 partitum
1428 2061 1515 2133 Besp.
1534 2063 1696 2133 procederet
1711 2060 1830 2131 hoc,·si
1847 2077 1905 2133 par

212 2147 352 2202 mandatis
371 2147 406 2200 de
423 2165 478 2202 uer
495 2149 637 2205 addendo.
1072 2150 1158 2207 ticuls
1176 2150 1253 2203 πᾶσα
1272 2148 1444 2218 acciperetur
1462 2148 1650 2215 distributive,
1672 2148 1733 2219 jam
1751 2164 1819 2203 vero
1836 2146 1905 2203 acai-

85 2239 199 2282 aerosum
248 2240 306 2290 ets.
331 2233 377 2288 Ad
400 2231 491 2288 lecum
515 2239 538 2289 t.
557 2232 629 2288 Tim.
650 2239 674 2303 3,
697 2252 723 2288 r.
750 2241 780 2290 15
801 2242 830 2291 et
851 2242 881 2293 16
899 2235 1046 2307 excipiunt
1071 2236 1148 2307 pitur
1171 2233 1225 2290 boc
1250 2233 1311 2288 leco
1335 2233 1489 2301 cethaeus,
1517 2239 1548 2288 ut
1574 2232 1752 2289 ostendimus
1794 2233 1906 2305 Syriaca

85 2293 199 2388 ’ξῖῗᾶ
215 2324 238 2374 1.
269 2319 445 2390 Scnpturam
474 2337 507 2376 ee
536 2323 620 2375 modo
650 2322 824 2389 sufficienter
856 2323 992 2377 iuetruere
1021 2330 1046 2376 et
1071 2320 1247 2393 paraphrasis
1271 2320 1308 2375 ad
1326 2319 1441 2375 verbum
1461 2320 1501 2374 sic
1519 2319 1619 2375 habeti
1644 2320 1682 2374 Iu
1700 2320 1853 2391 &repaire
1867 2326 1906 2375 est

111 2409 344 2478 11.taa.perficere
371 2407 506 2462 homiuem
531 2408 602 2474 Dei,
631 2408 698 2478 quia
721 2409 809 2462 rauba
834 2426 960 2479 expresse
983 2426 1045 2464 eou-
1072 2409 1181 2462 utilitas
1207 2408 1249 2461 ad
1272 2407 1430 2460 doctrinam
1457 2398 1507 2459 etr?
1532 2405 1587 2460 nisi
1611 2406 1674 2476 qnis
1696 2411 1821 2461 statuere
1843 2404 1906 2461 velit

212 2494 294 2563 tiuet,
319 2500 344 2546 et
364 2511 435 2563 quae
451 2512 506 2548 uon
524 2495 657 2561 continet,
681 2496 812 2557 ostendit,
834 2498 909 2550 unde
927 2495 982 2549 rint
996 2514 1046 2565 pe·
1072 2480 1111 2545 ²³9
1130 2510 1191 2550 esse
1207 2493 1328 2564 positum
1344 2509 1396 2563 pro
1415 2479 1462 2545 55.
1491 2496 1517 2545 2.
1538 2493 1607 2547 aum
1624 2491 1693 2546 iaec
1710 2492 1906 2562 epiataiased·

212 2582 305 2635 reuda
340 2579 423 2651 Resp.
441 2579 613 2651 Principium
637 2581 737 2636 iterum
755 2581 874 2652 petitur,
899 2600 962 2638 oum
979 2599 1046 2637 non·
1073 2584 1192 2650 teretur,
1211 2581 1334 2634 uoadum
1352 2580 1478 2634 emtahat
1495 2579 1666 2647 eoarrpelium
1681 2578 1841 2646 Joaama‘,
1859 2595 1906 2633 sec

212 2666 280 2722 dnm
301 2666 449 2737 probatum
473 2667 522 2736 sit,
547 2683 599 2723 nec
620 2667 731 2737 probari
752 2668 854 2739 possit,
880 2669 981 2741 dogma
996 2667 1045 2724 ali·
1072 2667 1274 2739 Apocalypsis,
1292 2673 1318 2719 et
1328 2666 1412 2732 sorte
1429 2665 1513 2719 aliud
1530 2666 1628 2719 deerat
1644 2681 1678 2718 ea
1695 2682 1816 2735 corpore
1833 2662 1905 2721 aare

213 2753 288 2825 qnod
315 2751 381 2807 fidei
408 2750 548 2808 salvificae
574 2751 612 2808 ab
638 2753 754 2809 ecclesia
780 2761 942 2826 petendum,
971 2755 1045 2826 qnod
1069 2764 1226 2826 pausarum.
1263 2751 1382 2807 'lileteu
1411 2750 1440 2805 in
1461 2748 1543 2805 refut
1567 2749 1682 2806 ooniess.
1702 2750 1839 2822 Antnerp.
1858 2767 1904 2807 aa·

212 2855 268 2893 nen
291 2844 380 2894 exstet
400 2837 429 2892 in
448 2835 604 2909 Scripturis
647 2839 782 2910 anpiam
800 2841 941 2912 Scriptura
965 2842 1046 2896 docet
1072 2840 1182 2896 dacius:
1212 2840 1281 2897 ctum
1304 2839 1373 2892 iaec
1396 2837 1528 2890 scribaet
1551 2837 1710 2906 apestolus,
1740 2837 1822 2893 uultu
1845 2838 1904 2893 uiis

212 2941 245 2981 ex
268 2923 369 2980 scrinio
391 2923 501 2996 papalis
524 2924 657 2995 pectoris,
682 2925 727 2982 vel
749 2928 979 2982 extraditionem
998 2944 1044 2982 cu·
1072 2925 1196 2981 artatae
1222 2925 1387 2994 Scriptura,
1416 2941 1500 2992 quam
1526 2923 1558 2976 V.
1582 2924 1614 2978 T.
1649 2921 1734 2994 Resp.
1760 2923 1817 2979 imo
1842 2939 1904 2979 reru

211 3009 287 3065 mulo
311 3026 383 3065 nova
406 3009 544 3080 quaedam
565 3009 697 3082 dogmata
719 3013 748 3066 in
764 3013 914 3084 scripturis
930 3031 987 3068 non
1003 3029 1044 3068 rs·
1072 3010 1200 3066 exstabat
1223 3010 1342 3081 epistola
1368 3009 1406 3064 ad
1423 3008 1561 3064 Βοιιιιιιιοι
1587 3015 1615 3064 st
1636 3009 1761 3081 reliquae
1783 3008 1821 3067 ab
1840 3026 1904 3082 apo·

211 3097 304 3155 relata
330 3113 390 3152 esse
417 3097 551 3167 petenda,
582 3097 631 3152 sed
658 3098 721 3169 ipss
748 3099 785 3155 de
809 3100 972 3156 necessariis
994 3117 1044 3155 nos
1070 3097 1141 3152 stolo
1170 3095 1305 3167 scriptae.
1335 3100 1485 3167 antequem
1509 3094 1626 3150 Romam
1651 3095 1766 3151 renuet
1813 3095 1903 3155 Lucas

209 3182 379 3238 sufficienter
405 3181 529 3249 instruit,
561 3189 658 3238 centra
683 3184 770 3241 omnis
796 3186 906 3258 generis
928 3187 1044 3243 adversa
1070 3183 1132 3238 linit
1156 3199 1207 3237 aua
1224 3181 1298 3236 Acta
1321 3198 1384 3235 curn
1403 3180 1483 3236 Pauli
1508 3180 1544 3234 ad
1565 3179 1662 3237 urbem
1679 3181 1818 3252 adventu,
1841 3198 1902 3239 eun

209 3269 397 3324 consolatione
416 3284 466 3323 nos
485 3267 613 3339 roborat,
634 3279 729 3326 centra
746 3272 835 3326 omnis
851 3272 960 3344 generis
979 3272 1043 3328 has·
1069 3268 1245 3340 evangelium
1267 3284 1348 3321 suurn
1366 3266 1426 3336 jam
1448 3272 1512 3321 ants
1536 3265 1705 3337 scripsisset,
1729 3271 1816 3340 atque
1839 3274 1902 3325 aaa

209 3372 283 3411 reses
301 3371 350 3409 nos
367 3362 463 3421 mmet,
483 3355 518 3409 ad
536 3372 617 3412 omne
635 3373 705 3427 opus
723 3357 824 3412 benum
842 3358 1043 3423 nosiniermet,
1070 3371 1132 3410 eum
1164 3352 1321 3407 Matthaeus
1352 3359 1380 3406 et
1408 3351 1519 3406 Marcus
1549 3353 1728 3424 seripserunt
1773 3353 1903 3421 Qumis

209 3458 265 3497 nen
276 3441 358 3496 modo
370 3441 556 3503 monstrando,
570 3443 644 3497 unde
656 3443 705 3497 illa
718 3444 774 3499 sint
785 3444 913 3514 petenda,
923 3445 971 3500 sed
982 3463 1043 3515 par-
1072 3457 1138 3496 vero
1161 3440 1282 3494 nondum
1306 3455 1400 3494 omnes
1422 3437 1456 3494 N.
1474 3437 1508 3492 T.
1533 3437 1597 3493 libri
1615 3440 1735 3510 jammm
1758 3446 1904 3511 crement,

209 3527 346 3583 ticulatim
364 3527 439 3582 etin
457 3529 550 3598 specie
569 3543 603 3582 ea
622 3528 768 3598 tradendo,
787 3530 941 3585 undecum
961 3530 1042 3585 diris·
1070 3544 1133 3582 cum
1157 3525 1299 3598 apostolus
1323 3525 1392 3582 haec
1415 3525 1563 3595 scriberet,
1589 3525 1675 3581 nihilo
1697 3535 1792 3583 tamen
1815 3527 1903 3583 minas

210 3621 252 3669 set
276 3612 432 3682 apostolus,
462 3613 639 3681 Scripturam
665 3632 716 3667 uos
743 3621 876 3686 ruptam,
904 3617 1044 3686 rapientur
1069 3613 1131 3668 libri
1152 3613 1237 3681 sacri,
1255 3613 1303 3683 qui
1322 3617 1390 3667 tuuc
1410 3612 1564 3679 exstabant,
1582 3619 1711 3683 potarent
1728 3611 1903 3671 Timotheum

209 3700 328 3754 reddere
346 3701 386 3752 ad
404 3698 531 3767 salutem,
551 3699 657 3753 scilicet
674 3715 724 3769 per
741 3699 823 3756 fidem
841 3702 869 3755 in
890 3702 1043 3772 Christum,
1070 3706 1098 3756 et
1122 3717 1216 3755 omnes
1239 3699 1299 3770 pios
1318 3704 1449 3770 rupious,
1476 3699 1616 3768 sapientes
1633 3700 1754 3754 reddere
1773 3702 1816 3756 ad
1830 3702 1903 3757 saia

209 3792 307 3855 postea
328 3784 358 3838 in
381 3784 473 3854 speeie
490 3784 617 3855 exponit,
640 3784 708 3856 quid
727 3785 871 3856 Scriptura
887 3787 917 3842 in
934 3787 986 3843 bae
1004 3788 1042 3843 in·
1068 3793 1138 3854 tem,
1165 3795 1191 3840 et
1218 3787 1259 3840 ad
1285 3802 1364 3840 omne
1389 3803 1459 3855 epus
1487 3784 1586 3839 mrum
1607 3785 1759 3849 incussere,
1786 3786 1902 3860 ideoque

209 3869 373 3927 formatione
390 3869 469 3925 nobis
488 3868 625 3936 conferat,
643 3869 794 3926 doctrinam
814 3873 932 3940 seilicet,
950 3872 1043 3928 coniu-
1070 3872 1191 3944 elogium
1227 3871 1297 3926 illud
1335 3871 1432 3926 merite
1470 3870 1537 3942 ipsis
1576 3871 1680 3928 tribuit
1738 3870 1903 3931 luseramus

208 3956 356 4021 tationem,
382 3955 577 4012 correctionem
603 3963 631 4011 et
654 3956 855 4012 institutionem
876 3958 906 4012 in
925 3959 1042 4031 justitia
1070 3957 1185 4027 proinde
1211 3962 1412 4028 argumentum.
1454 3957 1483 4014 Si
1507 3956 1629 4013 nondum
1653 3957 1827 4017 emanatus
1849 3974 1902 4015 om·

210 4047 235 4097 2.
255 4044 320 4097 Nou
339 4043 430 4097 solum
448 4043 501 4097 toti
517 4043 631 4111 corpori
650 4043 871 4113 scripturarum,
889 4048 941 4098 sed
959 4048 1041 4099 etiam
1069 4041 1195 4098 nibusN
1223 4041 1257 4096 T.
1277 4043 1363 4110 libris,
1383 4042 1524 4113 apostolus
1543 4059 1608 4098 vers
1625 4043 1661 4099 ds
1679 4043 1827 4116 Scriptura
1843 4063 1900 4119 pso·

152 4153 153 4156 ¹
208 4128 329 4199 siupulis
346 4128 427 4183 libris
445 4129 516 4182 laroc
534 4129 647 4182 laudem
663 4130 698 4183 ab
712 4131 948 4200 apostoiotritui,
967 4135 1043 4202 priori
1069 4129 1195 4184 mundare
1226 4130 1330 4199 potuit,
1366 4128 1441 4199 qnod
1474 4130 1511 4184 sit
1539 4128 1665 4199 perfecta
1696 4135 1725 4187 et
1754 4128 1901 4199 sufficiens,

208 4216 292 4272 utiles
316 4215 373 4268 riut
396 4216 437 4268 ad
457 4216 626 4276 dorcadum,
651 4219 839 4284 arpuerulum.
866 4226 896 4270 ut
922 4220 1042 4272 ostendit
1068 4216 1154 4270 multo
1177 4215 1266 4287 magis
1284 4214 1366 4270 hodie
1385 4214 1557 4271 exstantibus
1575 4216 1703 4270 omnibus
1720 4215 1754 4272 N.
1773 4214 1807 4273 T.
1824 4216 1899 4275 libris

209 4298 427 4375 προηδιιιρισμός
446 4301 523 4354 πᾶσι
541 4300 646 4373 γραᾳὴ.
666 4319 716 4356 uec
737 4310 828 4355 tamen
846 4304 960 4373 quilibet
973 4305 1043 4358 liter
1068 4301 1157 4356 eidem
1186 4299 1258 4355 banc
1287 4301 1483 4371 perfectionem
1506 4300 1628 4358 tribuere
1650 4318 1805 4373 pessuma
1848 4301 1970 4361 &ina

210 4389 325 4444 biblicus
348 4391 389 4442 ad
411 4405 446 4441 ea
463 4389 579 4455 sufficit
614 4387 698 4459 Resp.
715 4389 949 4462 Syncategorema
966 4396 1041 4444 uuae
1068 4403 1163 4449 rerum
1189 4388 1274 4457 prins.
1316 4386 1391 4457 Ergo
1416 4386 1499 4443 etiam
1523 4387 1666 4457 posterius.
1710 4388 1793 4454 Quod
1813 4387 1839 4445 si
1859 4387 1900 4445 sel

209 4474 260 4529 hoe
290 4473 350 4529 loco
380 4491 436 4529 nen
467 4474 605 4544 accipitur
638 4475 811 4528 diatritutiue
843 4492 895 4546 pro
926 4475 1043 4547 singulis
1070 4471 1186 4528 maxime
1210 4481 1316 4526 tantum
1341 4471 1376 4526 V.
1394 4471 1427 4526 T.
1450 4470 1515 4527 libri
1538 4480 1605 4527 tunc
1628 4473 1811 4543 emtitimeut,
1836 4471 1900 4530 nita

208 4559 369 4630 Scripturas
391 4559 470 4614 libris
494 4576 526 4614 ac
548 4559 642 4627 dictis,
668 4560 716 4614 sed
736 4561 890 4626 collective,
916 4567 948 4615 ut
965 4581 984 4615 rr
993 4563 1042 4615 ἴσα
1068 4564 1161 4613 armen
1177 4557 1229 4611 boc
1246 4557 1452 4629 praejudicaret
1468 4568 1561 4613 nostro
1574 4567 1745 4630 argumento,
1762 4559 1832 4633 qnia
1842 4575 1899 4632 prr·

209 4646 245 4701 sit
263 4646 336 4702 idem
355 4645 431 4717 quod
448 4651 514 4702 tota.
534 4661 589 4716 que
607 4662 689 4700 sensu
707 4647 790 4700 etiam
809 4645 959 4717 Dionysius
976 4646 1042 4702 Car·
1068 4642 1152 4698 tectio
1182 4643 1294 4698 canonis
1324 4658 1380 4698 non
1410 4649 1452 4711 est
1481 4644 1653 4700 aestimanda
1684 4662 1717 4700 ex
1745 4647 1899 4719 quantitate

206 4731 354 4796 thusianns
378 4730 404 4784 in
431 4748 527 4785 comm.
554 4730 663 4801 accipit
699 4731 742 4787 De
767 4740 866 4786 natura
889 4741 917 4786 et
930 4733 1042 4802 ,qnand-
1068 4727 1213 4797 librorum,
1232 4730 1281 4784 sed
1299 4745 1332 4784 ex
1351 4729 1519 4800 perfectione
1539 4730 1713 4801 dogmatum,
1732 4747 1807 4801 quae
1823 4732 1855 4789 in
1870 4730 1898 4787 li·

208 4823 267 4876 tate
289 4815 409 4886 subjecti
429 4816 615 4886 judicandum
638 4822 682 4871 est
706 4833 739 4871 ex
764 4817 940 4886 praedicatis.
976 4817 1041 4874 Janr
1069 4813 1124 4868 bris
1154 4814 1293 4870 canonicis
1321 4814 1446 4886 quolibet
1472 4821 1597 4886 tempere
1623 4817 1796 4872 ersmnubus
1824 4813 1898 4875 sati·

208 4919 273 4959 sero
296 4904 365 4958 talia
388 4919 420 4957 ac
444 4907 524 4957 tanta
541 4901 577 4957 de
595 4901 738 4971 Scriptura
756 4918 848 4970 sacra,
873 4919 935 4957 cum
954 4903 983 4957 in
1002 4921 1042 4959 aa·
1068 4901 1172 4956 cienter
1188 4901 1301 4956 fuerunt
1318 4900 1428 4964 tradita,
1453 4917 1487 4957 ac
1504 4899 1623 4973 Spiritus
1640 4909 1753 4957 sauctus
1769 4902 1799 4958 in
1817 4919 1899 4976 gerse

209 4989 373 5060 quentibua,
397 4993 456 5042 tum
475 4987 504 5042 in
522 4986 750 5043 antecedentibus
770 4987 862 5042 verbis
881 4988 1042 5057 praedicam·
1068 4985 1172 5040 talibus
1201 4986 1256 5040 illis
1280 4986 1465 5057 pronuntiatis
1486 5005 1541 5042 non
1564 5004 1650 5043 unum
1672 4986 1828 5059 homiuem,
1850 5003 1900 5045 uec

208 5078 267 5142 tur,
285 5073 386 5146 quibus
405 5074 507 5146 singuli
523 5072 597 5142 libri,
615 5072 726 5146 singula
743 5075 844 5143 capita,
863 5073 966 5146 singuli
983 5050 1198 5152 ver-ipraesens
1230 5072 1365 5129 duntaxat
1393 5080 1516 5145 tempus,
1550 5073 1599 5128 sed
1627 5071 1752 5129 futurum
1781 5073 1901 5147 respicit.

208 5159 302 5227 siculi,
328 5160 403 5214 dicta
420 5160 531 5231 singula
549 5178 604 5215 non
624 5166 689 5216 sunt
705 5160 797 5232 paria,
825 5159 875 5214 sed
891 5166 979 5215 toturn
996 5177 1040 5232 sy·
1067 5163 1095 5211 3.
1113 5157 1266 5227 Aportolus
1284 5176 1318 5213 sa
1329 5160 1476 5230 principio
1493 5160 1646 5213 uniuersali
1661 5158 1719 5214 uuit
1735 5161 1901 5217 omissae

209 5250 298 5300 stema
315 5244 470 5306 bibliorum.
489 5247 525 5300 ad
544 5247 618 5318 quod
637 5246 778 5318 pertinent
797 5262 852 5299 nou
872 5244 961 5300 solnm
977 5245 1041 5301 libri
1068 5245 1098 5298 ia
1119 5244 1306 5315 particulari,
1332 5234 1511 5314 scripturam
1539 5246 1567 5298 V.
1597 5246 1642 5313 T.,
1667 5263 1738 5316 puae
1755 5246 1820 5301 sola
1838 5255 1901 5302 taso

208 5325 273 5384 Vet.
289 5326 475 5398 Testamenti,
498 5330 547 5385 sed
574 5331 657 5386 etiam
681 5332 744 5388 libri
768 5330 839 5388 Novi
862 5331 1041 5400 Testamenti,
1069 5329 1204 5399 emtobat,
1222 5347 1283 5384 cum
1304 5322 1463 5385 Timotheus
1482 5339 1550 5384 eeset
1568 5333 1679 5398 iasone,
1696 5333 1795 5387 utilem
1810 5333 1902 5401 ssim

104 5462 112 5479 ,
209 5413 258 5486 qni
283 5416 407 5486 apostole
432 5416 577 5487 epistelam
600 5415 672 5472 banc
693 5418 873 5490 posteriorem
893 5417 930 5472 ad
948 5416 1041 5474 Timo-
1068 5417 1109 5470 ad
1127 5417 1295 5479 docendum,
1324 5419 1497 5487 arpusudum
1515 5424 1577 5486 etc,
1600 5418 1668 5489 quia
1687 5418 1823 5483 diuitum
1841 5427 1903 5475 eret

207 5499 305 5558 Qum
328 5500 466 5557 scribente
486 5502 605 5572 jamtum
624 5503 783 5572 exstabant,
808 5501 939 5558 videlieet
957 5502 1040 5559 trinsn
1066 5503 1214 5574 inspiratu.
1243 5501 1327 5575 Rasp.
1345 5502 1497 5575 Apostolus
1514 5502 1552 5559 ab
1569 5502 1768 5577 ubertadoac,
1783 5520 1843 5583 qua
1852 5502 1903 5567 Ti·
1956 5496 1964 5517 ⁸
