3984 6022
180 228 237 286 134
884 219 1006 278 LOCUS
1025 220 1169 277 PRIMUS
1201 240 1206 255 ·

175 377 258 447 jussu
288 392 323 430 ac
353 374 483 429 mandato
504 373 696 444 perscriptum.
739 372 815 445 Ergo
837 373 866 427 in
888 390 921 429 ea
945 373 1014 428 duu-
1041 372 1114 426 enim
1134 388 1195 427 uon
1217 380 1313 444 posset
1333 390 1394 430 3333
1416 389 1513 431 333333
1534 391 1569 432 33
1584 376 1691 448 regula.
1731 375 1797 432 dam
1814 394 1879 435 reru

180 468 259 518 tarsu
295 462 391 533 lingua
424 466 465 516 est
492 459 664 528 authentica,
702 459 731 514 in
760 476 816 531 qua
844 460 1016 531 originaliter
1041 457 1181 528 exemplar
1197 458 1367 514 Hebraicum
1383 458 1413 514 in
1428 458 1464 515 V.
1484 465 1513 516 et
1530 459 1670 517 Gmscum
1688 462 1718 516 iu
1735 462 1770 519 N.
1788 462 1821 519 Τ.
1838 470 1880 522 est

181 548 286 618 scripta
316 555 370 615 est,
400 545 509 602 videlic.
542 545 570 600 in
602 545 698 617 lingua
730 545 859 601 Hebraea
888 553 1016 617 respectu
1041 542 1163 598 omnium
1194 544 1364 615 reliquarum
1394 543 1551 601 versionum
1576 563 1673 602 33333
1706 563 1739 602 ac
1768 549 1879 620 regula:

183 634 217 690 V.
236 640 265 690 et
283 633 392 690 Graeca
409 637 537 703 respectu
555 633 589 687 N.
608 632 641 686 T.
677 633 769 703 Major
792 639 833 686 est
855 631 1017 687 manifestae
1042 627 1105 683 illae
1130 628 1203 684 enim
1230 646 1414 701 quaecunque
1436 629 1550 685 taudem
1574 632 1643 702 sint,
1668 631 1774 688 habent
1796 635 1877 690 read

182 720 314 776 veritatis.
374 726 395 775 1.
423 716 528 784 Quodsi
564 735 683 788 namque
712 734 760 772 rex
788 716 897 772 Galliae
928 718 1016 788 publi·
1042 713 1201 769 Hebraeum
1226 721 1255 770 et
1273 714 1412 769 Graecum
1436 720 1543 771 textum
1565 721 1699 788 tauquam
1724 724 1879 774 normatum

182 823 245 861 cum
264 805 377 876 aliquod
396 804 538 859 decretum
558 804 587 858 13
605 797 701 876 lingua
716 803 828 859 Gallica
845 810 1018 874 proponeret,
1043 814 1077 852 ac
1104 799 1269 870 regulatum.
1320 800 1396 879 Ergo
1424 800 1595 857 Hebraicum
1623 803 1766 874 exemplar
1794 805 1825 859 iu
1847 805 1882 860 V.

183 891 267 962 idque
290 890 318 944 in
341 890 466 961 linguam
484 889 626 957 Latinam,
649 889 799 958 Graecam,
823 888 1017 944 Germanicam
1045 883 1183 940 Graecum
1205 886 1234 939 in
1256 886 1290 943 N.
1309 886 1342 940 T.
1368 887 1457 941 solum
1482 893 1526 942 est
1546 887 1745 945 authenticum.
1786 890 1882 946 Hiero

184 995 202 1033 3
225 976 339 1047 privatis
364 976 521 1032 homiuibus
541 975 747 1044 transferretur,
770 975 810 1028 ibi
828 979 916 1044 certe,
940 974 964 1029 si
983 975 1018 1029 de
1044 987 1129 1040 aymo
1149 972 1262 1026 solenne
1279 977 1321 1026 est
1332 971 1492 1027 Hebraeum
1509 976 1614 1028 textum
1632 973 1661 1028 in
1679 975 1714 1032 V.
1733 975 1766 1031 T.
1784 993 1884 1033 333333

187 1062 358 1119 versionibus
378 1063 432 1116 illis
456 1063 594 1117 dubitatio
618 1062 662 1116 vel
686 1062 873 1117 controversia
895 1060 1019 1129 oriretur,
1044 1058 1164 1125 semem,
1187 1057 1246 1127 jam
1270 1073 1336 1112 vero
1360 1058 1472 1127 quando
1490 1057 1573 1113 rivuli
1591 1059 1682 1115 fluunt
1698 1060 1820 1131 turbidi,
1842 1079 1900 1118 re·-

184 1148 220 1203 ad
245 1149 406 1220 originalem
429 1155 535 1203 textum
559 1147 697 1203 Gallicum
722 1147 804 1201 unice
830 1152 903 1202 esset
929 1163 1019 1201 recur-
1045 1141 1211 1197 currendum
1228 1149 1271 1196 est
1288 1142 1324 1196 ad
1342 1142 1453 1199 fontem.
1481 1142 1557 1215 Ergo
1576 1144 1660 1201 stiam
1677 1163 1695 1201 a
1711 1147 1883 1204 versionibus

183 1235 311 1298 rendum,
332 1234 440 1305 quippe
467 1235 496 1288 in
519 1250 573 1305 quo
599 1234 740 1289 decretum
762 1232 830 1287 illud
850 1233 924 1303 regis
939 1233 1020 1303 jussu
1045 1227 1243 1282 recurrendum
1266 1234 1308 1282 est
1327 1228 1363 1282 ad
1380 1231 1485 1283 textum
1502 1229 1662 1286 Hebraeum
1678 1230 1708 1285 13
1726 1230 1762 1288 V.
1778 1231 1813 1292 T.
1829 1233 1883 1306 Cy·

183 1327 256 1376 esset
273 1327 423 1375 exaratum.
469 1319 544 1374 213
568 1319 642 1373 omni
665 1317 851 1373 controversia
872 1320 1019 1388 qu'uscun-
1044 1313 1159 1384 prianus
1186 1314 1222 1368 ad
1239 1313 1419 1384 Pompejum:
1449 1316 1484 1369 Si
1507 1317 1618 1370 ranulis
1641 1334 1747 1388 33333,
1774 1321 1826 1390 qai
1840 1337 1882 1375 33

185 1424 239 1480 que
269 1406 382 1461 tandem
411 1404 530 1459 nominis
562 1409 611 1457 aut
641 1403 766 1474 generis,
796 1403 908 1475 quando
937 1420 1020 1474 super
1044 1399 1125 1467 piore
1145 1399 1229 1468 prius
1255 1407 1281 1453 et
1306 1399 1426 1467 turpiter
1445 1401 1620 1470 profluebat,
1644 1404 1735 1458 aeus
1761 1405 1882 1477 defieret,

79 1518 83 1525 Α
185 1493 302 1564 33133313
345 1492 389 1547 vel
426 1497 591 1545 testamento
624 1489 669 1543 vel
706 1506 870 1561 quocunque
907 1490 1019 1544 tandem
1046 1502 1136 1537 30333
1154 1486 1196 1537 ud
1207 1485 1320 1551 sonem
1335 1486 1475 1554 peruritur,
1493 1493 1524 1539 ut
1542 1487 1605 1540 ulis
1621 1488 1791 1550 defectionis
1808 1492 1883 1547 ratic

186 1579 289 1649 scripto
309 1576 495 1640 contenditur,
513 1575 636 1647 legitime
654 1581 821 1646 provocatur
838 1575 874 1630 ad
887 1575 1020 1646 originale
1046 1578 1191 1637 uoscutar,
1215 1578 1342 1623 33333333
1366 1571 1554 1625 arescentibus
1577 1573 1654 1627 33313
1675 1575 1817 1646 13333313
1833 1578 1884 1632 sic·

184 1664 339 1736 exemplum
358 1670 490 1733 tanquam
508 1661 710 1728 authenticum,
731 1659 839 1714 33133331
857 1661 884 1715 id
905 1661 934 1714 in
951 1660 1020 1714 alias
1046 1656 1166 1724 caverit,
1197 1675 1234 1709 ers
1261 1673 1326 1710 oero
1358 1657 1467 1724 isstsqra
1494 1665 1519 1711 et
1544 1659 1633 1728 pleae
1655 1678 1831 1726 procurrens
1855 1664 1953 1718 1331

185 1749 294 1822 linguas
318 1756 391 1804 esset
413 1748 576 1802 hanfrrsum.
622 1752 645 1801 3.
663 1745 792 1801 Pontifex
808 1764 864 1801 333
880 1747 1020 1817 permitte·
1046 1741 1138 1796 medio
1165 1742 1264 1796 itinere
1291 1742 1447 1796 destioert't?
1490 1742 1610 1808 Quidam
1635 1745 1682 1816 pie
1707 1747 1811 1803 eruditi
1829 1748 1883 1805 huc

184 1843 240 1905 ret,
267 1840 300 1890 ut
325 1834 412 1905 ipsius
439 1833 561 1901 Brevia,
588 1849 658 1903 quae
681 1833 721 1887 ita
738 1838 850 1899 vocant,
877 1832 904 1885 in
924 1831 1021 1904 lingua
1046 1827 1256 1882 accommodent
1278 1827 1369 1882 locum
1387 1827 1432 1882 Ps.
1454 1835 1496 1898 68,
1519 1847 1544 1882 v.
1564 1836 1611 1885 27:
1636 1833 1802 1889 Berseds’cs‘te
1819 1837 1881 1892 Deo

183 1922 284 1978 Italics
307 1920 425 1990 scripta,
449 1918 643 1989 judicarentur
669 1935 703 1973 ex
728 1918 826 1988 lingua
845 1917 1021 1986 Germanica,
1047 1912 1171 1966 Domino
1210 1912 1240 1965 in
1277 1914 1394 1967 ecclc-³121
1425 1904 1530 1990 *lviiii
1560 1934 1593 1970 es
1624 1917 1752 1982 fortulae
1783 1921 1883 1976 Israel.

184 2008 212 2062 in
239 2024 323 2079 quam
348 2006 419 2062 forte
446 2011 538 2060 essent
563 2021 580 2057 a
604 2003 712 2074 private
738 2003 886 2072 transhta,
915 2005 965 2060 sed
987 2021 1021 2059 ex
1047 1998 1149 2053 Fontes
1173 1998 1247 2053 enim
1269 1997 1382 2052 Isra'c'lis
1409 1999 1478 2053 nihil
1502 1999 1578 2055 aliud
1603 2008 1681 2066 suut,
1705 2020 1790 2076 quam
1814 2006 1884 2062 salu·

185 2092 314 2165 originali
344 2096 421 2146 textu
449 2089 586 2161 judicium
619 2088 654 2144 de
684 2088 716 2142 113
745 2087 805 2142 11331
838 2088 929 2143 vellet.
976 2086 1021 2143 De
1045 2083 1114 2139 teris
1139 2100 1172 2137 ac
1198 2082 1343 2138 salutifera
1364 2083 1489 2140 doctrina
1513 2085 1685 2145 Israiiliticae
1710 2091 1845 2148 sedeciae
1868 2110 1885 2148 3

185 2179 290 2234 minore
322 2177 352 2230 13
383 2175 501 2231 ecclesia
526 2174 684 2230 Christiana
715 2173 793 2228 nulla
820 2181 863 2230 est
889 2173 933 2229 vel
961 2189 1021 2228 esss
1046 2168 1108 2223 Deo
1127 2186 1179 2240 per
1197 2169 1347 2240 prophetas
1367 2171 1528 2231 concredita
1539 2172 1677 2243 dessilt,
1691 2193 1717 2232 v.
1733 2180 1756 2230 3.
1773 2175 1883 2243 113333,

185 2269 277 2336 potest
295 2260 439 2316 dubitatio.
1047 2273 1072 2310 v.
1093 2261 1117 2312 2.
1136 2254 1185 2327 qui
1203 2255 1353 2326 prophetas
1370 2273 1433 2311 cum
1451 2256 1548 2329 lingua
1565 2257 1697 2315 Hebraea
1714 2261 1883 2335 scripserint,

221 2353 278 2405 311.
306 2353 330 2403 2.
349 2348 383 2401 13
407 2364 464 2418 qua
487 2345 584 2418 lingula
603 2344 637 2402 V.
655 2345 688 2399 T.
715 2362 732 2399 a
753 2344 894 2416 prophetis
912 2349 940 2399 et
957 2343 1021 2399 libri
1047 2339 1110 2396 ideo
1134 2340 1217 2395 etiam
1237 2340 1368 2395 Hebraea
1386 2340 1420 2398 V.
1440 2342 1473 2396 T.
1498 2343 1642 2399 literatura
1665 2347 1734 2409 fons
1758 2350 1883 2404 ueritati

186 2435 219 2490 N.
239 2433 271 2490 T.
297 2432 334 2488 ah
356 2431 534 2503 evangelistis
553 2437 581 2487 st
598 2431 730 2502 apostolis
748 2436 813 2486 3333
831 2431 948 2500 exarati,
973 2430 1022 2485 illa
1047 2426 1083 2480 ab
1102 2426 1274 2498 Hieronymo
1293 2434 1368 2483 recte
1387 2428 1552 2499 appellatur.

184 2516 811 2588 3313138313331333331333333313333133.
853 2516 941 2586 Atqui
957 2515 1020 2570 libri
1082 2518 1185 2568 3131.
1209 2513 1288 2578 Quae
1309 2512 1467 2584 Scripturas
1485 2514 1571 2570 editio
1590 2515 1619 2570 13
1638 2516 1756 2574 ecclesia
1775 2517 1882 2575 1333311-

185 2605 221 2660 V.
238 2605 270 2659 T.
288 2603 384 2673 scripti
401 2608 466 2657 suut
482 2619 501 2656 a
518 2601 659 2673 prophetis
677 2603 775 2674 lingua
791 2601 933 2670 Hebraea,
957 2600 1021 2655 libri
1047 2598 1103 2652 tica
1131 2596 1166 2654 V.
1196 2596 1228 2650 T.
1259 2604 1288 2652 et
1317 2597 1458 2669 primitiva
1488 2600 1642 2669 apostolica
1667 2601 1701 2658 Ν.
1730 2603 1763 2657 Τ.
1788 2604 1884 2661 habits

185 2692 220 2746 N.
237 2690 270 2745 T.
287 2689 384 2760 scripti
401 2686 517 2742 suntab
535 2687 713 2759 evangelistis
731 2695 759 2743 et
778 2686 910 2760 apostolis
925 2687 1022 2759 lingua
1047 2682 1101 2737 fuit
1119 2682 1291 2751 autbentica,
1310 2701 1344 2738 ea
1362 2701 1473 2755 quoque
1489 2700 1507 2738 a
1525 2685 1626 2740 nostris
1645 2687 1770 2743 ecelesiis
1787 2690 1883 2746 merito

187 2774 303 2832 Graeca.
342 2775 418 2846 Ergo
435 2773 566 2829 Hebraea
589 2780 617 2828 st
635 2774 743 2829 Graeca
767 2774 880 2845 linguae
900 2774 975 2829 solae
993 2774 1021 2828 in
1047 2769 1111 2823 talis
1129 2775 1265 2825 33333333.
1301 2769 1356 2825 Sed
1374 2768 1506 2824 Hebraea
1523 2771 1608 2827 editio
1624 2772 1658 2827 V.
1672 2773 1706 2830 T.
1720 2774 1751 2828 in
1768 2775 1883 2832 33313313

187 2860 337 2932 Scripturis
362 2867 427 2915 suut
445 2859 633 2927 authenticae,
656 2858 833 2914 1113331113
851 2860 886 2914 V.
906 2860 974 2914 haec
993 2859 1020 2914 in
1048 2854 1216 2923 Israiilitica,
1243 2854 1353 2910 Graeca
1377 2855 1410 2911 Ν.
1431 2854 1462 2911 T.
1489 2855 1575 2913 editio
1597 2863 1625 2911 in
1649 2859 1769 2916 ecelesia
1791 2861 1882 2933 primi·

185 2945 271 3004 NT.
313 2945 403 3016 Major
426 2949 469 3000 est
486 2943 655 3000 certissimae
673 2944 805 2998 veritatis.
846 2944 1022 3015 18311333-
1047 2940 1106 2995 tiva
1128 2941 1395 3012 apostolicshabita
1412 2941 1466 2996 fuit
1483 2943 1650 2999 autbentioa.
1690 2944 1767 3018 Ergo
1788 2947 1882 3004 eadem

187 3032 287 3103 phetae
319 3039 347 3086 et
376 3030 507 3102 apostoli,
539 3036 635 3101 utpote
665 3029 825 3085 immediato
853 3030 971 3101 Spiritus
1000 3051 1021 3084 s.
1048 3045 1066 3083 a
1102 3027 1202 3083 3333313
1234 3045 1345 3099 quoque
1375 3029 1498 3084 ecclesiis
1527 3030 1625 3085 merito
1653 3032 1718 3087 talis
1747 3039 1881 3092 causeum

186 3118 286 3174 afflatu
320 3117 447 3173 instructi
484 3123 507 3172 2.
542 3117 617 3171 Petri
659 3123 686 3186 1,
722 3134 747 3173 v.
777 3122 817 3171 21.
852 3115 1022 3187 Scripturem
1048 3113 1138 3184 Major
1169 3120 1212 3169 est
1240 3114 1404 3168 manifestae
1436 3114 1568 3171 veritatis.
1615 3117 1654 3173 Ut
1686 3119 1760 3174 enim
1791 3125 1883 3176 333333

186 3204 376 3260 3363333333
425 3209 454 3258 33
505 3201 693 3257 authenticam
742 3202 825 3257 edere
873 3209 1023 3273 potnerunt
1048 3199 1166 3255 ecclesia
1181 3217 1234 3270 per
1251 3204 1395 3255 traducem
1409 3205 1715 3273 etconsarspairsitutem
1728 3208 1881 3273 3133331333,

93 3298 98 3305 ’
187 3295 212 3346 2.
229 3288 348 3345 'limoth
360 3294 384 3357 3,
399 3306 425 3342 v.
448 3294 488 3344 16.
508 3288 573 3358 quia
590 3287 728 3343 scribendi
747 3288 909 3344 mandabam
926 3305 943 3342 3
959 3288 1022 3343 Deo
1048 3284 1181 3341 ecclesiae
1199 3285 1371 3343 Israeliticae
1388 3287 1417 3343 iu
1434 3289 1469 3345 V.
1497 3295 1525 3345 et
1541 3289 1696 3361 primitivae
1713 3293 1881 3363 apostelicae

185 3379 367 3446 aeceperunt,
394 3374 481 3428 etad
504 3372 680 3429 scribendum
699 3391 717 3428 a
735 3373 840 3444 Spiritu
858 3380 953 3429 sancto
970 3375 1020 3428 im·
1047 3370 1077 3425 13
1099 3371 1133 3428 Ν.
1157 3371 1190 3429 T.
1215 3371 1299 3429 debet
1321 3388 1383 3426 esse
1406 3375 1569 3445 conjuncta,
1594 3375 1635 3432 ita
1654 3393 1767 3450 quoque
1785 3378 1880 3434 funda

185 3461 260 3534 pulsi
283 3467 367 3530 atque
391 3458 427 3512 ab
454 3459 551 3514 eodem
574 3459 603 3512 in
627 3459 687 3529 ipso
704 3459 860 3530 scriptionis
879 3477 961 3531 opere
981 3461 1020 3515 di-
1047 3463 1169 3512 meutum
1212 3457 1296 3529 hujus
1335 3459 1477 3515 doctrinae
1512 3460 1642 3517 videlicet
1679 3462 1881 3536 Scriptum

184 3544 395 3612 restituerunt,
418 3544 822 3615 quoddenullointerprete,
846 3545 894 3616 qui
915 3552 1020 3602 textum
1048 3544 1132 3600 editio
1176 3543 1336 3600 anthentica
1377 3545 1523 3617 utrobique
1559 3546 1644 3604 debet
1679 3565 1741 3605 esse
1778 3551 1881 3607 eadem

184 3630 345 3686 Hebraeum
366 3627 395 3683 13
413 3629 444 3685 V.
473 3635 502 3683 et
519 3627 657 3684 Graecum
680 3630 708 3683 in
729 3631 764 3686 N.
781 3631 813 3684 T.
837 3631 866 3684 in
882 3631 952 3686 alies
970 3633 1019 3687 lin·
1047 3630 1138 3686 Minor
1160 3629 1256 3685 itidem
1282 3648 1333 3687 333
1356 3631 1419 3687 1333
1441 3631 1539 3703 fulget
1573 3633 1662 3690 Nemo
1687 3634 1760 3690 enim
1781 3635 1881 3693 infitias

184 3732 254 3788 guas
278 3715 443 3783 transfudit,
470 3715 525 3769 dici
547 3720 648 3786 potest.
688 3721 712 3770 2.
737 3716 803 3769 inde
828 3717 911 3770 etiam
938 3735 1021 3788 super
1046 3717 1086 3772 ire
1105 3722 1209 3789 potest,
1227 3723 1350 3788 tempore
1368 3717 1403 3774 V.
1423 3717 1455 3771 T.
1477 3717 1699 3775 antechristum
1718 3721 1807 3777 solam
1826 3722 1880 3779 He

178 3804 396 3870 Jimdamentum
416 3802 620 3871 prophetarum
646 3809 671 3854 et
693 3803 900 3872 apostolorum,
924 3804 1020 3875 idest,
1047 3803 1169 3859 breicsm
1195 3802 1343 3860 editionem
1362 3802 1448 3858 fuisse
1466 3803 1667 3871 authenticam,
1690 3823 1743 3862 nec
1761 3807 1881 3866 dubitari

185 3901 269 3959 super
301 3885 455 3941 doctrinam
486 3886 683 3957 prophetarum
714 3891 743 3940 et
773 3889 960 3958 apostolorum
991 3890 1020 3945 13
1045 3894 1149 3960 potest,
1167 3905 1200 3944 eo
1217 3894 1357 3960 tempore,
1375 3906 1430 3960 quo
1448 3888 1682 3961 evarsgelistarum
1699 3895 1880 3965 3333331313

184 3974 294 4045 scriptis
325 3972 447 4042 ipsorum
478 3973 702 4044 comprehensam
732 3975 864 4027 restructi
893 3977 1019 4030 dicimur.
1045 3993 1106 4030 rum
1124 3975 1228 4047 scripta
1244 3975 1273 4030 in
1292 3975 1352 4031 sola
1369 3975 1466 4047 lingua
1484 3974 1593 4032 Graeca
1613 3977 1774 4044 exstabant,
1795 3979 1878 4036 Grae

183 4060 253 4132 Eph.
279 4066 308 4127 2,
333 4077 358 4112 v.
386 4064 424 4114 lt.
462 4059 503 4114 Ea
521 4076 585 4114 vero
603 4075 659 4113 non
680 4058 798 4115 habetur
816 4061 866 4115 nisi
885 4061 915 4114 13
933 4062 966 4117 V.
987 4063 1019 4117 T.
1045 4079 1106 4117 cam
1124 4061 1158 4119 Ν.
1178 4060 1212 4117 T.
1238 4061 1386 4117 editionem
1409 4061 1494 4117 fuisse
1512 4061 1714 4133 authenticam,
1739 4063 1810 4121 alias
1828 4072 1880 4125 sta·

184 4144 326 4203 Hebraica
348 4162 382 4199 ac
406 4145 440 4201 Ν.
461 4143 570 4200 Graeca
594 4144 743 4200 literatura.
785 4145 865 4200 Circa
887 4147 1019 4203 minorem
1044 4147 1179 4203 tuendum
1197 4146 1277 4217 foret,
1299 4163 1331 4202 eo
1349 4154 1472 4219 tempore
1490 4164 1545 4202 non
1566 4148 1702 4205 exstitisse
1718 4149 1748 4205 13
1765 4152 1881 4210 cocleas

183 4232 335 4289 notandum
364 4236 383 4285 1.
403 4231 478 4302 quod
501 4247 524 4285 c.
545 4236 568 4286 2.
588 4235 612 4286 3.
632 4237 655 4285 1.
676 4237 698 4285 5.
718 4237 741 4286 6.
762 4238 790 4286 et
809 4239 831 4286 1.
850 4232 932 4298 Dan,
952 4250 975 4289 c.
995 4241 1018 4290 1.
1046 4232 1235 4289 authenticam
1266 4233 1387 4305 aliquam
1414 4235 1576 4305 Scripturas
1608 4235 1773 4306 sditionem,
1807 4238 1880 4310 qued

184 4325 207 4373 5.
231 4322 259 4372 33
288 4322 311 4372 6.
343 4314 450 4370 Esdras
476 4322 504 4370 et
528 4335 553 4371 v.
580 4315 840 4373 1313311533.
862 4319 1018 4375 Chalcioico
1043 4335 1178 4391 perquam
1203 4319 1362 4373 absurdum.
1403 4319 1514 4374 Graeca
1538 4319 1621 4374 LXX
1645 4320 1765 4394 interpp.
1789 4322 1879 4395 editio,

183 4404 330 4473 idiomate,
349 4403 423 4474 quod
442 4400 588 4457 inflexione
606 4407 715 4456 3333333
732 4402 768 4456 ab
786 4401 916 4459 Hebraeo
933 4405 1020 4461 distat
1044 4405 1073 4460 iu
1104 4421 1187 4476 quam
1218 4403 1282 4458 libri
1310 4405 1344 4460 V.
1373 4405 1406 4459 T.
1432 4412 1497 4460 sunt
1526 4406 1666 4476 translati,
1696 4407 1734 4464 ab
1763 4410 1880 4466 33313313

182 4505 215 4543 ac
241 4494 303 4559 post
327 4487 528 4559 Babylonicum
551 4487 742 4559 captivitatem
765 4487 881 4543 ludaeis
903 4488 956 4545 fnit
978 4491 1018 4546 fa·
1043 4489 1197 4546 Israelitica
1229 4507 1285 4544 333
1315 4490 1369 4545 fuit
1397 4490 1495 4547 habita
1522 4492 1691 4548 authentica
1740 4489 1798 4551 Sed
1827 4513 1877 4553 use

184 4572 298 4640 miliare,
316 4573 372 4629 sint
387 4574 548 4645 perscripta,
567 4579 598 4627 ut
615 4573 770 4627 monuimus
786 4573 913 4643 superine
938 4573 1018 4649 570.
1043 4583 1135 4648 potest
1171 4575 1236 4630 talis
1264 4576 1376 4646 haberi,
1416 4594 1479 4632 cum
1512 4579 1548 4634 ds
1575 4578 1738 4650 prophetico
1768 4581 1877 4639 illorum

185 4665 208 4715 2.
227 4661 302 4730 quod
332 4665 404 4715 teate
432 4659 604 4730 Hieronymo
633 4658 662 4711 13
692 4657 765 4714 Jobo
796 4661 932 4731 quaedam
964 4663 1018 4719 sint
1043 4661 1142 4733 spiritu
1176 4660 1244 4715 nihil
1273 4661 1340 4717 certi
1371 4668 1479 4718 constet
1510 4679 1543 4718 ac
1571 4670 1641 4719 teste
1673 4663 1820 4738 Sigeberte
1849 4668 1878 4725 ‘m

184 4746 319 4801 Arabica.
358 4749 381 4801 3.
410 4745 485 4815 quod
514 4743 626 4815 quidam
654 4761 687 4800 ex
717 4745 856 4800 veteribus
883 4747 1019 4805 Matthaei
1044 4748 1144 4805 Chrou.
1169 4756 1233 4819 post
1257 4749 1390 4802 Latium
1414 4751 1583 4819 Hieronymi
1605 4753 1758 4806 versionem
1784 4755 1814 4808 13
1837 4772 1877 4812 ss·

183 4831 359 4903 evangelium
378 4831 518 4884 Hebraice
536 4829 573 4884 ab
597 4829 659 4900 1333
683 4829 815 4899 scriptum
842 4848 901 4887 esse
926 4835 1020 4901 velint,
1044 4837 1143 4889 cundia
1172 4835 1271 4889 1333333·
1288 4836 1383 4903 feerit
1409 4845 1514 4907 coeptu
1550 4837 1666 4893 Veteres
1684 4836 1812 4895 Graecae
1838 4841 1877 4898 illi

184 4932 241 4987 qua
259 4917 295 4972 de
313 4933 344 4973 re
361 4915 429 4988 quid
447 4914 625 4971 statuendum
643 4915 686 4983 sit,
705 4915 880 4986 exposuimus
893 4920 1018 4989 superius
1044 4919 1126 4975 LXX
1143 4920 1262 4991 interpp.
1288 4919 1406 4975 versioni
1431 4921 1580 4992 plurimum
1604 4922 1743 4990 tribuunt,
1772 4941 1806 4982 ex
1822 4943 1878 5000 quo

183 4996 279 5075 §ltu
309 5008 333 5059 1.
359 5001 435 5072 quod
459 5001 560 5058 Baron
584 5007 648 5056 tom.
671 5007 692 5056 1.
720 5001 812 5056 33331.
837 5019 900 5060 333.
926 5011 967 5060 15.
991 4983 1137 5137 3331331313
1162 5006 1197 5060 ds
1217 5006 1406 5062 consentiente
1425 5007 1550 5064 versione
1567 5008 1596 5062 in
1615 5009 1753 5066 distinctis
1771 5012 1879 5069 cellulis

182 5084 312 5142 Bellarm.
336 5086 385 5142 lib.
411 5093 434 5143 2.
459 5087 494 5143 (13
518 5088 602 5143 verbo
621 5086 675 5142 Dei
693 5103 715 5141 c.
738 5093 762 5141 7.
782 5093 810 5142 et
830 5094 869 5143 15.
888 5096 1019 5157 statuant,
1043 5090 1138 5147 (113133
1162 5091 1294 5148 musculo
1318 5092 1355 5146 ab
1380 5093 1446 5164 ipsis
1471 5094 1605 5150 adornata
1630 5095 1765 5168 originem
1788 5100 1880 5170 traxit,

181 5168 306 5227 11333333
329 5188 385 5227 333
404 5172 511 5230 Graece
535 5175 584 5230 sed
602 5175 704 5228 Latine
730 5172 884 5244 scripsisse,
909 5193 966 5247 qua
983 5176 1111 5249 aequin
1134 5182 1163 5231 et
1179 5176 1353 5248 Augustinus
1376 5178 1426 5236 lib.
1455 5186 1493 5235 15.
1517 5180 1552 5234 de
1574 5178 1625 5235 civ.
1644 5180 1700 5235 Dei
1720 5199 1745 5237 c.
1764 5189 1806 5240 23.
1823 5200 1880 5241 333

183 5271 213 5311 re
232 5255 299 5327 quid
319 5260 495 5314 statuendum
512 5258 556 5327 sit,
576 5258 751 5330 exposuimus
771 5255 790 5335 ξ
808 5265 866 5315 211.
1045 5260 1155 5316 dubitat
1168 5263 1361 5332 propheticum
1381 5265 1512 5333 spiritum
1530 5265 1585 5319 illis
1603 5265 1732 5322 tribuere.
1768 5267 1825 5327 Sed
1843 5285 1880 5328 ne

218 5345 277 5396 312.
303 5346 327 5398 3.
353 5343 434 5408 Quod
463 5342 603 5413 exemplar
630 5351 673 5400 est
703 5344 871 5417 reliquorum
897 5345 1019 5401 omnium
1044 5346 1098 5418 ipsi
1125 5347 1237 5418 quidem
1259 5348 1398 5404 Pontificii
1421 5351 1610 5406 authenticam
1635 5352 1881 5415 messanensi

183 5441 281 5483 norma
300 5442 334 5480 ao
351 5429 463 5499 regula,
482 5428 551 5485 illud
569 5427 657 5484 solum
676 5436 718 5486 est
735 5432 932 5501 authenticum,
950 5431 1019 5488 alias
1043 5431 1165 5489 tribuere
1199 5435 1309 5490 sudent.
1334 5480 1340 5493 .
1362 5435 1407 5490 De
1441 5435 1567 5492 versione
1599 5437 1701 5494 latina
1715 5439 1881 5517 ’3331331333
