3984 6022
196 316 257 376 {20
883 304 1008 365 LOCUS
1027 302 1191 363 TERTIUS

197 463 272 518 dicit.
319 463 440 529 Quidam
468 464 590 520 referunt
620 466 657 520 ad
683 466 838 522 Johannem
874 462 1028 543 Baptistnm
1057 459 1177 516 excludit
1202 473 1333 530 personas
1360 456 1491 512 trinitatis
1517 456 1656 529 reliquas,
1687 454 1737 510 sed
1761 453 1832 510 idola
1857 461 1886 510 et

198 557 225 604 et
247 549 368 620 reliquos
387 551 532 621 apostolos.
550 550 635 608 Marc.
655 561 685 621 t,
709 559 782 608 aab
800 553 882 606 dese
901 557 930 606 et
952 549 1029 604 audi·
1055 551 1207 615 creaturas,
1234 560 1306 616 quae
1329 560 1386 598 nou
1409 548 1474 598 sunt
1496 543 1621 615 ejusdcm
1640 559 1704 597 cum
1720 541 1829 596 Rlohim
1846 557 1885 595 es·

196 635 301 689 toribus
318 636 347 689 in
365 636 468 706 plurali
485 637 614 709 loquitur.
636 638 715 695 Rom
737 644 767 708 1,
790 655 816 694 v.
834 646 857 701 ι5
878 637 981 693 Paulus
1000 652 1029 691 se
1055 631 1167 687 sentiae.
1203 636 1227 684 t.
1248 632 1417 699 interpretes
1434 646 1489 683 non
1505 637 1612 683 certum
1624 627 1790 698 pluraliter
1825 626 1886 680 Cre·

197 727 225 776 et
242 721 502 793 reliquosapostolos
521 724 660 795 intelligit,
1055 718 1113 771 avil
1125 718 1185 772 Dt't'.
1219 715 1301 786 Reflp.
1320 721 1362 770 eet
1374 715 1468 787 dispar
1486 715 1557 771 ratio
1569 715 1644 770 00010
1662 713 1774 770 Elohim
1793 712 1886 780 efflei,

234 812 290 863 114.
309 811 337 862 3.
355 808 470 862 Elobim
489 811 524 863 cle
541 829 599 864 una
616 828 739 880 persona
758 810 915 865 diuinitatis
931 809 1028 878 plura·
1054 803 1124 859 illud
1141 803 1214 859 enim
1231 820 1282 858 sua
1300 807 1400 857 natura
1417 802 1561 873 personale
1578 808 1635 872 est,
1661 802 1715 857 hoc
1733 800 1884 857 essentiale.

196 893 262 947 liter
280 895 381 963 arabi.
416 894 463 949 Ps.
483 902 529 960 45,
552 914 577 950 v.
602 902 626 952 0.
652 896 714 952 Hoc
735 903 898 969 argumento
914 899 1029 950 utuntur
1055 890 1188 962 Reliquae
1205 889 1318 961 linguae
1336 906 1391 944 non
1408 889 1512 944 habent
1527 889 1652 958 verbum,
1672 888 1749 959 quod
1768 886 1826 941 rim
1844 902 1884 940 so

197 979 320 1035 Paraeus
343 987 372 1036 et
396 980 444 1035 alii
467 980 598 1038 trinitatis
617 983 718 1056 dogma
741 983 952 1054 amplectentes,
979 982 1028 1037 sed
1055 976 1094 1030 cis
1114 976 1255 1047 exprimat.
1290 976 1460 1031 Praecavere
1482 975 1596 1046 insuper
1614 975 1763 1030 voluerunt
1786 973 1884 1043 opinio

197 1074 390 1139 argumentum
416 1068 468 1123 hoc
495 1087 528 1125 ex
554 1087 607 1125 usu
634 1070 749 1141 pluralis
777 1070 884 1124 numeri
911 1069 1028 1140 petitum
1055 1080 1117 1118 nem
1140 1063 1176 1118 de
1198 1063 1332 1118 essentiae
1350 1063 1460 1118 divinae
1478 1061 1690 1134 multiplicitate.
1726 1066 1753 1114 5.
1776 1059 1884 1115 0100110

198 1153 382 1225 repudiantes.
416 1154 500 1225 Resp.
527 1161 549 1210 1.
573 1157 701 1227 propriae
722 1155 916 1227 significationi
940 1173 973 1210 ex
995 1171 1028 1209 eo
1055 1151 1185 1203 tribuitur
1207 1150 1264 1204 soli
1284 1151 1374 1203 Patri.
1409 1149 1493 1220 Resp.
1520 1166 1576 1204 non
1593 1155 1686 1203 tamen
1703 1145 1884 1202 excluduntur

196 1238 265 1296 nihil
288 1240 405 1295 decedit.
441 1241 482 1297 Ut
503 1242 576 1297 enim
594 1260 694 1297 nomen
718 1245 797 1296 Deus
816 1248 857 1297 est
875 1242 1029 1309 essentiale,
1057 1236 1142 1291 Filius
1164 1242 1192 1293 et
1205 1235 1322 1307 Spiritus
1340 1255 1375 1307 s.,
1395 1242 1426 1291 ut
1443 1253 1506 1291 mox
1523 1233 1676 1307 apparebit
1712 1238 1739 1287 b'.
1759 1232 1884 1286 Cabbali·

195 1325 281 1380 nihilo
305 1331 398 1381 tameu
422 1327 512 1381 minus
530 1328 696 1399 quandoque
712 1332 862 1398 usurpatur
879 1327 1027 1399 personali·
1054 1323 1141 1375 eticae
1163 1323 1211 1376 illi
1233 1323 1466 1393 interpretationi,
1495 1336 1568 1394 quae
1592 1322 1674 1373 ΝὯ
1703 1319 1819 1391 exponit
1838 1334 1884 1390 per

195 1401 251 1474 ter,
278 1416 318 1465 sic
344 1413 457 1466 Elolsim
482 1421 524 1469 est
549 1431 648 1469 nomen
675 1414 837 1485 personale,
863 1415 1029 1486 quandoque
1055 1408 1113 1459 nm
1137 1410 1236 1479 ’13511
1258 1408 1452 1480 0000101000,
1477 1407 1552 1480 (iuOd
1573 1412 1592 1458 ²
1611 1407 1713 1478 1311)οῐιί
1731 1406 1822 1477 P0⁸⁸it
1839 1421 1884 1477 1³01

195 1502 289 1553 tamen
313 1499 425 1568 ponitur
450 1500 647 1570 essentialiter3
683 1507 706 1557 2.
726 1501 800 1573 quod
824 1500 914 1571 ipsum
937 1501 1029 1572 arguit
1054 1477 1218 1566 *7⁸7¹*st
1240 1513 1289 1566 per
1309 1498 1433 1558 orout,
1459 1499 1545 1565 tiptr
1566 1495 1649 1547 ¹⁵¹⁰&
1668 1501 1698 1546 tu
1711 1510 1740 1547 θ’
1755 1492 1884 1562 Primi„

146 1643 149 1647 .
195 1587 255 1638 tum
274 1584 504 1656 simplicissimam
528 1588 663 1643 unitatem
687 1587 771 1642 trium
789 1604 969 1660 persommm
986 1605 1027 1642 ra·
1054 1582 1260 1636 sceleratorum.
1295 1582 1379 1653 Retp.
1398 1581 1473 1636 aliud
1492 1586 1534 1636 eti
1551 1579 1650 1635 0110810
1669 1584 1698 1635 ei
1715 1578 1835 1651 mystici.
1845 1593 1885 1632 01·

196 1668 271 1726 tione
289 1671 424 1727 indivisae
446 1674 595 1743 essentiae,
622 1680 682 1729 tum
706 1680 828 1728 mutuam
851 1690 1028 1744 personarum
1054 1666 1174 1738 plicatio,
1196 1667 1272 1722 aliud
1295 1667 1384 1722 solida
1400 1684 1433 1721 ac
1452 1665 1532 1721 firma
1550 1665 1686 1737 probatio.
1832 1712 1834 1718 .

197 1755 388 1832 περιχώρησιν,
407 1758 473 1829 quia
484 1761 572 1813 Pater
590 1768 630 1813 ost
648 1762 678 1814 in
688 1761 774 1829 tttto,
788 1760 882 1813 Filius
891 1762 921 1813 iu
932 1761 1028 1823 Patre,
1092 1759 1148 1809 110.
1178 1760 1202 1810 2.
1221 1754 1348 1810 Alterum
1368 1759 1569 1826 argumentum,
1589 1771 1644 1825 quo
1662 1752 1816 1824 probamus
1834 1767 1884 1806 cre

197 1842 281 1898 Pater
302 1860 358 1898 non
376 1848 419 1898 eet
437 1844 514 1900 Deus
533 1851 609 1900 extra
627 1845 742 1914 Filium,
769 1863 821 1903 neo
837 1845 925 1900 Filius
953 1851 1029 1901 extra
1055 1840 1153 1895 ationis
1176 1857 1245 1912 opus
1271 1859 1326 1897 uon
1351 1841 1407 1909 uni,
1430 1842 1479 1897 sed
1501 1837 1629 1912 pluribus
1653 1839 1783 1910 personis
1799 1837 1885 1907 tribui,

197 1928 323 1998 Patrem,
346 1928 431 1984 Pater
454 1935 569 1986 nonest
586 1931 707 1988 solitarie
727 1931 816 2001 Deus,
840 1933 889 1987 sed
912 1948 1030 2004 persona
1054 1928 1186 1999 petimus:
1207 1937 1234 1985 2.
1248 1948 1279 1983 en
1299 1931 1411 2000 loquela
1431 1930 1537 1984 diuina.
1563 1928 1599 1986 V.
1612 1933 1658 1984 to:
1678 1927 1833 1981 Faciamus
1843 1927 1884 1979 bo

194 2014 326 2069 trinitatis
343 2014 387 2070 vel
406 2014 483 2072 Deus
502 2017 530 2071 in
550 2017 680 2082 trinitate,
699 2019 794 2089 sicque
808 2018 950 2091 quaelibet
967 2034 1027 2088 per-
1055 2015 1155 2068 minem
1174 2017 1216 2069 ad
1232 2016 1381 2084 imaginem
1400 2024 1424 2070 et
1441 2015 1653 2069 similitudinem
1671 2022 1810 2069 metram.
1834 2010 1886 2068 Uti

120 2165 126 2169 ,
195 2117 263 2155 sona
282 2101 312 2154 in
329 2101 430 2156 divinis
446 2108 610 2175 perpetuum
627 2105 663 2158 ad
680 2105 800 2178 reliquas
814 2106 885 2160 duas
897 2121 1028 2176 personas
1056 2101 1267 2157 introducuntur
1284 2102 1377 2173 plures
1396 2102 1592 2173 colloquentes,
1612 2099 1651 2154 ibi
1662 2100 1819 2171 pluralitas
1832 2114 1885 2168 per·

196 2194 352 2258 respectum
377 2188 490 2244 obtinet.
526 2197 550 2247 3.
582 2190 699 2255 Quando
726 2191 812 2263 igitur
837 2192 872 2247 de
894 2210 951 2246 una
967 2209 1029 2262 per·
1055 2204 1184 2243 sonarum
1208 2187 1386 2260 significatur.
1424 2186 1480 2243 Sed
1501 2188 1531 2242 in
1553 2187 1693 2243 creatione
1715 2185 1835 2240 hominis
1850 2184 1886 2237 in

196 2290 264 2330 sona
282 2282 446 2346 usurpatur,
464 2276 648 2348 significatur,
670 2278 745 2349 quod
765 2294 821 2333 una
841 2278 889 2333 illa
910 2294 1029 2350 persona
1054 2274 1238 2330 traducuntur
1256 2275 1349 2346 plures
1370 2273 1566 2346 colloquentes.
1592 2273 1671 2328 Dixit
1689 2273 1767 2328 enim
1785 2269 1887 2326 Elobim

197 2362 233 2417 sit
259 2379 292 2417 ex
316 2379 431 2418 numero
447 2366 583 2435 plurium,
610 2365 668 2420 sive
685 2366 760 2438 quod
776 2382 896 2437 persona
912 2366 962 2421 illa
975 2384 1029 2421 non
1056 2351 1166 2436 Πῗῖξᾨ
1182 2361 1331 2429 faciamte
1356 2361 1492 2416 bominem
1515 2362 1557 2414 ad
1581 2360 1734 2429 imapinem
1753 2369 1779 2414 et
1795 2357 1886 2413 mnt-

195 2450 231 2504 sit
249 2450 370 2506 solitarie
382 2450 467 2520 Deus,
485 2452 534 2508 sed
553 2470 609 2509 uua
627 2470 690 2508 cum
709 2453 823 2526 reliquis
842 2453 950 2509 duabus
968 2470 1028 2524 per·
1056 2449 1177 2501 tudinem
1205 2455 1346 2515 nostram,
1375 2447 1425 2524 ubi
1456 2454 1478 2503 l·
1508 2447 1622 2520 ponitur
1650 2446 1765 2502 Elohim
1795 2459 1886 2500 now

196 2534 278 2590 sonis.
1056 2534 1179 2604 pluralc3
1201 2539 1224 2589 1.
1248 2524 1356 2609 ”iiii
1379 2532 1493 2589 verbum
1522 2534 1642 2604 plurnle;
1686 2539 1711 2590 3.
1741 2545 1886 2604 pronomen

233 2630 288 2678 115.
325 2624 403 2689 Quae
428 2622 465 2678 ab
498 2624 634 2680 Eniedino
663 2625 816 2682 afferuantur
846 2625 1029 2698 exceptiones,
1054 2621 1162 2691 plurale
1181 2620 1218 2674 ad
1237 2620 1444 2676 similitudinem
1464 2624 1601 2690 nostram;
1629 2627 1653 2675 4.
1673 2619 1792 2675 verbum
1811 2617 1884 2670 ⁸¹³2

196 2707 305 2763 levioris
333 2713 397 2762 sunt
424 2709 562 2764 momenti.
602 2715 625 2764 1.
654 2713 729 2764 Num
750 2712 867 2782 plurale
890 2712 1030 2781 siquitem
1055 2707 1144 2762 tribus
1174 2708 1310 2763 distinctis
1339 2708 1454 2764 vocibus
1483 2709 1520 2764 ad
1550 2707 1649 2780 τριάδα
1676 2706 1886 2780 exprimendam

198 2796 277 2848 tria!
304 2794 387 2865 Resp.
412 2812 446 2849 ex
470 2812 583 2851 numero
606 2798 708 2867 plurali
725 2816 780 2853 non
795 2798 961 2867 immediate,
981 2799 1029 2854 sed
1055 2793 1090 2849 V.
1110 2800 1154 2850 tr:
1191 2794 1302 2849 Ureaoit
1323 2797 1401 2850 Deus
1419 2795 1555 2849 bominem
1574 2796 1616 2849 ad
1633 2795 1789 2864 imaginem
1804 2810 1886 2859 mars,

198 2879 318 2936 mediate
334 2879 484 2951 probamus
501 2882 665 2953 trinitatem,
690 2885 756 2955 quie
772 2885 915 2957 pluralitas
932 2885 984 2940 illa'
1000 2884 1029 2939 in
1055 2882 1097 2934 ad
1112 2882 1260 2950 imapinem
1278 2883 1361 2936 DEI
1377 2883 1481 2936 creauit
1499 2881 1593 2951 illum,
1613 2882 1771 2935 masculum
1788 2889 1813 2936 et
1830 2881 1885 2944 foe·

198 2965 260 3020 aliis
278 2965 437 3037 Scripturas
456 2966 538 3022 dictis
555 2967 593 3023 sd
610 2970 760 3025 ternarium
776 2971 901 3027 refertur.
928 2962 954 3026 2.
973 2973 1028 3025 He·
1055 2967 1158 3021 minam
1185 2968 1288 3021 creavit
1313 2985 1366 3023 eos.
1402 2967 1448 3022 Illi
1472 2967 1573 3039 plures,
1593 2984 1656 3022 cum
1681 2966 1786 3039 quibus
1808 2965 1885 3021 collo

199 3053 279 3107 braei
295 3054 403 3109 nullum
423 3054 467 3108 bio
486 3055 594 3110 mbesse
611 3058 670 3109 rati
686 3059 927 3126 suntmysterium.
952 3057 1029 3114 Idem
1054 3053 1128 3110 cutio
1151 3053 1311 3123 instituitur,
1331 3055 1359 3109 in
1378 3054 1595 3110 communionem
1614 3054 1702 3109 divini
1722 3054 1816 3125 operis
1833 3066 1885 3108 me

198 3145 279 3211 urget
295 3138 427 3197 Bellerm.
455 3139 482 3195 d.
505 3140 523 3195 l.
551 3140 635 3212 Reap.
655 3140 776 3199 Galatia.
800 3144 848 3200 lib.
874 3150 897 3200 2.
919 3145 954 3198 de
975 3162 1029 3199 arc.
1055 3139 1154 3195 atonis
1178 3139 1283 3197 scilicet
1301 3159 1351 3213 per
1374 3141 1489 3197 verbum
1505 3143 1648 3207 sumamus
1680 3149 1708 3196 et
1725 3158 1777 3212 per
1793 3154 1885 3212 prono

199 3224 306 3281 Cathol.
324 3226 395 3282 verit
415 3243 439 3282 e.
461 3233 484 3282 0.
505 3215 620 3284 addicit
638 3228 741 3285 dictum
758 3230 791 3287 R.
812 3229 929 3286 Hunna:
965 3231 1032 3285 Nisi
1056 3244 1118 3282 men
1148 3224 1271 3282 nostram
1304 3227 1504 3283 adsciscuntur.
1548 3228 1592 3282 Ad
1626 3229 1781 3284 eorundem
1809 3225 1885 3282 011001

198 3313 243 3367 bic
258 3331 348 3367 sermo
359 3314 468 3379 suisset
484 3315 613 3386 scriptam,
631 3334 686 3371 non
698 3318 821 3372 licuisset
834 3319 942 3372 dicere:
958 3318 1032 3373 Bara
1056 3313 1204 3385 imaginem
1226 3313 1307 3369 homo
1332 3313 1467 3370 creandus
1487 3314 1596 3370 dicitur.
1629 3313 1734 3371 Refero
1750 3314 1805 3371 huc
1821 3311 1886 3368 anti·

197 3399 307 3454 Elohim
331 3399 378 3456 lib.
404 3399 491 3472 ejusd.
511 3418 533 3456 c.
555 3407 579 3458 t.
615 3401 649 3456 In
665 3403 804 3460 Thalmud
823 3404 892 3459 illud
910 3405 969 3462 los.
989 3410 1029 3461 22,
1057 3398 1251 3470 quissimorum
1274 3401 1407 3457 ecclesiae
1432 3401 1574 3457 doctorum
1595 3402 1756 3457 unanimem
1780 3416 1887 3457 consen

197 3504 222 3539 v.
248 3491 295 3541 tt:
332 3487 442 3540 Jebooa
465 3488 505 3540 Et
523 3489 638 3542 Etobim
655 3490 782 3544 Jetovats
801 3493 841 3546 Et
861 3493 973 3546 Etotim
992 3492 1031 3546 sic
1057 3504 1126 3554 sum,
1146 3487 1216 3541 iren.
1236 3486 1264 3542 in
1282 3486 1397 3559 praefat.
1417 3487 1464 3542 lib·
1483 3495 1506 3544 t.
1527 3507 1554 3559 p.
1575 3493 1636 3543 2³2:
1658 3490 1753 3544 Homo
1766 3507 1822 3560 per
1836 3506 1887 3540 mu·

198 3573 359 3645 exponitur:
378 3573 519 3627 Diaerunt
531 3576 628 3643 primo
647 3578 734 3646 Deru,
753 3580 841 3642 Iloua,
861 3580 950 3647 Deua,
964 3579 1032 3648 quia
1057 3592 1109 3627 nus
1129 3573 1187 3627 Dei
1202 3575 1363 3644 plasmatus
1383 3583 1429 3642 eut,
1449 3576 1499 3629 boc
1517 3584 1565 3644 eet,
1580 3592 1636 3645 per
1655 3575 1767 3630 Fili-usn
1785 3583 1810 3630 et
1829 3573 1887 3644 spt-

195 3674 250 3727 per
274 3659 325 3712 bos
350 3667 406 3712 tres
427 3667 537 3713 creatus
556 3669 596 3714 est
614 3664 740 3716 incendus.
776 3665 815 3716 Et
836 3666 937 3719 ‹teinde
955 3666 1031 3718 clire-
1056 3661 1143 3714 ritum
1155 3679 1187 3728 a,
1200 3661 1298 3730 quibua
1307 3662 1391 3716 etiam
1402 3661 1488 3716 dicit:
1501 3663 1652 3716 Frisiorum
1661 3663 1809 3717 bominem.
1830 3660 1887 3716 In‘ls

197 3752 280 3798 runt:
306 3746 394 3812 Deus,
416 3746 501 3814 Dera,
521 3748 607 3814 Deru,
630 3749 697 3816 quia
712 3765 765 3819 per
784 3751 834 3803 boe
852 3758 907 3804 tres
926 3769 1031 3820 quoque
1057 3745 1181 3818 ejusdem
1197 3757 1220 3802 e'.
1243 3754 1281 3803 ts.
1306 3767 1333 3819 p.
1355 3755 1417 3805 243:
1445 3750 1555 3814 Filius,
1580 3750 1630 3820 qui
1653 3758 1678 3804 et
1700 3751 1815 3805 uerbum
1837 3749 1890 3805 Dei

200 3831 270 3884 data
288 3838 327 3883 est
346 3830 401 3883 lua.
426 3830 486 3884 Sed
503 3833 639 3900 reumquid
653 3836 787 3902 potuisset
803 3855 874 3889 unsa
893 3855 985 3892 eornm
1003 3857 1032 3893 se
1058 3836 1093 3888 ab
1111 3835 1191 3888 initio
1204 3837 1412 3903 prominebat,
1432 3855 1488 3890 non
1508 3837 1649 3906 indipente
1668 3837 1759 3892 Patre
1776 3836 1888 3906 ampelo,

199 3916 259 3969 solo
272 3917 478 3986 separatimque
491 3923 594 3984 (creare
606 3919 768 3999 mundumtsl
781 3939 963 3992 nequaquam,
982 3928 1033 3979 sed
1056 3921 1099 3973 uti
1105 3923 1216 3987 faceret
1228 3922 1412 3976 conatuum
1426 3930 1451 3977 et
1454 3924 1601 3991 formaret
1613 3923 1760 3989 bominem,
1774 3931 1888 3993 propter

200 4005 256 4057 duo
274 4003 329 4056 alii
345 4003 418 4056 uniti
430 4021 491 4057 cum
510 4022 541 4059 eo
560 4007 901 4065 recusariocreaoerunt.
920 4009 1031 4069 Weidn.
1058 4025 1137 4076 quem
1165 4015 1191 4061 et
1222 4010 1344 4063 conditio
1375 4010 1474 4074 ithai,
1507 4027 1594 4079 06006
1623 4028 1722 4063 turm
1755 4011 1888 4080 ludiim

198 4087 227 4142 in
256 4087 324 4144 locis
343 4088 389 4144 fid.
410 4093 489 4146 tract
510 4097 532 4146 1.
551 4109 580 4162 p.
606 4098 646 4147 94.
681 4091 760 4148 Haec
779 4093 876 4149 iisdem
894 4094 952 4152 iere
974 4116 1032 4155 ver-
1057 4094 1210 4148 ministerio
1223 4096 1264 4147 ad
1278 4095 1494 4158 fabricationem
1512 4114 1607 4150 eornm
1624 4098 1809 4166 nepotianum,
1824 4110 1888 4167 quar

198 4172 242 4230 bis
274 4183 416 4245 ponuntur
442 4177 471 4231 in
501 4185 646 4235 comment.
683 4180 715 4237 R.
749 4179 854 4253 Moysis
885 4182 1033 4240 Hadarson
1058 4181 1208 4234 secuudum
1226 4181 1363 4234 leontinum
1381 4189 1475 4250 crant,
1500 4184 1552 4236 sed
1573 4182 1688 4237 labente
1706 4185 1888 4253 captemus

199 4279 282 4333 super
298 4279 323 4317 c.
345 4264 454 4320 1.(1011
490 4267 527 4320 In
543 4267 685 4336 principio
705 4269 808 4322 creauit
827 4274 880 4324 etc.
907 4271 1031 4344 Burgen-
1057 4266 1246 4323 inenarrabile
1265 4267 1453 4322 sninmteriam.
1491 4268 1641 4322 Minutrat
1662 4267 1738 4323 enim
1757 4269 1786 4326 ei
1801 4272 1888 4339 (xmo-

199 4347 236 4402 sis
260 4355 339 4404 notat
362 4350 531 4423 antiquiores
552 4353 635 4408 etiam
651 4352 794 4409 Rabbinoe
814 4354 929 4426 vidisse,
957 4359 1032 4428 quod
1054 4357 1208 4425 χρηστικῶς
1224 4371 1275 4425 pro
1292 4354 1380 4420 adest)
1401 4355 1443 4407 ad
1461 4354 1554 4408 omnia
1573 4372 1624 4408 sua
1638 4356 1795 4423 propensos
1812 4363 1837 4410 et
1854 4355 1888 4422 fi-

198 4434 308 4491 nomine
326 4435 436 4493 Elohim
456 4442 567 4493 notetur
583 4439 743 4509 pluralitas,
770 4458 832 4495 cum
857 4444 1033 4513 exposuerint
1057 4440 1168 4507 petratio
1185 4457 1251 4507 uus,
1278 4441 1303 4494 Ιι.
1325 4457 1347 4494 e.
1366 4441 1459 4494 Filius
1478 4449 1504 4494 et
1524 4440 1647 4512 Spiritu
1664 4459 1688 4494 s.
1731 4443 1848 4498 Verbum
1865 4449 1889 4496 ct

198 4521 279 4574 Deus
302 4529 327 4575 et
351 4525 449 4578 domus
470 4525 587 4593 judicii.
625 4524 659 4578 In
677 4525 781 4579 Midras
807 4526 901 4582 Tillim
920 4529 965 4584 Pe.
986 4537 1032 4586 5οε
1056 4527 1205 4598 sapientia,
1235 4528 1333 4597 quibem
1361 4528 1482 4581 seruiunt
1512 4536 1536 4581 ot
1567 4528 1686 4598 mtjecn·
1717 4538 1783 4586 sunt
1803 4547 1889 4586 onem

201 4605 382 4668 Qmmobrem
405 4619 576 4665 memoratur
601 4629 700 4664 nomen
719 4613 778 4666 Dei
800 4616 892 4670 sancti
911 4623 936 4669 et
955 4616 1030 4669 bene·
1057 4614 1158 4684 anpeli.
1194 4612 1225 4667 C.
1242 4620 1289 4681 31,
1312 4631 1338 4667 v.
1358 4619 1399 4669 bt:
1436 4615 1526 4668 Adest
1543 4615 1628 4668 Patri
1643 4632 1755 4687 seraper
1776 4617 1889 4672 Verbum

198 4692 270 4747 dieti
294 4694 381 4748 trebure
405 4695 533 4750 oieibcse?
560 4704 590 4749 ut
609 4698 757 4762 doceretis,
785 4702 862 4769 quod
883 4701 927 4755 bis
945 4702 1032 4754 tribus
1057 4710 1082 4757 et
1104 4702 1252 4772 sapientia,
1279 4701 1373 4755 Filiam
1398 4709 1422 4755 et
1445 4702 1569 4771 Spiritus
1586 4721 1619 4772 a,
1641 4720 1697 4772 per
1724 4723 1795 4776 quos
1818 4713 1844 4762 et
1863 4705 1889 4758 in

197 4780 352 4834 nominibus
363 4781 445 4834 Desa
462 4789 575 4836 sanetus
593 4791 618 4837 et
637 4783 794 4838 berredictus
811 4790 942 4841 anundum
956 4805 1032 4842 area·
1057 4788 1156 4860 quibus
1174 4789 1268 4842 omnia
1287 4788 1372 4842 libere
1392 4797 1417 4842 et
1435 4797 1533 4858 sponte
1550 4791 1620 4855 fecit
1646 4797 1672 4844 et
1690 4794 1735 4846 ael
1760 4811 1830 4863 qstos
1852 4793 1888 4846 to·

197 4868 248 4936 tit,
273 4868 360 4936 jttoela
384 4875 441 4921 tm
478 4857 559 4933 niti),
583 4869 681 4939 quibam
704 4876 823 4927 mundus
848 4883 957 4930 oreatus
983 4885 1031 4945 est,
1057 4876 1152 4945 quitur
1179 4875 1292 4928 diceris:
1324 4875 1475 4929 bbeiamus
1505 4876 1642 4929 bominem
1677 4879 1720 4931 ad
1744 4878 1889 4948 imapiness

25 4945 30 4960 ⁸
84 4966 125 5012 111.
138 4967 184 5013 att.
197 4971 268 5023 qnae
285 4954 510 5025 suntsapisntia,
530 4957 682 5011 erientiam
690 4961 855 5028 prurientia.
874 4966 901 5019 3.
917 4962 1032 5017 Elobim
1055 4970 1188 5017 nostram.
1223 4960 1325 5017 Justin.
1347 4960 1376 5015 in
1393 4959 1468 5016 Dial.
1488 4979 1550 5018 cum
1569 4961 1676 5033 Tryph.
1703 4983 1734 5036 p.
1755 4969 1822 5021 222:
1849 4965 1889 5019 Ne

198 5048 238 5095 eet
254 5041 456 5111 sipnificotione
474 5042 627 5113 sinpulare,
647 5046 715 5116 quia
732 5064 810 5114 quern
826 5049 939 5119 Moyses
952 5058 1032 5104 uocat
1057 5050 1252 5116 depravantes,
1270 5048 1481 5118 qamerlieimus,
1499 5049 1582 5102 uerba
1599 5047 1801 5120 illaafferatis,
1821 5065 1889 5122 quat

199 5128 326 5197 Elolsim,
352 5147 412 5184 eum
429 5129 486 5184 alii
497 5131 655 5202 propbetas
676 5140 702 5186 et
720 5134 871 5203 emptores
889 5138 969 5191 sacri
987 5156 1032 5190 oo·
1057 5134 1181 5189 Rabbini
1192 5135 1279 5189 uestri
1294 5135 1426 5203 allepaut,
1445 5135 1488 5188 uel
1505 5135 1583 5203 quod
1600 5135 1641 5188 ad
1658 5152 1688 5189 ee
1706 5136 1801 5208 ipsum
1818 5138 1887 5192 lotor

198 5223 263 5267 cant
275 5215 357 5277 Elin
368 5215 516 5285 aepulari.
538 5217 612 5287 (tob.
626 5225 650 5287 9,
663 5236 688 5272 v.
702 5222 726 5274 1.
745 5219 790 5274 Ps.
806 5227 862 5291 101,
877 5239 903 5278 v.
917 5227 979 5294 25),
998 5243 1031 5277 ao
1057 5231 1100 5276 tm
1118 5223 1154 5275 sit
1172 5223 1264 5277 Darsa:
1282 5222 1445 5290 sumamus,
1467 5221 1538 5275 most
1555 5229 1580 5274 et
1603 5238 1654 5275 noe
1673 5225 1790 5289 facturi
1814 5224 1887 5296 qus'p·

198 5301 317 5354 adamar
335 5303 363 5356 ei
377 5319 430 5357 eoa
447 5302 586 5357 arelasiea
604 5304 692 5374 solus,
711 5325 766 5376 quo
779 5309 937 5377 pluraliter
956 5311 1031 5364 noeis
1051 5309 1134 5379 piam
1161 5325 1300 5379 persaepe
1323 5312 1364 5362 ad
1386 5327 1436 5364 nos
1463 5309 1540 5378 meos
1563 5308 1700 5364 dirimere:
1740 5312 1888 5378 faeiomm.

198 5386 239 5437 nd
256 5387 400 5454 singulare
418 5388 605 5458 restrinpitur,
626 5396 648 5448 2.
667 5390 737 5464 Reg.
758 5400 797 5461 19,
817 5413 842 5448 v.
864 5402 902 5451 15.
922 5396 968 5451 Pe.
988 5402 1029 5462 85,
1055 5395 1099 5449 rel
1116 5396 1193 5464 quod
1209 5396 1251 5449 ad
1268 5395 1411 5462 elersenta,
1430 5395 1481 5449 boc
1499 5403 1538 5450 est
1566 5387 1671 5451 terram
1689 5405 1715 5450 et
1734 5397 1799 5452 alia
1816 5397 1887 5452 simi·

197 5488 222 5528 v.
249 5478 287 5527 10.
322 5472 405 5544 Resp.
430 5473 498 5529 illud
524 5473 556 5529 fit
574 5484 688 5547 propter
706 5479 868 5550 mysterium
887 5481 968 5536 unius
989 5482 1028 5536 in·
1056 5479 1138 5545 liter,
1167 5483 1241 5535 uncle
1265 5480 1445 5548 intellipimns
1464 5481 1600 5536 bominem
1623 5484 1805 5539 constitutum
1828 5501 1888 5552 erra

196 5556 303 5614 divim
326 5559 461 5616 esseutiae
487 5561 516 5615 in
542 5561 631 5617 tribus
649 5560 767 5620 Elohim.
801 5565 952 5623 Exclusira
974 5585 1030 5624 non
1056 5571 1136 5623 Deru
1153 5567 1269 5621 dixerit:
1286 5568 1437 5658 sociamus,
1455 5569 1538 5623 uerba
1554 5585 1651 5624 rursus
1670 5570 1733 5626 alia
1751 5591 1771 5627 a
1790 5573 1888 5645 Mosa
