3984 6022
621 298 675 356 DE
693 299 943 360 smanffimo
961 299 1183 361 semirame
1201 300 1404 360 mammo.
1795 314 1854 372 337

153 453 274 510 dicendo
293 470 354 510 1111
373 463 430 511 tres
446 456 639 529 proprietates,
657 457 729 513 siout
748 463 791 513 est
809 473 866 512 una
884 461 993 512 tantum
1020 456 1124 513 tionem
1138 458 1180 515 sic
1192 458 1325 531 explicari
1335 474 1426 530 posse,
1443 463 1544 512 utnon
1555 456 1703 514 conveniat
1719 465 1860 517 menmtae

154 540 257 605 anima,
269 557 343 610 quae
355 540 442 597 habet
453 550 509 598 tres
521 544 670 613 potentias,
682 543 850 599 necessitate
861 542 994 614 loquendi
1021 534 1267 615 Christi'natmae,
1285 546 1382 601 dieunt
1400 545 1472 601 enim
1490 544 1664 599 individuum
1682 544 1857 600 duobusmo

154 625 245 682 eoacti
266 626 397 683 dixerunt
414 645 473 682 esse
496 636 554 682 tres
578 645 716 697 personas
739 628 797 683 sive
821 626 993 688 ὑποστάσεις.
1022 632 1064 686 dis
1077 631 1176 701 accipi,
1193 631 1282 702 primo
1300 650 1351 702 pro
1363 649 1405 699 eo,
1418 635 1492 702 quod
1504 638 1545 684 est
1561 632 1592 684 in
1602 648 1631 685 se
1646 634 1859 687 deurminatum

154 711 287 769 Neam.
306 713 336 767 in
354 720 422 769 orat
443 713 472 768 in
489 720 577 769 sanat.
596 715 677 770 lum:
705 717 752 769 De
770 716 836 769 Deo
854 733 914 767 mem
930 716 994 768 dico
1021 727 1047 772 et
1058 719 1211 787 sinpulars,
1231 725 1263 772 ut
1278 718 1409 774 videlieet
1427 717 1568 788 singulare
1585 716 1621 771 ab
1639 717 1788 772 universali
1807 715 1860 771 dii·

154 817 210 854 uno
235 800 339 855 hemina
358 802 472 870 pariter
497 809 523 856 et
549 803 639 856 trihus
661 802 880 869 illuminamini,
907 800 995 854 tribea
1020 803 1088 872 ferm
1105 805 1227 871 secundo
1245 821 1296 877 pro
1312 821 1355 873 eo,
1374 805 1450 872 quod
1467 803 1591 856 abscisus
1608 811 1634 855 et
1652 801 1784 870 complete
1802 803 1859 856 sin·

155 887 267 954 quidem
283 889 436 941 secundnm
449 889 641 956 proprietates
664 888 709 942 vel
730 904 760 941 se
783 887 872 941 alicui
896 887 938 940 ito
961 887 995 940 li·
1007 877 1009 988 4
1021 891 1120 957 palare
1139 899 1193 952 111,
1211 890 1264 946 hoo
1283 899 1337 957 est,
1358 890 1432 960 quod
1450 906 1506 943 non
1524 889 1613 944 solum
1631 895 1673 943 est
1691 887 1744 942 hoc
1763 888 1858 960 singu·
1931 947 1934 950 ,

154 971 243 1025 111111
262 973 410 1042 appellare
429 976 582 1028 secundnm
601 976 764 1043 hypostases
783 991 833 1028 seu
848 989 993 1042 personas.
1022 976 1079 1032 lare
1098 976 1317 1040 determinatum,
1336 976 1385 1031 sed
1403 976 1486 1030 etiam
1503 991 1554 1046 per
1571 990 1601 1030 se
1618 974 1717 1045 ipsum,
1735 992 1791 1030 non
1810 992 1859 1031 au-

154 1057 275 1112 Minims
296 1060 369 1113 enim
389 1061 425 1113 de
442 1061 534 1114 verbis
547 1078 723 1129 pupnnmm,
740 1062 893 1115 dammodo
909 1060 995 1128 sptta-
1021 1069 1077 1117 tem
1094 1062 1123 1118 in
1143 1063 1199 1117 alio
1217 1061 1358 1129 subsistit,
1384 1061 1514 1132 quodque
1531 1061 1601 1116 adeo
1619 1079 1700 1116 suum
1719 1061 1859 1132 quendam

154 1143 208 1197 hae
224 1145 266 1196 ad
282 1147 401 1199 eundem
419 1163 530 1200 senmm
551 1148 718 1216 perducant.
759 1148 819 1202 Uno
839 1155 933 1201 autem
955 1165 995 1201 se·
1021 1149 1167 1203 terminum
1184 1148 1269 1205 habet
1294 1149 1323 1202 in
1346 1153 1405 1203 toto
1429 1147 1575 1217 complexu
1597 1147 1769 1202 substantiae
1795 1146 1858 1203 ulti·

154 1231 278 1283 cunduns.
293 1232 462 1286 substantiae
478 1233 536 1287 sios
555 1234 671 1286 deitatis
689 1233 838 1302 ratsbnem,
857 1235 995 1287 dimditm
1021 1252 1103 1289 mum.
1139 1235 1229 1290 Priori
1246 1234 1329 1290 modo
1348 1241 1449 1290 natura
1467 1234 1589 1290 humana
1605 1239 1729 1289 assumta
1739 1239 1783 1289 est
1794 1234 1858 1289 sub-

73 1324 125 1371 m.
154 1317 229 1372 enim
245 1317 436 1387 dirimhiliter,
457 1327 487 1372 at
504 1321 546 1373 ita
563 1320 657 1373 dicam
674 1328 700 1373 st
719 1321 898 1388 conjunpitnr
920 1321 994 1373 insli-
1020 1321 1124 1376 stantia
1140 1321 1292 1386 individua,
1313 1338 1370 1377 non
1384 1327 1477 1376 autem
1494 1322 1577 1378 modo
1595 1319 1748 1392 posteriori.
1772 1319 1857 1391 Hugo

156 1403 316 1458 visibiliter.
350 1402 451 1459 Exstat
468 1411 561 1460 autem
579 1403 648 1459 baec
666 1421 719 1459 sor
742 1406 772 1460 in
796 1404 994 1478 antiquissimis
1019 1406 1187 1464 Ethcrianus
1213 1408 1260 1464 lib.
1289 1415 1310 1464 1.
1344 1409 1379 1464 de
1408 1424 1526 1479 process.
1561 1407 1679 1477 Spiritus
1707 1425 1729 1460 s.
1761 1412 1858 1465 coum

154 1487 275 1544 Latinae
303 1488 437 1546 ecelesiae
455 1491 622 1547 doctoribus.
672 1491 787 1547 Tertull.
814 1492 877 1550 adv.
893 1491 994 1547 Pru:
1020 1493 1142 1549 Graecos
1160 1512 1184 1549 c.
1207 1500 1237 1550 1:
1263 1495 1393 1549 Persona
1414 1502 1456 1548 est
1472 1495 1628 1548 substantia
1646 1512 1659 1547 1
1674 1494 1857 1563 proprietati·

152 1576 202 1629 De
220 1577 286 1631 Deo
304 1576 376 1631 nihil
392 1577 477 1631 inane
500 1586 592 1647 potest
612 1581 734 1649 modice
759 1587 786 1633 et
808 1596 908 1634 carens
934 1581 994 1632 suh
1021 1581 1069 1633 has
1087 1582 1212 1649 ejusdem
1229 1590 1351 1635 naturae
1368 1583 1450 1634 rehsts
1467 1598 1582 1634 numero
1600 1582 1740 1650 defferens.
1768 1578 1857 1634 Item:
1948 1610 1959 1620 ·

152 1662 267 1731 stantia,
285 1664 351 1716 ideo
368 1680 458 1718 sermo
471 1666 531 1719 Dei
548 1672 589 1718 est
604 1681 650 1718 res
663 1673 690 1719 et
702 1681 827 1734 persona
845 1666 992 1734 quaedam
1019 1667 1149 1720 Persona
1173 1675 1214 1721 est
1237 1668 1394 1721 animantia
1419 1667 1588 1732 rationalis,
1616 1683 1687 1735 puae
1708 1683 1765 1735 per
1789 1682 1857 1720 suas

158 1747 342 1817 Quaecunque
354 1765 421 1817 erpo
437 1750 592 1804 suhstmstia
606 1751 818 1819 sermonissnit,
834 1752 916 1805 illam
929 1751 994 1805 dico
1019 1754 1207 1820 proprietates¹
1240 1754 1395 1821 sinpnlaris
1428 1761 1522 1823 potest
1557 1752 1686 1820 inteilipi.
1738 1751 1855 1808 suidas:

88 1894 91 1898 ,
152 1850 307 1902 porsonam
323 1842 349 1889 et
365 1835 412 1889 illi
422 1853 521 1890 nomen
533 1837 606 1890 Filii
617 1838 740 1892 omeliae.
770 1834 902 1906 Cyprias.
912 1853 993 1892 serm.
1020 1838 1189 1906 prostasis
1207 1848 1248 1893 est
1264 1841 1384 1896 essmtia
1396 1857 1457 1892 cum
1476 1838 1712 1911 characteristicis
1724 1838 1856 1906 proprie·

155 1917 191 1974 de
208 1919 312 1975 Christi
329 1920 414 1975 nstin
432 1921 521 1976 Hilar.
542 1921 590 1977 lib.
609 1922 644 1978 de
663 1923 760 1993 synod
777 1921 939 1992 Hieronym.
956 1922 992 1977 ad
1019 1925 1130 1979 tatibus.
1166 1924 1316 2000 Lambard.
1338 1925 1385 1980 lib.
1408 1931 1430 1980 1.
1450 1925 1513 1980 dist.
1533 1930 1573 1981 25.
1592 1942 1616 1979 c.
1639 1930 1678 1980 11.
1715 1924 1856 1979 Personae

98 2063 101 2067 ,
154 2004 269 2062 Β11111.
286 2006 414 2062 Laetant
433 2007 482 2067 lib.
501 2016 526 2064 1.
551 2007 606 2062 div.
630 2008 717 2064 instit
741 2026 766 2063 a
786 2014 827 2064 39.
863 2008 992 2064 Ambrae.
1019 2028 1119 2065 nomen
1135 2010 1224 2066 tribus
1236 2011 1326 2066 modis
1343 2011 1473 2065 sumitur:
1496 2017 1518 2067 1.
1537 2027 1588 2084 pro
1606 2012 1742 2077 essentia-
1762 2017 1785 2066 1.
1803 2027 1855 2080 pro

153 2091 192 2146 de
211 2092 276 2148 inst.
295 2092 365 2164 virg.
385 2112 409 2148 e.
432 2100 471 2150 to.
507 2095 629 2165 August.
651 2101 691 2150 11.
710 2095 746 2150 de
763 2094 816 2152 cir.
834 2094 889 2150 Dei
907 2111 932 2152 c.
952 2100 991 2151 11.
1021 2095 1184 2162 ὑποστάσεις
1203 2102 1226 2153 3.
1247 2113 1298 2166 pro
1311 2098 1496 2166 proprietate.
1540 2097 1619 2151 Alex.
1639 2096 1675 2151 ab
1693 2095 1761 2150 Ales
1779 2113 1807 2165 p.
1830 2100 1852 2150 l.

151 2183 206 2235 etc.
241 2179 312 2236 Sunt
338 2180 386 2250 qui
412 2181 441 2234 in
465 2179 531 2251 ipsis
552 2179 703 2251 Seriptnris
732 2196 867 2251 personae
893 2198 993 2236 nomen
1019 2202 1045 2254 q.
1066 2190 1106 2239 56.
1130 2181 1231 2239 memb.
1259 2189 1282 2238 3.
1312 2182 1419 2255 profert
1445 2183 1517 2238 banc
1541 2183 1743 2246 definitionem,
1770 2198 1854 2253 quam

141 2269 262 2321 exstare
281 2271 426 2335 asserunt,
450 2271 482 2320 ut
500 2266 613 2337 quando
631 2267 666 2322 de
684 2266 745 2322 Deo
770 2266 891 2335 dicitur,
916 2268 993 2335 qnod
1018 2274 1100 2325 vocat
1116 2271 1317 2341 magistralem:
1343 2273 1471 2324 Persona
1490 2279 1529 2324 est
1546 2271 1704 2339 hypostasis
1721 2271 1855 2324 distincta

154 2370 212 2406 non
228 2353 265 2406 sit
279 2360 410 2422 acceptor
423 2369 611 2422 personarum
628 2353 692 2408 Act.
710 2360 751 2423 to,
769 2372 794 2409 v.
809 2359 850 2409 31.
876 2352 955 2408 Rom
968 2359 993 2417 1,
1015 2357 1190 2426 proprietate
1217 2359 1258 2409 ad
1282 2358 1448 2424 dipnitatem
1469 2358 1634 2424 pertinente.
1670 2355 1749 2412 idem
1774 2374 1800 2425 p.
1828 2361 1852 2412 h.

152 2444 233 2495 r.11.
253 2445 312 2508 ste,
337 2437 486 2510 inquibus
506 2438 918 2510 loeispersonamsigniiioars
940 2456 990 2510 pu·
1019 2459 1045 2513 q.
1064 2449 1088 2496 t.
1108 2440 1209 2497 memb.
1229 2448 1253 2498 6.
1278 2458 1413 2514 personae
1431 2442 1566 2496 rationem
1592 2441 1730 2511 triplicem
1753 2441 1853 2512 impor-

152 2530 215 2580 tant
225 2523 389 2596 hypostasin
405 2524 563 2581 humanam.
591 2521 720 2581 Bellarm.
734 2525 781 2581 lib.
796 2531 820 2582 2.
835 2525 991 2581 deChristo
1017 2532 1079 2584 tare
1094 2528 1311 2599 distinctionem,
1335 2544 1436 2598 nempe
1457 2527 1680 2595 singularitatis,
1703 2528 1853 2581 incommu-

156 2626 181 2664 c.
200 2618 224 2681 5,
242 2612 339 2666 sedin
360 2610 415 2664 illis
434 2611 517 2666 etiam
534 2611 603 2667 locis
623 2627 743 2682 persona
759 2611 851 2682 potius
873 2612 991 2682 qualita-
1018 2616 1201 2669 nicahilitats's
1219 2624 1245 2670 et
1263 2617 1427 2684 dipsitatis,
1450 2631 1507 2685 qua
1531 2629 1631 2684 nempe
1654 2612 1711 2667 alia
1733 2613 1770 2669 ab
1796 2612 1854 2669 alia

153 2704 210 2753 tem
223 2714 307 2769 qnam
317 2697 483 2768 hypostasin
502 2696 651 2767 significet
677 2697 788 2752 Dicitur
806 2697 879 2754 enim
897 2697 992 2769 phrasi
1017 2701 1197 2773 distinguitur
1209 2702 1398 2758 rationalitate
1411 2700 1584 2769 individuali,
1602 2715 1674 2770 quac
1690 2704 1733 2754 est
1749 2698 1853 2770 dignis

151 2783 294 2840 Hebraico
307 2785 430 2854 alicujus
440 2785 552 2850 faciem
562 2802 612 2840 sen
620 2802 774 2854 personam
786 2786 923 2854 campere,
943 2784 991 2856 qui
1016 2788 1086 2843 sima
1103 2787 1265 2860 proprietas.
1296 2787 1442 2844 Caeterum
1462 2787 1588 2859 quamvis
1604 2802 1724 2857 persona
1742 2785 1854 2860 dicatur
1911 2820 1914 2829 ·

152 2871 223 2928 iacit
241 2870 348 2942 aliquid
359 2870 389 2925 in
403 2871 523 2943 gratiam
540 2871 653 2928 alterius
672 2871 852 2928 consideratis
871 2871 990 2926 externis
1016 2875 1172 2929 substantia
1189 2875 1353 2943 indioidaa,
1372 2880 1465 2930 tamen
1482 2874 1555 2929 inter
1572 2887 1718 2945 personam
1736 2878 1765 2927 et
1781 2871 1852 2927 indi-

153 2958 216 3029 ejus
235 2957 375 3029 adjunctis
395 2962 423 3013 et
440 2958 631 3029 qualitatibus,
649 2976 722 3031 qaae
739 2957 769 3013 in
787 2958 882 3013 oculos
899 2958 990 3013 incur·
1016 2959 1310 3031 viduumphilosophis
1322 2959 1542 3030 siesppellatnm
1553 2958 1700 3015 intercedit
1713 2958 1851 3029 quaedam

151 3049 219 3099 runt
235 3043 280 3099 rel
297 3044 383 3099 menti
400 3042 593 3113 obversantur,
616 3061 736 3116 eumque
752 3043 833 3100 nobis
852 3061 989 3100 common·
1016 3045 1180 3115 differentia,
1198 3063 1283 3118 quam
1300 3045 1452 3100 Durandus
1470 3044 1518 3100 lib.
1532 3050 1556 3100 2.
1575 3044 1762 3100 1111111113.
1785 3059 1811 3113 q.
1826 3047 1849 3098 1.
1877 3032 1883 3045 “

153 3130 275 3187 debilem
284 3131 414 3201 reddunt,
433 3131 734 3202 qnaliasuntdisitiae,
746 3131 841 3198 honor,
852 3130 990 3202 cognatio,
1015 3138 1044 3187 et
1060 3132 1108 3188 lib.
1130 3138 1154 3188 3.
1173 3132 1235 3187 dist.
1258 3139 1286 3187 l.·
1298 3150 1324 3203 q.
1348 3139 1370 3187 l.
1390 3148 1465 3185 num.
1483 3138 1521 3186 17.
1540 3130 1581 3185 sic
1599 3129 1734 3200 explieat:
1756 3129 1851 3182 0111111
1864 3137 1905 3180 111.
1917 3134 1964 3178 111.

152 3217 292 3290 dignitas,
313 3218 456 3290 potentia,
482 3223 551 3288 ete,
574 3225 606 3275 ut
628 3219 739 3276 interim
756 3235 859 3275 causae
876 3218 990 3275 meritae
1012 3236 1138 3289 pernosse
1156 3227 1196 3273 est
1213 3219 1386 3288 suppositam
1406 3225 1431 3271 et
1448 3234 1528 3272 omne
1550 3217 1723 3286 suppositmn
1747 3224 1787 3270 111
1808 3217 1850 3270 in·

150 3319 208 3359 non
224 3304 424 3376 expendantur.
588 3362 592 3370 ,
1016 3308 1171 3370 dividuum
1188 3307 1240 3359 sed
1256 3322 1312 3358 non
1330 3320 1409 3357 omne
1427 3303 1605 3356 individuum
1616 3309 1656 3356 est
1667 3302 1852 3371 supparium,

187 3396 229 3447 aa
265 3395 292 3446 3.
314 3391 499 3459 Sipnificatio.
534 3389 611 3445 Sicut
628 3390 765 3446 essentiae
784 3396 828 3448 est
847 3407 922 3459 esse,
950 3390 990 3444 ita
1015 3409 1066 3447 nec
1083 3408 1162 3447 omne
1175 3391 1400 3461 suppositnmest
1411 3406 1543 3459 persono,
1561 3389 1630 3458 qnia
1646 3388 1785 3458 quaelibet
1800 3406 1851 3443 na-

151 3477 333 3550 hypostaseos
353 3492 404 3547 per
421 3492 452 3531 se
468 3475 626 3531 subsistere.
663 3476 742 3533 Sicut
758 3477 855 3538 οὐσίας
872 3483 915 3533 est
931 3497 990 3531 sos·
1015 3487 1080 3533 tara
1097 3478 1259 3546 amputarit,
1279 3477 1310 3530 in
1327 3493 1490 3546 quocunqne
1505 3491 1604 3544 penore
1621 3477 1667 3544 sit,
1683 3482 1774 3544 potest
1793 3474 1855 3528 diei

152 3561 240 3630 νὸιης,
257 3563 298 3617 ita
313 3561 493 3622 ὑποσιάσεως
512 3559 622 3629 ἰδιότης.
658 3563 743 3619 “Aa
765 3581 912 3633 personam
936 3563 991 3618 tria
1016 3563 1175 3631 individua,
1192 3564 1365 3633 ntppositum
1380 3569 1474 3615 autem
1485 3580 1541 3615 non
1552 3563 1656 3615 dicium
1673 3563 1731 3616 nisi
1747 3569 1852 3616 natura

151 3649 345 3720 requiruntur:
374 3654 399 3701 1.
418 3655 449 3701 ut
464 3664 519 3717 per
535 3665 564 3702 se
580 3649 747 3703 nmmmmur
765 3650 870 3706 111111
888 3650 918 3703 in
936 3648 991 3704 alio
1012 3638 1170 3718 mnpnlarir
1189 3650 1220 3702 in
1234 3648 1465 3717 prmdicamento
1487 3648 1670 3716 mhstantiae,
1700 3663 1751 3702 nec
1770 3664 1852 3717 quae·

150 3741 285 3807 tanquam
301 3735 331 3790 in
350 3734 491 3805 subjecto;
510 3742 536 3788 2.
554 3742 585 3788 ut
602 3734 639 3788 sit
656 3735 837 3803 inteilipentis
854 3743 990 3803 naturam
1016 3753 1122 3805 cunque
1139 3736 1222 3801 talis,
1247 3737 1299 3790 sed
1313 3735 1405 3790 solum
1422 3735 1568 3805 completa.
1603 3735 1731 3790 Persona
1748 3735 1853 3791 elicitur

152 3824 226 3875 3111
243 3821 279 3874 ab
295 3821 357 3875 alia
373 3821 565 3888 dmtnpuatm
583 3837 675 3892 neque
692 3821 728 3876 de
743 3821 800 3876 alia
822 3837 941 3893 persona
961 3819 991 3875 in
1016 3825 1091 3878 istem
1111 3823 1233 3878 illudis
1250 3829 1354 3876 natura
1371 3821 1554 3889 intellectuali
1576 3829 1691 3876 tantum.
1725 3839 1751 3876 o.
1768 3840 1795 3890 p.
1821 3822 1852 3874 in

152 3925 220 3964 casn
244 3912 321 3964 recto
348 3907 533 3980 praedicetur.
568 3909 688 3980 August
715 3907 764 3963 lib.
790 3915 816 3965 5.
843 3908 878 3964 de
904 3908 990 3963 trinit
1017 3911 1134 3980 anpels's,
1150 3910 1308 3964 hominihus
1325 3917 1351 3963 st
1367 3908 1430 3976 ipso
1448 3910 1520 3962 Deo.
1550 3908 1734 3962 Indicidnmn
1752 3913 1795 3962 est
1812 3907 1852 3963 la·

153 4011 177 4049 a
198 4000 226 4050 9:
253 3995 366 4049 Revera
389 4011 451 4048 cum
473 3994 562 4047 Pater
584 4012 640 4048 non
665 3995 702 4047 sit
723 3995 828 4064 lilius,
847 4003 873 4049 et
895 3995 991 4050 attins
1015 3998 1152 4053 tissimum
1170 4003 1199 4052 ct
1215 3994 1356 4067 signifieat
1371 3993 1525 4065 quamlibet
1542 4001 1671 4049 naturam
1684 3992 1851 4049 substantia·

153 4099 210 4135 nos
226 4082 265 4134 sit
282 4081 379 4145 Pater,
397 4087 423 4134 st
441 4080 567 4150 Spiritus
585 4099 606 4134 s.
627 4080 688 4149 ills,
713 4082 763 4149 qui
779 4082 863 4135 etam
886 4083 991 4150 donam
1016 4085 1072 4140 lem
1096 4090 1124 4141 11
1149 4082 1349 4138 accidentalem
1379 4081 1549 4153 singularem
1575 4086 1604 4135 et
1632 4079 1849 4139 determinatam.

108 4168 114 4183 ’
153 4168 213 4221 Dei
228 4175 358 4239 sopater,
382 4181 432 4219 nec
451 4166 541 4220 Pater
557 4166 594 4219 sit
617 4183 669 4221 nec
686 4167 794 4231 lilim,
818 4176 875 4222 tres
897 4169 991 4236 111111
1017 4169 1198 4241 Suppositum
1232 4185 1297 4224 rero
1326 4167 1452 4238 quamvis
1484 4165 1695 4221 substantialem
1725 4170 1852 4219 naturam

154 4261 225 4310 suat.
260 4255 387 4322 Ideoque
407 4253 563 4323 pluraliter
579 4255 684 4307 dictum
710 4262 765 4306 est:
789 4271 839 4322 epo
857 4261 884 4307 et
902 4253 991 4306 Pater
1017 4256 1183 4325 completam
1201 4270 1251 4324 per
1274 4270 1304 4308 se
1329 4252 1538 4318 subsistentem,
1554 4268 1680 4321 persona
1702 4266 1766 4305 vero
1788 4249 1853 4305 sub·

152 4357 239 4393 mum
255 4357 348 4393 snmus
367 4344 418 4394 etc.
457 4341 563 4392 Tamen
580 4356 641 4392 essm
658 4340 816 4409 quaeritur,
839 4340 910 4409 quid
926 4347 991 4403 tres,
1017 4341 1150 4396 stantiam
1167 4339 1333 4409 completam
1355 4337 1551 4393 subsistentem
1573 4337 1603 4390 in
1624 4341 1724 4389 natura
1747 4333 1853 4391 intelle·

152 4444 256 4496 mapsa
275 4444 396 4496 prorms
414 4426 513 4494 inopia
529 4427 680 4480 humanum
703 4426 815 4480 laborat
841 4425 989 4494 eloquiam.
1016 4426 1110 4481 ctuali.
1146 4426 1202 4482 Sed
1218 4425 1264 4479 hic
1283 4425 1373 4480 denuo
1395 4422 1613 4490 observandum,
1642 4437 1773 4492 magnum
1798 4419 1852 4473 imo

153 4513 270 4567 Dictum
283 4521 324 4567 est
336 4519 428 4567 tomen
440 4521 496 4567 tres
504 4529 655 4583 personae,
672 4530 729 4566 non
745 4520 775 4566 nt
792 4512 868 4566 sllrul
884 4512 989 4566 dicere·
1016 4512 1153 4568 inlinitum
1173 4511 1322 4567 discrimen
1339 4526 1400 4566 esse
1417 4510 1490 4564 inter
1506 4523 1639 4578 personas
1663 4506 1799 4560 humanas
1824 4509 1854 4559 et

151 4606 217 4667 tur,
231 4601 283 4653 sed
300 4617 335 4653 ne
357 4607 502 4653 taceretur.
538 4599 653 4653 Bolitius
671 4599 701 4653 in
717 4597 765 4652 lib.
785 4599 823 4654 de
840 4598 922 4654 duab.
941 4616 990 4653 na·
1015 4616 1148 4670 personas
1172 4598 1288 4652 divinas.
1325 4595 1475 4661 Quaelibet
1496 4593 1568 4650 enim
1591 4608 1709 4665 persona
1731 4590 1853 4667 hpmana

152 4683 224 4739 turis
245 4701 270 4741 c.
296 4691 336 4740 11.
361 4701 509 4756 personam
536 4685 647 4754 delinit,
675 4685 751 4756 quod
777 4685 813 4740 sit
839 4685 991 4740 rationalis
1016 4702 1095 4740 suam
1112 4684 1252 4756 propriam
1273 4682 1360 4739 babet
1384 4681 1532 4738 essentiam
1556 4676 1852 4742 incommunicabilem,

153 4772 644 4826 111111111111111111111111111.“
667 4769 822 4824 bichardus
832 4769 991 4827 Victorinus
1015 4774 1065 4828 sed
1079 4786 1214 4844 personae
1227 4768 1358 4825 trinitatis
1376 4768 1482 4824 habent
1492 4784 1576 4824 unam
1587 4775 1616 4823 et
1633 4765 1749 4823 eandem
1761 4780 1852 4819 esseu-

154 4855 203 4911 iib.
224 4863 248 4911 1.
268 4856 384 4912 demin.
405 4863 484 4912 118.
506 4856 617 4912 addidit
633 4873 730 4911 vocem
746 4858 991 4926 incommunicabi-
1014 4858 1083 4913 tiam
1101 4856 1365 4913 communicabilem.
1403 4853 1504 4910 Unitas
1522 4853 1658 4913 1111111111
1677 4853 1707 4906 in
1725 4848 1851 4921 personis

153 4942 199 4996 lis.
234 4941 400 4998 811111111ἰοὶ
417 4959 452 4998 ex
469 4947 587 5014 unoque
604 4937 753 5010 deliniunt,
779 4942 854 5012 quod
873 4942 990 4997 111111-
1015 4943 1146 5000 trinitatis
1166 4948 1209 4998 est
1232 4941 1381 4998 numerica
1418 4940 1501 4996 Ratio
1527 4940 1633 5009 pendet
1654 4937 1689 4993 ab
1714 4935 1852 4992 essentiae

153 5029 258 5084 masta
275 5030 444 5098 intellipens,
466 5029 631 5098 incliridna,
647 5029 928 5093 incommunicabilis,
946 5029 991 5084 cui
1015 5029 1153 5086 humanae
1166 5028 1281 5098 finitate,
1300 5027 1410 5083 divinae
1427 5042 1494 5082 rero
1512 5025 1656 5093 infinitate,
1675 5030 1707 5078 ut
1723 5021 1851 5093 superius

155 5114 309 5171 definitioni
326 5116 494 5171 recentiores
512 5114 680 5169 addiderunt
701 5114 784 5169 etiam
805 5113 890 5183 illud,
919 5133 991 5184 quae
1017 5116 1143 5172 diximus.
1181 5114 1302 5181 Quidam
1320 5127 1468 5183 putenam
1487 5111 1638 5179 definiunt,
1661 5108 1737 5180 quod
1754 5108 1791 5163 sit
1809 5111 1850 5167 in-

152 5219 210 5255 non
221 5202 258 5255 sit
271 5219 344 5271 pars
361 5202 487 5269 alterim,
505 5208 532 5253 ct
545 5216 616 5267 quae
633 5218 690 5252 non
701 5208 855 5254 sustentata
871 5202 907 5253 oh
922 5202 990 5271 alio,
1016 5202 1168 5271 tellipentis
1185 5209 1306 5254 naturae
1325 5197 1597 5252 incommunicabilis
1615 5197 1802 5266 marearum,
1821 5199 1851 5253 in

153 5295 266 5359 propter
289 5295 418 5344 naturam
435 5285 540 5342 Christi
564 5284 732 5349 humanam,
759 5302 832 5357 quae
858 5293 901 5342 est
927 5288 990 5343 sub·
1016 5305 1073 5360 qua
1090 5287 1253 5345 definitione
1269 5301 1388 5357 persona
1408 5284 1544 5356 accipitur
1553 5284 1723 5351 formaliter
1750 5293 1777 5338 et
1801 5285 1851 5339 at-

154 5375 258 5430 stantia
272 5375 438 5446 intelligens,
451 5373 595 5428 individua
608 5379 637 5427 et
648 5372 925 5443 incommunicabilis,
938 5390 990 5429 nec
1015 5383 1126 5442 straete,
1143 5372 1172 5427 in
1184 5370 1275 5429 Boiitii
1288 5387 1354 5428 raro
1372 5370 1531 5428 definitione
1550 5371 1648 5440 eadem
1666 5371 1851 5426 materialiter

154 5468 248 5517 umen
268 5467 311 5517 est
328 5468 460 5533 pasena,
484 5477 548 5515 oum
564 5477 621 5514 non
642 5474 694 5529 per
711 5476 754 5525 se,
778 5460 828 5515 sed
852 5461 882 5515 in
903 5461 990 5533 Λόγῳ
1015 5471 1041 5516 11
1059 5467 1183 5515 concrete
1201 5457 1354 5530 accipitur,
1380 5458 1416 5514 de
1439 5473 1496 5530 qua
1519 5456 1625 5529 duplici
1648 5474 1783 5528 personae
1804 5471 1851 5513 ac·

153 5547 296 5606 mhsistst.
332 5546 499 5609 Schohstci
518 5552 612 5603 tamen
627 5554 758 5613 monent,
778 5545 873 5603 aaut
894 5547 991 5606 ‹isini-
1014 5549 1143 5618 ceptione
1152 5544 1420 5616 (1111111111111111.
1438 5543 1590 5607 merom
1603 5549 1669 5603 mm
1678 5549 1704 5601 1.
1715 5548 1797 5602 tract.
1808 5547 1850 5607 tot
