3984 6022
766 283 820 353 DE
839 285 1002 351 aarum
1015 285 1093 345 nul.

10 445 19 486 ἰ.
33 443 55 484 u
82 441 143 505 tur,
167 453 209 503 uc,
229 435 259 490 u·
280 437 348 507 plur
373 439 490 494 uelimus
518 447 662 509 cpcotcre,
693 440 786 495 minua
813 457 920 510 quoquc

81 541 165 591 pram
184 542 335 592 porsumue
352 542 569 594 ccuaequcmur,·
595 527 636 578 ita
654 535 679 579 ct
698 527 772 580 ratio
792 528 918 580 coelectis
1099 531 1112 542 ³
1231 547 1253 607 ο
1274 547 1301 606 Δ
1320 545 1344 605 p
1362 544 1432 604 Π
1466 545 1491 605 Ῑ,

80 609 111 661 r'u
128 616 236 663 tautum
260 609 443 677 iutellipcudc
461 619 515 679 cat,
540 611 569 663 r'u
587 619 718 680 quantum
736 629 765 666 se
779 613 919 682 permittit
1765 661 1767 665 ,

79 695 209 764 intelle'pi.
245 695 378 750 athanas.
403 702 467 750 tom.
489 702 512 752 2.
536 715 564 767 p.
585 702 649 753 248:
676 696 737 752 οὔτε
757 698 787 753 τὸ
806 697 918 753 πάντων
945 685 974 746 Ε
983 687 1048 746 ΤΥ
1057 685 1246 753 ΜὈΛΟΓ
1251 690 1354 750 IAN
1376 681 1617 750 NOMINUM
1648 686 1775 753 DIVI·

80 782 258 850 xurcrolpriu
276 781 392 850 εὐσεβὲς,
412 780 473 836 οὔτε
493 783 523 837 τὸ
542 781 656 837 πάντων
675 787 838 856 καταμελεῖν
858 783 918 837 ruu-
1084 791 1262 861 NORUM
1291 795 1490 860 PERTRA
1499 794 1635 860 CTAT·

80 869 134 935 γές.
178 869 212 921 Ut
235 869 372 921 audacter
399 870 493 922 omnia
507 871 687 937 peracrutari
699 871 781 938 pium
796 888 852 923 uon
872 877 919 934 cst,

80 953 124 1007 ita
147 970 253 1006 omrem
270 972 390 1022 proreue
415 955 619 1023 inquietionem
644 956 784 1024 ueqlipere
807 959 862 1008 uou
879 962 919 1008 est
980 966 1004 1016 l.
1034 961 1161 1015 Juovau
1189 962 1330 1033 proprium
1354 963 1408 1017 Dei
1438 979 1539 1018 nomen
1565 963 1711 1020 deducitur
1740 963 1777 1021 ab
1787 935 1903 1010 Ἑύμο·

79 1047 213 1093 eoactum.
232 1039 369 1095 Macarius
387 1038 480 1095 homil
501 1046 537 1095 12.
554 1058 581 1110 p.
604 1046 666 1096 155:
689 1042 723 1095 Si
739 1041 920 1108 capitatione-r
947 1049 1014 1119 ³³:⁷³1
1041 1045 1102 1114 fuit,
1121 1047 1233 1115 exstitit,
1249 1065 1332 1119 quam
1347 1048 1545 1104 derivationem
1562 1050 1682 1105 ostendit
1699 1049 1776 1106 Deus
1790 1010 1921 1117 mim„

80 1127 271 1180 auimuetuue
284 1123 514 1195 comprehendere
526 1145 582 1180 riou
592 1128 723 1196 potuisti,
740 1127 920 1194 copitutr'ouca
945 1133 1004 1202 ipse
1028 1133 1114 1187 Exod.
1135 1143 1163 1196 3,
1188 1151 1211 1186 v.
1239 1141 1283 1195 14,
1309 1134 1358 1188 ubi
1383 1142 1497 1206 rogatus
1521 1135 1655 1207 aMoyee
1672 1137 1707 1191 de
1726 1153 1776 1193 suo
1790 1128 1902 1169 ΜΨ·

81 1212 143 1267 Dei
167 1219 250 1282 atquc
276 1220 390 1265 mentem
419 1212 478 1265 Dei
504 1215 642 1281 quomodo
668 1221 750 1282 poter
776 1212 920 1265 acruturi!
944 1216 1053 1272 nomine
1071 1219 1221 1289 respondet
1249 1222 1339 1295 afflet
1363 1209 1440 1294 Ἷῑξξῐς,
1464 1220 1565 1296 nmis,
1583 1239 1630 1275 cro
1652 1223 1704 1291 qui
1719 1240 1776 1291 ero,

81 1297 178 1369 cyrill.
202 1296 307 1353 catech·
329 1304 366 1353 6.:
389 1298 426 1350 Iu
453 1299 510 1366 ltu,
539 1315 610 1366 quw
636 1300 672 1352 dt
691 1299 753 1352 Dw
778 1298 919 1360 dicuntur»
945 1301 1028 1358 LXX
1046 1301 1099 1373 lyci
1118 1308 1176 1377 cipi
1195 1303 1210 1357 ὁ
1231 1301 1280 1374 uir,
1297 1324 1346 1374 epo
1364 1323 1433 1375 aum,
1452 1308 1502 1375 qui
1519 1315 1565 1360 eat.
1596 1309 1636 1361 Et
1649 1309 1776 1363 dicebat:

81 1385 155 1439 tuuc
184 1383 333 1439 maumam
360 1401 420 1437 caac
446 1383 590 1436 sciturum
619 1383 808 1451 ipucrcutiam
825 1384 922 1450 fateri
948 1389 996 1444 Sic
1010 1391 1086 1444 dicer
1096 1391 1166 1453 filiis
1182 1392 1277 1446 Iarcc'l
1295 1393 1385 1466 ³22¹}ss
1408 1409 1455 1445 erc
1473 1390 1489 1445 ὁ
1508 1390 1554 1457 ὤν,
1573 1395 1622 1462 qui
1638 1402 1684 1458 eat,
1701 1395 1777 1451 mut
1816 1404 1821 1408 '

80 1471 188 1527 aurit.
946 1493 988 1528 mc
1014 1477 1055 1528 ad
1079 1494 1135 1530 voa.
1158 1494 1184 1530 v.
1207 1484 1251 1532 15:
1282 1480 1322 1531 Et
1347 1478 1458 1531 dicebat
1486 1479 1607 1548 amplier
1632 1481 1712 1534 Deua
1736 1482 1829 1536 cdlll·
1844 1486 1864 1527 ⁵·

118 1563 142 1612 6.
169 1556 212 1610 Ex
236 1555 337 1627 quibus
363 1553 446 1609 facile
462 1553 639 1625 intelligitur,
668 1555 736 1626 quid
753 1555 919 1626 responden·
946 1561 1077 1629 Moprcu:
1097 1563 1145 1616 Sic
1163 1564 1238 1616 dicer
1246 1564 1320 1630 filiu
1331 1563 1434 1627 Israel,
1453 1565 1580 1618 Jetorclr
1595 1564 1686 1637 κύριος
1698 1569 1777 1622 Deus

81 1644 151 1699 dnm
174 1642 210 1697 sit
232 1642 269 1699 ad
294 1658 341 1706 ea,
367 1642 468 1712 quibus
494 1658 600 1696 ornnem
624 1643 659 1697 de
678 1641 739 1696 Deo
757 1641 919 1712 disputatio·
942 1656 1057 1715 patrum
1080 1656 1248 1718 ceruorum,
1268 1651 1348 1703 Dour
1365 1650 1526 1719 Atratum,
1550 1652 1630 1704 Deua
1647 1654 1733 1707 Iecur
1751 1662 1777 1708 ct

82 1747 149 1785 nem
182 1728 348 1799 prohibitam
387 1745 447 1783 esse
481 1728 595 1799 quidam
625 1729 742 1798 probare
777 1735 919 1782 conantur.
947 1734 1025 1786 Deua
1044 1733 1143 1800 Jacob,
1161 1735 1237 1788 misit
1254 1752 1296 1788 mc
1315 1737 1355 1788 cd
1371 1753 1433 1800 voa,
1450 1736 1501 1790 lice
1518 1744 1558 1790 cat
1585 1727 1652 1812 'lulli
1680 1754 1778 1797 mmor

84 1822 109 1873 1.
126 1814 209 1870 Prov.
229 1821 270 1882 25,
289 1831 314 1868 r.
334 1820 381 1869 27:
402 1814 548 1869 Scrrrtctor
568 1816 725 1884 mchstutia
746 1815 920 1884 opprimetur
945 1835 1033 1871 meum
1049 1820 1079 1871 iu
1100 1828 1248 1873 aeteruum.
1285 1820 1328 1874 Ex
1357 1838 1412 1891 quo
1435 1820 1598 1892 intelligitur
1621 1823 1696 1880 idem
1717 1840 1777 1880 esse

82 1920 104 1956 a
120 1902 224 1971 picria,
244 1916 307 1954 cum
324 1916 378 1970 quo
392 1899 521 1971 congruit
531 1899 601 1953 illud
614 1897 744 1955 Siracidis
756 1917 782 1954 c.
795 1904 818 1968 ³,
832 1918 859 1953 v.
872 1906 918 1956 22:
946 1906 1032 1978 ³3³,ss
1057 1921 1103 1959 cro
1121 1912 1150 1961 et
1169 1896 1250 1980 apr}
1274 1922 1322 1960 ene
1341 1905 1398 1963 sive
1412 1906 1539 1976 essentia,
1558 1907 1603 1962 cui
1620 1909 1777 1964 addendum

82 1989 200 2044 Αἰθίοπα
224 1995 250 2042 te
270 2003 305 2039 ue
329 1987 483 2055 querereris
500 1994 526 2039 ct
537 1987 668 2052 fortiora
684 1995 710 2039 te
727 2003 762 2040 uc
777 1988 917 2041 scruteris.
944 1988 1057 2042 tertium
1075 1992 1115 2063 π’,
1138 1990 1212 2062 quod
1228 1996 1270 2045 eet
1280 1997 1452 2046 conuectum
1465 2009 1498 2047 ex
1509 1991 1643 2049 Jehorah.
1677 1995 1777 2060 Quem·

81 2076 167 2146 Resp.
185 2071 411 2143 distinguendum
430 2071 502 2127 inter
519 2071 595 2140 piam
606 2087 708 2139 eorum,
727 2087 799 2143 quae
810 2072 846 2127 de
857 2071 919 2126 Deo
944 2075 1093 2130 admodum
1109 2074 1195 2146 igitur
1212 2091 1230 2129 a
1248 2079 1319 2149 unit
1342 2094 1393 2147 per
1420 2076 1528 2132 literam
1558 2078 1778 2137 heemanthicam

83 2164 115 2218 in
132 2159 282 2230 scripturis
299 2158 424 2212 revelata
440 2161 557 2224 exstant,
577 2157 785 2212 meditationem
802 2166 832 2235 et
847 2158 918 2213 inter
944 2163 956 2193 ³
979 2159 1113 2214 formatur
1135 2178 1234 2217 nomen
1258 2163 1399 2233 proprium
1416 2163 1510 2238 Ρφξῖ,
1538 2164 1574 2220 ab
1592 2167 1655 2238 ³177,
1681 2167 1778 2223 eadem

83 2247 258 2305 temerariam
289 2261 344 2298 uon
374 2243 556 2298 revelatorum
583 2244 841 2313 perscrutationem,
871 2244 919 2298 illa
944 2246 1051 2301 ratione
1075 2246 1222 2301 deducitur
1247 2264 1347 2302 nomen
1366 2239 1459 2323 :pun
1475 2248 1516 2303 sic
1534 2266 1552 2303 a
1580 2251 1673 2306 radice
1709 2254 1777 2327 nm

68 2338 236 2406 praecepta
255 2338 310 2394 est,
333 2329 402 2382 haec
415 2346 491 2387 ¹rero
514 2328 662 2399 prohibita
697 2329 830 2385 Dicamus
852 2347 918 2402 ergo
944 2332 988 2386 vel
1011 2333 1080 2405 ³2³,
1102 2332 1180 2402 (quia
1197 2332 1293 2388 literae
1310 2333 1398 2388 Ehevi
1416 2340 1482 2389 sunt
1500 2333 1679 2404 εὐμετάβολα
1696 2336 1777 2395 litera

83 2437 149 2476 uum
165 2417 267 2474 Bemh.
285 2433 364 2471 serm.
386 2421 427 2470 26.
445 2413 474 2469 in
495 2415 589 2471 Cant:
624 2418 689 2470 Nou
711 2434 822 2484 vercor,
842 2419 919 2488 quod
946 2424 957 2451 ³
982 2418 1012 2472 in
1032 2424 1043 2468 l
1062 2422 1179 2482 mutata)
1203 2433 1254 2488 per
1276 2418 1415 2472 literam*
1437 2418 1577 2473 nominum
1604 2421 1776 2493 propriorum

85 2506 237 2576 Smptrrrc
268 2505 391 2556 miratur
419 2503 619 2556 scrutatoribus
648 2505 819 2572 majestatie,
850 2506 917 2574 quic
944 2504 1119 2559 formativam
1148 2504 1295 2561 deducitur
1321 2522 1421 2560 nomen
1448 2504 1575 2560 Jehovah
1602 2507 1687 2562 solius
1719 2509 1776 2565 reri

84 2593 240 2663 aimplr'ccm
259 2599 285 2643 et
299 2608 403 2658 purum
421 2591 510 2658 affero
531 2591 654 2658 oculum,
680 2608 729 2644 uec
747 2608 849 2659 mcum,
867 2594 919 2645 ced
944 2590 999 2645 Dei
1016 2590 1166 2661 proprium.
1202 2589 1388 2661 Hieronymus
1413 2590 1450 2645 ab
1474 2590 1601 2646 Oleastro
1626 2592 1776 2651 Lusitanus

85 2680 145 2735 Dei
160 2682 216 2733 mci
232 2694 336 2746 quaero
355 2676 484 2743 ploriam,
503 2694 523 2729 a
540 2695 595 2746 qua
609 2678 732 2745 prolude
750 2695 805 2730 uon
823 2680 918 2747 oppri-
944 2677 1015 2731 hanc
1034 2674 1230 2747 etymologiam
1248 2675 1284 2730 ab
1301 2676 1362 2746 ipso
1378 2676 1440 2731 Deo
1458 2683 1638 2732 monstratam
1655 2687 1776 2750 praeter-

82 2785 160 2834 utar,
186 2765 239 2817 ced
262 2764 303 2816 cd
325 2780 386 2816 earu
411 2763 561 2831 admittar,
588 2763 715 2831 alioquin
733 2782 785 2818 suc
803 2765 918 2833 quiaque
945 2763 1029 2818 mittit
1048 2762 1187 2817 deducam
1205 2762 1241 2816 ab
1262 2763 1340 2838 Hip]
1359 2763 1502 2831 contritio,
1519 2765 1673 2833 percuciet,
1690 2772 1724 2818 ut
1740 2765 1777 2829 sit
1789 2773 1828 2813 111.
1842 2772 1862 2814 ὓ.

84 2851 261 2922 opprimitur,
279 2866 336 2903 rou
353 2849 413 2901 Dei
431 2847 534 2915 pluria,
553 2850 619 2902 dum
635 2850 770 2917 proclivis
787 2850 817 2903 r'u
835 2851 919 2906 irtcru
944 2848 1049 2904 notatio
1075 2847 1111 2903 ab
1140 2847 1256 2918 affectu,
1281 2850 1331 2904 sed
1359 2849 1556 2920 etymologiam
1581 2849 1657 2905 illam
1678 2852 1776 2918 merito

85 2941 128 2993 ad
143 2938 225 2993 illum
245 2937 337 2991 lauare
353 2935 493 3004 ceruicem,
510 2953 566 2989 unu
584 2937 688 2990 uiuitur
704 2937 837 2990 nimirum
853 2955 917 3006 prc-
944 2935 1092 3008 chicimus.
1129 2934 1220 3006 Apoc.
1242 2941 1271 3005 1,
1294 2953 1311 2988 r
1335 2941 1352 2992 4
1370 2936 1517 3007 exponitur
1539 2935 1592 2992 hoc
1610 2955 1711 2994 nomen
1728 2937 1776 2993 tri-

85 3042 144 3081 cem
178 3024 348 3094 cupiditate,
384 3023 438 3076 huc
472 3039 588 3075 srmusc
622 3039 717 3076 secure
755 3032 917 3078 scrutemur.
944 3023 997 3078 bus
1014 3021 1140 3091 vocibus,
1164 3019 1178 3074 ὁ
1199 3019 1251 3087 ὢν,
1275 3018 1341 3089 ὁῆν
1360 3028 1405 3077 rut
1424 3022 1439 3076 ὁ
1458 3021 1607 3092 ἐρχόμενος
1637 3024 1694 3078 sive
1717 3022 1776 3079 lui·

87 3109 210 3171 Scrutari
232 3110 407 3180 majestatem
423 3126 478 3164 non
498 3115 541 3164 est
557 3125 591 3163 ex
609 3107 770 3180 Scripturis,
798 3109 866 3180 quid
884 3110 919 3166 de
944 3129 1036 3183 μενος,
1054 3107 1121 3180 quia
1140 3107 1212 3162 enim
1227 3106 1349 3164 Hebraei
1365 3108 1513 3181 praeterito
1531 3108 1641 3179 saepius
1660 3117 1776 3175 utuntur

87 3196 149 3251 Deo
170 3195 200 3252 'et
224 3195 306 3251 rebus
334 3194 434 3249 divinis
457 3195 634 3273 statuendum
653 3195 697 3263 sit,
715 3195 821 3251 discere
839 3195 917 3263 velle,
945 3212 994 3266 pro
1006 3191 1144 3265 praesenti
1160 3196 1188 3246 et
1203 3192 1304 3261 futuro,
1321 3193 1384 3248 ideo
1407 3196 1484 3267 πῃ
1500 3193 1674 3250 dscmnibue
1687 3194 1775 3256 tribu·

86 3283 145 3338 tale
157 3282 229 3340 urim
242 3279 404 3337 scrutinium
418 3279 544 3335 Christus
560 3280 703 3351 praecepit
714 3279 776 3336 Joh.
794 3289 817 3350 5,
837 3299 863 3334 r.
877 3287 919 3349 39,
944 3279 1115 3351 temporibus
1131 3278 1232 3349 exponi
1254 3286 1358 3349 potest,
1384 3281 1510 3353 quamvis
1535 3280 1617 3350 juxta
1640 3298 1777 3353 pamma,

86 3369 137 3426 sed
159 3367 294 3439 mysteria
318 3366 411 3421 divina
434 3367 472 3421 ad
495 3366 608 3422 rationis
634 3367 754 3423 calculos
781 3384 918 3427 revocare.
945 3368 1029 3423 ticam
1046 3367 1245 3438 proprietatem
1272 3369 1351 3441 πῃ
1369 3364 1437 3435 fuit,
1456 3369 1538 3441 affl!
1566 3368 1618 3423 erit
1642 3374 1672 3424 et
1710 3359 1776 3443 ³227

85 3455 225 3511 hnmanae
246 3452 432 3523 indagationis
453 3452 559 3507 trutina
582 3453 679 3509 eadem
707 3455 863 3509 examinare
891 3459 920 3509 et
946 3471 995 3510 ens
1012 3451 1158 3524 significet

85 3539 199 3612 angusti
225 3538 381 3594 intellectus
410 3538 580 3609 decempeda
606 3538 752 3595 immensos
778 3539 920 3612 religionis
981 3546 1003 3596 Β.
1021 3540 1145 3596 Deuotat
1162 3540 1247 3611 igitur
1264 3557 1316 3595 roa
1333 3539 1459 3595 Jehovah
1480 3545 1503 3596 1.
1521 3539 1574 3595 Dei
1592 3538 1777 3609 αὐθύπαρξιν,

85 3643 168 3698 agro·
188 3623 296 3681 emetiri
311 3618 391 3680 velle.
423 3624 499 3680 Nihil
516 3624 543 3678 h„
557 3625 575 3678 l.
593 3625 714 3681 dicemus
734 3626 769 3681 de
785 3643 825 3691 eo,
845 3627 919 3699 quod
946 3627 1021 3699 quod
1037 3642 1088 3696 per
1104 3642 1135 3680 se
1152 3625 1298 3696 subsistat,
1325 3643 1376 3682 nec
1396 3627 1433 3683 ab
1451 3626 1506 3682 alio
1523 3643 1575 3682 nec
1593 3626 1623 3681 in
1639 3625 1694 3681 alio
1712 3624 1777 3681 scir

84 3713 114 3771 iu
132 3717 211 3779 texta
229 3709 359 3767 Hebraeo
379 3710 465 3765 rerba
480 3711 591 3781 proprie
614 3710 654 3767 ric
679 3711 797 3768 habent:
825 3712 918 3769 Come·
945 3712 1098 3769 sistentiam
1116 3712 1232 3782 habeat,
1256 3729 1319 3768 cum
1341 3712 1448 3784 reliqua
1466 3713 1559 3768 omnia
1576 3713 1651 3768 entia
1667 3712 1724 3768 sint
1741 3712 1778 3768 ab

85 3801 152 3855 dur
176 3798 232 3852 mel
257 3798 471 3867 multiplicando
498 3815 554 3850 uou
575 3797 675 3851 bouum
698 3806 724 3852 et
743 3800 919 3868 iuueatipatr'o
945 3799 1019 3870 ipso,
1043 3799 1156 3862 inipso
1181 3804 1210 3854 et
1234 3798 1401 3869 peripsum.
1423 3797 1537 3854 Hieroa
1561 3798 1591 3853 in
1608 3815 1633 3852 c.
1651 3804 1674 3855 3.
1694 3798 1778 3870 Epis:

83 3886 194 3954 auriae
217 3885 331 3939 illorum
351 3884 456 3951 'plurim
496 3889 518 3938 2.
539 3883 618 3938 Rom
645 3889 694 3953 11,
716 3902 742 3938 r.
766 3891 813 3940 34:
850 3887 919 3948 Quia
946 3886 1010 3954 Epo
1027 3903 1096 3957 eurr,
1124 3887 1175 3956 qui
1192 3904 1269 3953 rum,
1296 3902 1345 3953 epo
1370 3885 1448 3939 actua
1468 3902 1542 3952 aum,
1567 3885 1634 3954 quia
1658 3885 1736 3940 eoluc
1759 3905 1779 3940 c

84 3972 334 4041 ccpaors‘tacuauru
348 3971 485 4024 Domini!
517 3969 601 4041 Reap.
619 3986 653 4025 ex
668 3976 691 4026 i.
712 3969 773 4025 Cor.
792 3978 815 4041 2,
834 3991 860 4030 v.
877 3979 920 4029 10:
947 3988 988 4025 ruc
1006 3973 1067 4042 ipro
1090 3973 1268 4041 tacueras,
1295 3970 1373 4025 colcu
1397 3988 1469 4038 eum,
1488 3971 1555 4041 quic
1573 3971 1609 4024 ab
1635 3971 1694 4026 clio
1722 3990 1778 4027 ucu

86 4059 177 4115 Nubis
194 4057 328 4112 ructarit
344 4059 426 4111 Deua
443 4074 498 4127 per
518 4056 653 4126 Spiritum
671 4075 765 4120 auum,
784 4065 813 4112 et
829 4077 854 4113 r.
877 4064 920 4116 16:
946 4077 1005 4111 aum
1032 4067 1148 4111 creatur.
1192 4057 1269 4112 Deus
1294 4055 1435 4112 verissime
1463 4057 1635 4128 maximeque
1664 4057 1774 4127 proprie

89 4145 159 4208 Quia
184 4145 311 4214 copuccr't
334 4160 444 4198 esurum
463 4143 592 4213 Domini,
618 4145 680 4212 quic
696 4144 818 4198 iurtrrut
836 4148 921 4199 cum!
946 4144 1048 4198 dicitur
1065 4161 1133 4210 esse,
1153 4143 1220 4215 quia
1236 4160 1269 4197 ex
1284 4160 1313 4197 se
1325 4142 1386 4212 ipso
1398 4141 1483 4197 habet
1499 4159 1566 4211 esse,
1584 4159 1636 4198 nec
1649 4150 1690 4198 est
1702 4143 1776 4197 aliud

84 4250 138 4289 uua
154 4240 246 4288 autam
263 4248 372 4284 seucum
388 4230 497 4284 Curiati
512 4230 651 4284 tutemus.
685 4229 920 4302 Distinguendum
947 4246 1029 4301 quam
1049 4247 1129 4284 suum
1148 4245 1215 4283 esse.
1253 4235 1276 4284 2.
1296 4229 1472 4282 eminentiam
1489 4246 1574 4298 cuper
1591 4246 1684 4283 omnaa
1702 4245 1778 4282 crea·

85 4319 173 4391 igitur
189 4318 260 4373 inter
273 4316 382 4387 judicia
395 4315 450 4370 Dei
467 4315 578 4371 occulta
595 4321 625 4372 et
638 4317 771 4387 mysteria
789 4317 818 4373 iu
835 4316 921 4373 verbo
947 4324 1033 4369 turca.
1071 4314 1203 4379 Quolibet
1219 4312 1330 4369 nomine
1347 4314 1545 4369 determinatur
1562 4314 1662 4385 aliquis
1680 4314 1778 4371 modu

85 4404 218 4462 revelata
242 4402 324 4456 Deut.
352 4407 399 4468 29,
424 4419 449 4454 r.
477 4407 524 4458 29:
557 4401 635 4464 Quae
659 4403 826 4459 abscondita
848 4413 920 4470 auur,
947 4400 1090 4470 essentiae,
1107 4401 1157 4455 sed
1174 4400 1227 4455 hoc
1244 4417 1344 4456 nomeu
1360 4400 1468 4457 debora
1485 4400 1500 4454 ὁ
1519 4380 1567 4468 cist
1586 4403 1636 4469 qul
1652 4409 1700 4463 cat,
1717 4399 1778 4457 nul-

86 4489 212 4553 Domino
236 4490 301 4542 Dec
330 4496 442 4555 nostru·
471 4495 496 4540 et
522 4489 658 4555 reuelato,
690 4490 770 4544 cotia
800 4497 826 4544 et
846 4491 921 4559 filiis
947 4486 1005 4541 lum
1022 4486 1134 4541 modum
1151 4485 1261 4541 urendi
1279 4485 1456 4556 determinat,
1482 4486 1530 4541 sed
1553 4504 1583 4541 se
1599 4485 1686 4542 habet
1700 4485 1778 4541 inde·

85 4576 191 4631 nostrie
209 4590 295 4642 usque
312 4574 342 4626 iu
359 4573 495 4643 errulum,
514 4582 546 4626 ut
564 4575 708 4639 feriamur
727 4576 821 4629 omnia
838 4576 922 4630 uerba
947 4573 1105 4641 terminate,
1128 4578 1160 4626 ut
1177 4571 1349 4643 significetur
1368 4571 1459 4627 Deum
1482 4588 1543 4628 esse
1568 4589 1617 4628 ens
1641 4589 1726 4642 supra
1751 4578 1780 4626 et

86 4662 159 4732 lupia
174 4660 267 4730 irrupere.
306 4658 434 4715 ceumm
454 4659 580 4714 doctriua
600 4660 635 4716 de
655 4659 716 4717 Deo
736 4667 845 4717 constat
862 4669 921 4716 tum
948 4660 1020 4714 ultra
1037 4659 1129 4714 omnia
1151 4665 1251 4713 creata
1288 4663 1312 4712 ³.
1336 4666 1530 4712 uecturcrum
1552 4676 1571 4711 c
1589 4661 1653 4713 Dec
1677 4661 1779 4727 depau-

85 4745 294 4820 ὄνοματολογίᾳ
323 4753 382 4800 tum
418 4748 656 4817 πραγματολογίᾳ.
704 4746 920 4819 Ὀνομαιολογία
949 4748 1079 4802 dentium.
1117 4744 1197 4810 Quod
1217 4749 1259 4799 eet
1278 4760 1311 4797 ex
1328 4760 1358 4798 se
1375 4750 1403 4798 et
1420 4761 1471 4814 per
1488 4760 1516 4798 se
1534 4744 1602 4811 ule,
1631 4760 1715 4799 causa
1738 4749 1780 4799 su

90 4840 112 4891 1.
143 4837 341 4908 ἐτυμολογῶν,
397 4837 420 4887 2.
451 4831 632 4905 ὁμωνυμίαν,
683 4837 707 4887 3.
741 4841 922 4904 συνωνυμίαν
948 4851 1056 4900 eorum,
1079 4847 1152 4903 quae
1176 4835 1242 4885 sunt
1265 4829 1333 4884 talia
1354 4847 1404 4899 per
1423 4829 1670 4901 participationem.
1702 4829 1779 4885 Deus

87 4921 216 4994 explicat
259 4922 500 4992 Ilpuypuroloylc
529 4918 637 4983 duobus
662 4919 814 4975 absolvitur
838 4939 921 4976 mem·
947 4921 1010 4976 ideo
1027 4925 1143 4973 vocatur
1159 4916 1286 4970 Jetooclr
1304 4914 1363 4970 etri
1383 4913 1430 4980 uir,
1460 4916 1526 4987 quia
1542 4933 1598 4970 non
1616 4917 1704 4971 solum
1721 4916 1781 4987 ipra

87 5006 154 5078 bris,
173 5023 288 5079 quornm
306 5006 382 5077 prius
400 5006 431 5058 τὸ
449 5003 499 5070 ὅτι,
519 5008 595 5075 prud
611 5007 647 5059 u't
665 5008 760 5075 Deum
785 5009 921 5077 posterius
949 5013 1002 5074 est,
1029 5005 1079 5058 sed
1103 5003 1186 5058 etiam
1213 5000 1342 5057 omnibus
1367 5001 1476 5055 entibus
1501 5010 1544 5056 est
1561 5018 1646 5057 causa
1664 5003 1780 5072 essendi,

86 5095 118 5153 td
137 5099 168 5148 τί
188 5096 257 5163 ἐστι,
280 5095 350 5162 quid
373 5092 426 5161 eit,
462 5091 596 5161 explicat3
626 5092 662 5148 de
686 5091 803 5163 singulis
826 5095 921 5152 ordine
948 5099 991 5147 est
1020 5090 1139 5147 essentia
1165 5088 1286 5143 omnium
1317 5085 1512 5156 eescntiarum,
1542 5088 1633 5159 ipsum
1663 5088 1781 5160 pelagus

86 5181 261 5239 menas.
905 5192 908 5197 ’
948 5177 1083 5234 essentiae
1106 5174 1243 5230 infinitum
1267 5177 1295 5227 et
1319 5171 1490 5229 immensum.
1513 5174 1615 5231 Bernh.
1636 5175 1683 5232 lib.
1703 5183 1732 5250 5·.
1746 5175 1781 5235 de

948 5264 1052 5321 consid.
1069 5263 1107 5319 ad
1123 5262 1238 5332 Eugen:
1257 5261 1336 5315 Deua
1356 5268 1403 5327 eat,
1422 5263 1563 5330 quadrat,
1582 5263 1615 5316 id
1632 5270 1683 5332 art,
1702 5280 1781 5317 auum

402 5368 609 5380 --·--···
948 5352 1037 5421 r’pu'uc
1056 5358 1082 5404 ct
1100 5348 1219 5402 omnium
1239 5347 1362 5400 aliarum
1378 5363 1470 5400 rerum
1490 5365 1547 5402 case
1564 5349 1626 5418 ipre
1641 5349 1703 5413 eiu,
1722 5351 1782 5419 ipre

949 5432 1088 5491 omnibu*
1105 5441 1144 5487 cat
1176 5451 1211 5486 cc
1236 5449 1290 5502 per
1317 5433 1368 5487 lurc
1395 5434 1601 5502 quodammodo
1629 5435 1707 5497 rclua
1733 5443 1781 5491 ert.

951 5521 1054 5579 Confer
1073 5519 1281 5580 Naaianaeuuar
1300 5517 1329 5575 in
1350 5517 1433 5573 illud:
1460 5518 1523 5592 Ego
1546 5539 1623 5593 rum,
1644 5522 1693 5594 qui
1709 5535 1781 5582 sum.

1397 5623 1453 5679 lt*
