3984 6022
713 275 764 329 DE
784 273 998 331 SCRIPTURA
1018 274 1149 330 SAORA.
1391 276 1396 281 ’
1694 279 1754 339 stt

55 435 129 483 nunt
149 428 186 483 de
202 429 312 485 luxuria
329 445 436 486 comae:
463 432 529 485 Non
552 429 696 484 lucuriori
713 446 762 482 333
779 431 895 483 nimium
908 431 911 553 1
918 430 1034 497 pretori
1051 429 1229 499 Scripturom
1255 438 1279 483 et
1305 430 1356 483 lsoe
1379 428 1410 483 in
1434 427 1558 481 omnibus
1582 427 1662 480 libris
1678 428 1757 491 feeit.

56 531 184 568 33333333
209 516 308 569 sinetis
331 534 451 581 33333,
482 516 549 588 quis
569 514 723 588 lugentium
747 532 807 570 mos
830 514 896 569 olim
923 512 1152 569 Conuenientibus
1178 523 1269 569 33433
1294 515 1367 583 ipsis
1393 515 1423 567 in
1449 530 1533 566 anum
1558 514 1639 582 opud
1662 512 1756 567 Ptole·

57 599 216 656 3333431333
240 618 359 666 comam,
387 608 416 658 34
436 601 467 657 in
484 601 593 673 signum
611 600 704 656 luctus
718 599 858 658 abstinere
879 618 897 656 3
922 618 1030 655 333333
1067 609 1092 655 34
1130 601 1357 670 comparentibus
1396 615 1464 652 3333
1502 598 1757 668 interpretationes,

57 702 169 756 maura,
204 686 394 759 neglectisque
432 686 540 757 capillis
577 685 718 757 incedere,
754 686 785 742 id
820 687 895 759 quod
921 687 1001 739 Deus
1025 688 1201 757 plon'jieotas
1228 694 1282 753 est,
1309 693 1334 737 et
1364 684 1529 753 Scripturas
1558 700 1621 738 uere
1645 685 1756 739 divinae

57 789 166 828 summo
198 771 323 844 pontifici
353 791 408 829 non
438 771 550 827 licuisse
579 773 671 844 ajunt)
710 773 822 831 Numer.
853 778 896 841 28,
921 779 984 824 eum
1008 773 1144 836 33344433,
1169 771 1295 826 omnibus
1318 771 1435 824 eandem
1458 778 1483 823 ot
1502 769 1605 824 3433433
1623 770 1713 823 verbis
1731 778 1756 824 et

57 876 84 912 3.
113 866 143 928 8,
173 859 222 914 ubi
247 865 338 914 textus
362 857 507 914 Hebraeus
534 857 633 914 habet:
665 860 796 930 Populus
818 860 895 914 eolus
922 859 1025 912 eisdem
1047 859 1204 912 nominibus
1227 856 1409 911 recitantibus
1437 857 1473 911 ab
1499 856 1581 910 initio
1608 873 1694 926 usque
1717 856 1758 910 ud

58 946 208 1016 habitabit3
234 945 391 1001 Chaldaeus
408 945 542 1003 reddidit:
570 946 646 1000 Ecce
661 947 787 1043 popalus
801 946 894 1016 poesi·
916 946 1015 1014 finem,
1041 946 1085 998 344
1107 953 1132 998 34
1151 953 1316 1015 praesentes
1340 952 1433 1013 pentes
1457 951 1662 1010 cognoscerent,
1690 958 1755 1012 quo·

58 1033 134 1085 debit
154 987 287 1101 eeeislum,
305 1032 334 1087 14
353 1031 426 1087 enim
444 1031 485 1086 illi
504 1038 671 1103 exspectant,
690 1031 718 1087 in
735 1048 791 1104 quo
809 1030 894 1087 domi
921 1031 996 1084 niam
1010 1047 1065 1099 per
1084 1031 1286 1098 aspirationem
1305 1031 1365 1083 Dei
1381 1031 1581 1099 interpretatae
1597 1035 1661 1082 ment
1681 1027 1755 1083 Sosi-

57 1123 166 1173 neutur.
197 1118 310 1173 Denter.
331 1124 355 1187 4,
375 1136 400 1172 3.
418 1123 459 1174 28
479 1133 503 1172 a
522 1122 598 1181 28,3
600 1123 666 1186 6.4,
686 1117 735 1173 ubi
753 1117 909 1201 Scriptura
916 1125 1026 1185 pterea
1060 1117 1162 1169 Petrus
1180 1124 1204 1169 34
1220 1117 1366 1170 ,lohannes
1385 1123 1410 1169 et
1427 1115 1591 1170 Matthaeus
1609 1113 1756 1168 etPoulue

57 1203 208 1275 praedicit,
236 1205 303 1269 fore
329 1211 360 1257 34
386 1204 511 1258 Hebraei
540 1204 664 1258 33334334
695 1205 752 1257 diis
782 1204 893 1271 34433343,
921 1212 946 1256 34
969 1203 1073 1270 reliqui
1098 1202 1229 1270 43433333
1252 1211 1278 1256 34
1296 1203 1392 1256 boram
1415 1209 1566 1255 3334343333
1588 1199 1755 1270 prophetica

58 1289 215 1349 Chaldaeus
232 1288 285 1344 hoc
303 1290 392 1345 333133
409 1288 447 1345 ab
462 1286 598 1345 Hebraeis
616 1288 725 1344 derivat
739 1291 893 1358 adportes
921 1290 1015 1344 omnio
1034 1289 1075 1342 443
1095 1289 1338 1359 annuntiaverunt,
1363 1289 1597 1359 quemadmodum
1614 1286 1753 1340 seniorum

59 1374 147 1431 Plura
170 1375 206 1431 43
222 1374 384 1448 Tergumim
406 1375 471 1432 3443
492 1375 567 1449 apud
584 1374 704 1448 Fagium
727 1374 870 1448 praeiet'
862 1393 891 1429 ιιι
922 1375 1118 1444 interpretatio
1142 1375 1267 1428 33344334.
1307 1375 1382 1428 Unus
1399 1375 1471 1427 enim
1490 1380 1515 1426 et
1537 1373 1612 1426 idem
1632 1372 1756 1441 Spiritus

58 1460 156 1517 011314.
189 1461 319 1534 paraphr.
348 1466 454 1535 pentat.
487 1479 505 1517 3
533 1479 564 1519 33
592 1479 765 1532 conversam,
804 1462 894 1519 Nean-
921 1462 1008 1525 DEI,
1027 1462 1076 1531 qui
1093 1462 1124 1514 in
1139 1461 1286 1530 prophetie
1304 1461 1415 1528 quidem
1427 1459 1632 1529 praeconiavit,
1649 1459 1711 1528 quis
1730 1466 1755 1512 et

57 1548 138 1602 drum
163 1549 193 1603 in
215 1555 327 1606 erotem.
346 1553 432 1603 sanct.
450 1547 562 1619 linguae
579 1565 643 1620 pag.
663 1555 728 1616 408,
747 1548 893 1604 Η313433ι3
921 1547 1014 1617 qualis
1040 1555 1108 1601 esset
1135 1548 1271 1600 adrentus
1292 1545 1466 1610 DOMINI,
1487 1545 1689 1599 interioribus
1706 1561 1755 1597 ou-

57 1633 196 1689 4134133.
920 1642 974 1687 433
991 1634 1193 1701 interpretetus
1204 1641 1243 1687 est
1259 1633 1332 1700 bene,
1353 1649 1423 1700 quoe
1435 1631 1500 1685 bene
1508 1630 1755 1701 prophetatosue-

919 1726 998 1788 rant,
1027 1719 1087 1789 ipse
1106 1727 1132 1771 34
1157 1719 1188 1771 in
1207 1719 1345 1787 apostolis
1362 1718 1535 1771 annuntiavit
1550 1717 1755 1786 plenitudinem

919 1813 1075 1875 temporum
1093 1804 1256 1874 adoptionis
1270 1804 1383 1857 3334333.
1419 1801 1509 1858 Addit
1525 1801 1616 1867 etium,
1635 1819 1664 1856 33
1675 1803 1755 1855 33344-

919 1891 967 1958 343
991 1892 1110 1944 istarum
1135 1889 1299 1943 cellularum
1321 1889 1402 1958 apud
1419 1887 1625 1942 Alexandriam
1641 1889 1754 1943 uidisse.

918 1975 1031 2033 lustino
1059 1982 1087 2032 et
1109 1976 1224 2031 Irenaeo
1248 1974 1436 2030 assentiuntur
1461 1974 1588 2030 Clemens
1606 1973 1754 2028 Alexandr.

325 2092 544 2157 Homo
576 2094 621 2155 H·
919 2063 969 2120 lib.
996 2069 1020 2120 3.
1048 2060 1175 2119 Stromat
1211 2060 1332 2132 cyrillus
1353 2061 1622 2132 Hierosolymitanus
1650 2058 1754 2116 3343313

919 2157 943 2206 4.
966 2156 993 2205 34
1014 2148 1072 2205 ulii.

98 2230 179 2297 ΒΕ
208 2229 414 2298 GRAECA
443 2232 479 2298 V
508 2233 544 2298 T.
571 2231 839 2299 VERSIONE.
960 2242 1016 2294 608.
1062 2236 1117 2293 Sed
1149 2253 1205 2290 nou
1232 2253 1377 2306 possumus
1399 2234 1533 2289 Graecae
1563 2233 1609 2288 isti
1638 2231 1756 2288 versioni

919 2322 1110 2378 auctoritatem
1152 2321 1342 2377 authenticum
1385 2319 1506 2375 tribuere
1548 2320 1592 2375 rel
1626 2317 1756 2375 Hebraeo

10 2428 12 2448 ι
95 2405 155 2457 504
171 2385 323 2456 Diximns'
316 2418 345 2455 m
359 2406 468 2457 tractat
483 2402 519 2457 43
532 2400 661 2458 methodo
674 2401 760 2456 studii
773 2400 892 2472 theolog.
917 2407 1005 2462 textui
1023 2423 1084 2462 eam
1102 2407 1291 2479 aequiparare
1323 2406 1404 2463 Nam.
1426 2411 1447 2460 l.
1468 2405 1556 2460 versio
1575 2410 1625 2469 est,
1645 2404 1756 2459 minime

10 2481 130 2556 spart
155 2490 179 2542 2.
203 2491 313 2542 43341.
342 2503 364 2542 3
385 2494 401 2543 4
426 2486 601 2542 3331330113]
619 2487 756 2545 emtitisse
773 2485 895 2543 Grooooo
918 2493 1004 2566 igitur
1034 2493 1193 2550 autbertica
1220 2500 1248 2549 et
1277 2493 1402 2564 ejusdem
1430 2509 1493 2547 cum
1518 2490 1648 2547 Hebraeo
1678 2495 1756 2545 textu

59 2571 95 2629 V·
118 2570 151 2626 Τ.
179 2572 330 2642 versiones,
359 2573 407 2629 sed
432 2590 504 2646 quae
529 2573 694 2629 succedente
718 2573 820 2630 celebri
846 2573 895 2628 ille
919 2580 1098 2637 anamnesis.
1126 2585 1149 2636 2.
1174 2579 1203 2634 in
1224 2578 1317 2634 multis
1335 2578 1475 2649 ducrepat
1493 2593 1510 2631 a
1527 2577 1603 2633 sonte
1619 2575 1756 2639 Hebraeo,

59 2655 145 2714 LXX
160 2658 278 2731 interpp.
302 2659 428 2716 versione
444 2659 571 2730 usurpari
589 2659 728 2715 desierint
764 2659 893 2733 144431334
919 2666 1081 2739 praesertim
1103 2666 1133 2720 in
1149 2665 1276 2720 Psalmis.
1312 2664 1455 2730 Quaedam
1479 2662 1577 2732 habet,
1607 2678 1678 2734 quae
1700 2678 1757 2716 nou

59 2743 145 2802 Clem-
163 2745 312 2802 Alexandr·
331 2747 433 2819 legitor
449 2745 577 2802 suomet.
601 2754 622 2803 l·
639 2747 845 2814 34443311ιί34
863 2749 894 2802 43
919 2754 1034 2810 suntin
1058 2758 1136 2809 textu
1153 2752 1296 2820 Hebrae03
1329 2751 1466 2823 quaedum
1489 2748 1605 2815 omittit,
1632 2765 1703 2820 quae
1726 2747 1756 2803 in

61 2829 205 2887 6333333
218 2832 384 2902 Scripturas
401 2834 485 2887 34433
502 2842 567 2887 onte
584 2842 712 2903 tempora
728 2833 893 2903 Alexandri,
918 2839 1047 2895 Hebraeo
1071 2838 1221 2903 habentur,
1244 2843 1276 2892 ut
1296 2836 1484 2908 Hieronymus
1503 2834 1619 2907 praeiet
1638 2834 1668 2889 in
1684 2834 1755 2890 Peu-

57 2918 179 2987 e'ododoo
201 2918 350 2973 Motum
375 2919 511 2974 monenda
536 2920 670 2974 boethio·
710 2918 752 2975 At
772 2919 824 2975 hoo
847 2919 893 2974 vix
917 2932 966 2981 tat
993 2926 1023 2981 in
1052 2925 1131 2995 epist.
1158 2924 1194 2979 34
1212 2923 1326 2980 Suniam
1352 2929 1382 2979 et
1399 2923 1466 2978 314134
1491 2922 1594 2994 passim
1621 2921 1755 2989 ostendit3

56 3011 102 3061 est
118 3004 273 3061 verisimile
306 3005 502 3062 Genebrurdus
521 3012 615 3062 tumen
633 3006 782 3063 mentitur
801 3012 892 3080 putat·
918 3012 982 3068 inde
1000 3012 1135 3084 Origenes
1159 3010 1189 3065 in
1216 3010 1272 3065 suis
1298 3009 1423 3080 hexaplis
1448 3008 1530 3063 LXX
1554 3009 1671 3079 interpp.
1696 3024 1755 3062 ver·

57 3108 114 3164 41114
134 3091 298 3147 wiotum
323 3092 459 3148 (1114144444
476 3091 711 3158 Pontooeuohoms
740 3092 825 3165 idque
843 3092 892 3148 im·
917 3100 1022 3156 sionem
1041 3100 1082 3154 443
1098 3095 1286 3160 concinnavit,
1312 3101 1344 3150 ut
1360 3085 1394 3151 e'x
1411 3112 1445 3150 ea
1462 3095 1522 3151 solu
1539 3111 1595 3150 uno
1612 3095 1755 3165 adspectu,

56 3177 184 3249 posuisse
207 3177 257 3247 iis,
283 3177 331 3250 qui
355 3185 490 3250 negarent
513 3184 601 3234 tetum
624 3195 723 3250 corpus
747 3195 857 3235 versum
875 3196 893 3233 a
919 3185 987 3258 quid
1006 3185 1116 3240 omnino
1133 3184 1163 3238 in
1179 3182 1310 3238 Hebraeo
1328 3189 1407 3247 esset,
1426 3180 1528 3253 quidve
1545 3198 1601 3236 non
1616 3188 1696 3245 33334,
1710 3182 1755 3251 ju·

56 3264 289 3337 septuagintatt
316 3266 466 3339 Angustin
489 3266 536 3322 lib·
557 3271 596 3323 18·
613 3266 649 3321 do
666 3266 718 3322 oio·
735 3266 789 3322 Dei
806 3284 828 3321 o·
847 3272 892 3323 43:
919 3272 1006 3328 dicari
1030 3270 1172 3327 commode
1197 3275 1298 3340 posset
1334 3268 1407 3325 Nam
1434 3267 1501 3339 quis
1527 3266 1568 3322 illi
1591 3267 1755 3338 interpretes

56 3350 129 3406 033
144 3353 254 3418 fuerint
271 3361 297 3407 et
313 3354 369 3407 olii
385 3355 556 3424 interpretes,
575 3355 625 3424 qui
641 3371 673 3408 ee
689 3355 822 3408 Hebraea
838 3355 891 3408 lin·
917 3358 1021 3432 passim
1057 3358 1145 3412 multa
1178 3356 1214 3412 de
1243 3373 1294 3411 suo
1327 3353 1497 3409 addiderunt
1530 3352 1754 3424 explicandarum

55 3456 116 3507 pue
131 3439 163 3491 433
181 3437 323 3493 Graecam
338 3458 423 3495 sacro
441 3441 555 3510 eloquio
573 3441 791 3504 transtulerunt,
820 3440 892 3494 34334
917 3463 1009 3501 rerum
1046 3460 1118 3515 quae
1147 3447 1302 3498 tractantur
1334 3441 1437 3513 gratia,
1468 3439 1556 3495 multa
1585 3439 1668 3495 etiam
1695 3446 1755 3494 teu·

56 3524 182 3594 apua,
208 3525 402 3595 Syrnmoobus,
433 3527 620 3596 theodotion,
646 3528 718 3580 34334
744 3527 828 3580 etiam
852 3535 892 3581 est
919 3548 1003 3603 quam
1023 3545 1229 3600 supervacanea
1247 3527 1374 3583 consulto
1392 3527 1554 3590 omiserunt,
1576 3542 1755 3598 quaecunque

56 3610 113 3664 illa
130 3612 341 3681 interpretatio,
362 3612 443 3681 cujus
461 3621 560 3667 auctor
577 3631 633 3668 noa
650 3621 786 3683 apparet,
815 3620 841 3666 34
859 3614 892 3666 ol
918 3633 1004 3688 supra
1020 3615 1058 3679 id,
1077 3614 1151 3686 quod
1169 3613 1199 3669 in
1217 3613 1345 3670 Hebraeo
1363 3611 1565 3682 continebatur,
1584 3612 1680 3667 addita
1695 3627 1756 3666 esse

56 3696 193 3768 boariae
213 3697 323 3752 nomine
345 3698 507 3767 interpretis
529 3698 628 3769 quinto
646 3699 732 3754 editio
749 3715 891 3768 nuncupa·
918 3702 1045 3772 ridebat,
1073 3719 1107 3757 ea
1130 3699 1232 3756 additis
1258 3698 1385 3756 obeliscis
1411 3699 1487 3754 velut
1500 3698 1656 3771 jugulavit,
1683 3713 1756 3769 quae

55 3790 113 3847 14443
131 3782 205 3838 deoc
221 3792 320 3848 mmm,
340 3801 412 3854 otoo
424 3785 508 3840 LXX
522 3793 570 3855 434,
590 3794 726 3856 tooeetom
740 3785 803 3840 eolo
816 3794 892 3848 44434,
919 3790 1045 3844 deuecta
1063 3793 1154 3856 33334,
1181 3805 1214 3842 ex
1231 3784 1428 3841 Theodotionis
1448 3783 1673 3856 interpretatione
1691 3783 1755 3839 sub·

55 3870 101 3923 343
123 3870 225 3939 recipit
251 3871 381 3936 eeclesia,
408 3889 495 3943 eopse
518 3881 635 3926 3433433·
660 3872 767 3926 Graeci
788 3873 893 3942 populi
918 3875 1008 3932 stituit
1034 3881 1063 3930 34
1086 3873 1224 3930 asteriscis
1246 3871 1360 3928 notavit
1389 3878 1413 3928 0.
1432 3888 1494 3935 mon
1517 3869 1573 3926 4314
1596 3886 1704 3942 semper
1726 3871 1756 3924 in

57 3955 229 4021 Chrs'atiani,
247 3976 364 4027 quorum
376 3959 516 4028 plerique,
534 3967 627 4012 utrum
645 3958 745 4028 aliqua
765 3959 803 4012 sit
821 3957 891 4033 alia,
918 3962 1051 4019 eeclesiae
1066 3978 1133 4024 usu,
1153 3965 1224 4016 teste
1245 3959 1317 4014 33113
1335 3957 1480 4031 Sigeberte
1497 3956 1527 4012 in
1542 3955 1671 4012 chronic.
1688 3965 1756 4027 post

56 4043 200 4112 ipsoram.
222 4042 404 4101 Occasionem
421 4044 496 4100 illius
513 4044 645 4100 333313313
661 4044 765 4100 ibidem
782 4060 815 4100 ex
829 4043 891 4099 Ari·
919 4048 1087 4116 Hieronymi
1102 4048 1254 4102 3333433333
1273 4045 1447 4099 inserendis
1465 4043 1563 4097 baberi
1573 4044 1637 4110 seit
1651 4051 1755 4112 coepta

55 4134 143 4193 staeo,
160 4129 291 4201 Josepho,
307 4130 424 4188 Philone
441 4138 470 4187 ot
486 4130 598 4186 Juetiuo
615 4129 797 4202 exposuimus.
832 4131 891 4186 Pri·
920 4144 944 4192 4.
987 4134 1099 4191 mendas
1129 4133 1159 4188 in
1188 4130 1391 4202 chronologicis
1421 4129 1541 4186 numeris
1569 4128 1655 4184 habet
1684 4145 1755 4184 com·

55 4214 170 4272 mitivse
187 4216 321 4273 ecclesiae
340 4216 667 4286 Christianaedoctores,
681 4217 748 4288 quia
766 4217 892 4290 plerique
919 4222 1019 4292 plures.
1067 4220 1112 4274 Ab
1141 4219 1251 4274 Adamo
1281 4218 1317 4272 34
1349 4217 1483 4272 41133433
1513 4220 1642 4271 numerat
1669 4231 1756 4270 annos

55 4300 205 4358 Hebraeae
231 4301 344 4374 linguae
367 4302 458 4358 minus
481 4303 562 4375 gnari
585 4303 713 4372 4333334,
742 4303 892 4374 plurimum
919 4313 1000 4376 2212,
1020 4323 1083 4361 cum
1101 4305 1130 4359 in
1147 4303 1277 4360 Hebraeo
1295 4311 1373 4359 textu
1390 4310 1497 4359 tantum
1515 4301 1670 4358 habeantur
1690 4306 1755 4357 1646

56 4387 171 4444 omnino
200 4386 325 4444 Graecae
354 4388 419 4443 huic
450 4389 569 4445 versioni
594 4389 729 4445 tribuunt
774 4390 891 4462 August
918 4393 991 4448 anni.
1039 4393 1067 4445 A
1096 4389 1199 4445 4413343
1229 4390 1266 4444 ad
1291 4389 1481 4446 Abrahamum
1511 4393 1638 4444 numerat
1667 4403 1755 4442 annes
1768 4409 1796 4448 ιι.
1809 4407 1855 4451 333.

10 4473 106 4538 alib.
127 4479 166 4531 te.
185 4473 220 4530 43
237 4475 311 4529 civit
328 4473 383 4528 Dei
402 4491 425 4530 c.
443 4480 489 4531 233
516 4475 623 4530 Merito
642 4477 796 4530 ereduntur
813 4476 896 4530 LXX
922 4484 1001 4548 1082,
1021 4494 1085 4531 cum
1103 4475 1132 4530 in
1149 4475 1278 4531 Hebraeo
1297 4475 1428 4533 3134292.
1455 4477 1580 4531 Adamus
1599 4474 1700 4529 dicitur
1717 4473 1755 4528 ri-

56 4561 181 4630 irsterpp.
200 4561 343 4630 occepisse
361 4561 492 4628 spiritum
507 4561 712 4630 propheticam,
732 4569 764 4615 ut
782 4562 809 4615 si
824 4563 895 4632 quid
919 4564 992 4620 xisse
1010 4569 1059 4619 230
1078 4562 1172 4632 (juxta
1189 4562 1324 4632 quasdam
1342 4561 1476 4618 editiones
1494 4562 1555 4631 330)
1573 4577 1674 4630 annos,
1691 4577 1756 4615 cum
1812 4619 1819 4643 Ι

56 4647 122 4717 siue
147 4648 316 4702 auctoritate
340 4655 490 4711 33433334,
516 4655 598 4717 atque
618 4648 704 4702 aliter
721 4666 805 4718 quom
823 4656 893 4716 erat,
920 4651 1033 4709 83411313
1054 4648 1208 4722 genuisset,
1227 4666 1290 4704 cum
1307 4647 1398 4704 433433
1415 4647 1537 4702 3334433413
1558 4653 1607 4704 100
1626 4647 1756 4703 annosei

56 4733 138 4804 quod
158 4733 427 4803 interpretabuntur,
450 4734 587 4800 dicerem,
612 4751 700 4804 neque
716 4735 767 4788 lsoe
793 4735 894 4788 diuini·
920 4737 1055 4792 duntaxat
1076 4735 1208 4790 tribuant.
1243 4734 1429 4790 Mathusalem
1448 4735 1598 4790 secundum
1618 4732 1755 4788 Graecam

55 4827 104 4873 tus
133 4834 192 4872 3333
222 4820 325 4873 413433
353 4820 536 4875 dubitaretur.
581 4821 686 4877 irenae.
714 4817 761 4874 lib.
780 4825 804 4874 3.
830 4819 893 4873 adr.
919 4823 1127 4879 translationem
1164 4828 1194 4877 14
1232 4820 1311 4875 annis
1345 4826 1409 4891 post
1444 4821 1577 4876 41133433
1616 4826 1755 4890 superstes

55 4903 165 4962 haeres.
189 4921 213 4960 c.
232 4909 272 4960 44.
295 4922 322 4976 p.
344 4911 399 4964 116.
423 4914 534 4963 3333433
551 4907 692 4964 lustinum
709 4906 739 4961 in
761 4911 829 4961 orat
848 4923 893 4962 ex·
919 4908 1034 4977 mansit,
1062 4906 1135 4963 uude
1159 4923 1261 4978 magna
1279 4907 1365 4962 oritur
1384 4905 1518 4977 quaestio,
1537 4906 1585 4961 ubi
1604 4906 1633 4960 in
1653 4904 1757 4960 4413313

56 4991 158 5047 hortat
176 4990 214 5046 ad
231 4998 305 5063 gent
324 4992 448 5064 singulos
465 4993 494 5048 in
511 4993 628 5065 singulis
646 4992 752 5049 cellulis
765 4991 893 5058 inclusos,
920 4999 1045 5051 servatus
1070 4990 1175 5051 fuerit?
1202 4992 1232 5047 in
1251 5009 1306 5065 quo
1326 4993 1400 5068 nodo
1417 4992 1548 5048 solvendo
1566 4992 1688 5063 August.
1707 4990 1756 5048 lib.

55 5084 89 5134 et
112 5094 131 5132 a
152 5076 270 5149 singulis
295 5084 383 5134 totam
406 5078 576 5150 Ssnpturan
598 5079 698 5134 iisdem
723 5077 816 5134 verbis
836 5096 892 5135 non
924 5088 962 5138 le.
989 5081 1024 5135 43
1048 5079 1101 5136 cir.
1117 5078 1173 5135 Dei
1198 5096 1220 5134 3.
1246 5086 1285 5134 11.
1310 5077 1459 5148 plurimum
1478 5093 1539 5134 sese
1557 5082 1683 5149 torquet;
1709 5076 1758 5133 sed

57 5162 120 5218 eins
143 5161 276 5218 miraculo
291 5163 428 5220 redditam
445 5165 558 5220 mserit:
585 5166 764 5220 Ptolemaeus
782 5164 893 5237 (inquit)
922 5184 955 5223 sx
992 5170 1069 5220 textu
1094 5163 1234 5220 Hebraico
1262 5161 1403 5233 colligitur
1438 5162 1530 5233 ipsum
1557 5162 1655 5219 eodem
1684 5179 1757 5220 auno

57 5251 277 5319 &perimentum
304 5266 398 5303 eorum
421 5250 581 5320 (seniorum)
605 5267 712 5305 333333
743 5251 837 5306 334333
868 5260 894 5306 34
921 5251 1007 5308 fuisse
1025 5254 1338 5321 nonnumquam
1357 5246 1462 5308 diluvio
1473 5248 1528 5304 fuit
1536 5249 1644 5305 obruta
1668 5249 1759 5306 douae

57 5342 191 5402 33443434,
210 5350 245 5388 ne
261 5335 340 5400 sorte
359 5337 558 5392 eonsentientes
578 5353 639 5392 eam
652 5337 803 5402 ceritatem,
823 5354 896 5409 quae
923 5344 946 5395 3.
973 5337 1003 5392 in
1020 5336 1130 5392 Graeco
1147 5340 1201 5390 est:
1234 5335 1338 5390 Adbuc
1365 5342 1421 5389 tres
1447 5335 1523 5400 dies,
1549 5343 1573 5389 34
1602 5336 1760 5391 &eruetur

57 5420 172 5476 main
182 5419 347 5490 Scripturie,
356 5421 556 5476 absconderent
564 5439 619 5491 per
630 5423 896 5493 interpretationem
922 5424 1030 5479 Niniue
1073 5420 1129 5477 Sed
1157 5419 1291 5477 rectiue'
1282 5439 1312 5476 ιιι
1333 5417 1412 5476 te'xtu
1435 5420 1574 5478 Hebraico
1599 5421 1758 5479 authentico
1792 5477 1796 5482 ,

53 5520 200 5577 aaran
217 5522 264 5562 eor
281 5507 348 5561 ab'
335 5506 452 5561 33334333
462 5509 558 5578 jusit
571 5525 664 5564 333333
678 5509 796 5563 eandm
811 5495 986 5582 irneripost
1003 5515 1037 5566 40
1056 5507 1116 5563 dies
1134 5506 1248 5564 33141333
1266 5506 1292 5562 34
1310 5505 1497 5578 denuntiatur,
1515 5507 1561 5562 vix
1579 5507 1653 5564 enim
1670 5507 1759 5562 tribus

1396 5615 1429 5665 15
