3984 6022
213 275 271 333 ι..
919 257 1042 314 nocue
1060 257 1203 315 paruus

208 437 270 475 rum
294 417 449 473 ministerio
472 415 501 470 in
523 413 729 486 praedicatione
740 411 828 468 uerbi
846 416 982 483 occupato
1000 427 1045 465 ac·
1056 408 1060 479 l
1071 427 1123 465 cue
1141 410 1169 464 in
1188 408 1337 482 Scripturis
1356 408 1483 483 proponi.
1507 414 1534 465 2.
1552 412 1610 464 Pes·
1625 417 1712 466 mam
1729 411 1905 482 mmsis

208 502 337 575 cipienda
355 507 427 559 suut.
465 507 488 557 4.
513 500 568 556 Illa
585 499 647 571 ipsa
664 499 750 554 verba
767 516 793 552 v.
815 504 858 554 16:
888 499 981 552 luceat
998 488 1255 557 luelBellarminus
1284 495 1416 568 intelligit
1443 495 1488 551 vel
1515 495 1626 568 singula
1650 494 1821 567 Scripturas·
1834 496 1906 564 loca,

209 597 302 646 uestra
319 606 415 644 corum
434 587 604 655 hominibus,
624 585 771 640 includunt
788 583 930 640 doctrinae
947 583 1045 651 lucem,
1070 582 1115 637 rel
1139 598 1187 644 ca,
1213 582 1242 636 in
1267 581 1368 653 quibus
1390 598 1497 637 summa
1515 581 1656 638 dochinus
1674 582 1802 638 nonnus
1819 581 1906 637 cnivis

210 676 278 750 quia
298 671 470 746 praedicatio
498 671 641 729 doctrinae
658 670 786 726 coelestis
804 677 847 725 est
865 669 1045 742 praecipuum
1071 668 1107 723 ad
1137 668 1254 724 salutem
1284 668 1356 723 scitu
1379 669 1535 729 necessaria
1557 669 1729 740 proponitur.
1769 669 1800 726 Si
1823 669 1907 742 prius,

210 779 280 834 opus
304 765 331 816 et
353 760 460 815 fructus
482 757 615 829 apostoli,
647 757 718 811 sieut
740 754 1046 827 pseudoprophetarum
1070 754 1227 826 argumenti
1249 753 1389 809 conclusio
1413 753 1485 808 falso
1507 754 1586 810 nobis
1603 752 1749 824 tribuitur3
1775 754 1908 825 siposte·

210 847 336 904 doctrina
358 845 459 900 dicim
482 861 577 900 eorum
600 845 712 910 fructus
731 841 830 896 Matth.
855 848 883 909 7,
908 858 932 893 r.
952 846 992 896 20.
1012 856 1045 893 ac
1071 841 1137 911 rius,
1158 841 1319 895 Bellarmini
1336 840 1478 911 responsio
1496 846 1539 897 est
1556 840 1655 899 aliena.
1687 846 1710 897 3.
1731 840 1845 899 Summa
1861 839 1908 895 do

209 929 381 1007 praedicatio
397 930 475 986 verbi
494 935 537 985 est
553 929 733 1001 praecipuum
751 928 820 982 illud
840 926 976 995 medium,
996 942 1047 997 per
1072 926 1178 981 ctrinac
1213 926 1338 982 coelestis
1373 926 1498 983 consistit
1532 927 1562 982 in
1595 927 1659 998 legs
1692 931 1721 982 st
1755 926 1909 1000 evangelio.

211 1019 286 1093 quod
308 1016 433 1073 hominos
452 1016 488 1071 ad
508 1015 656 1070 salutarem
675 1013 729 1069 Dei
749 1013 918 1085 agnitionem
937 1028 969 1066 ac
987 1011 1046 1082 glo·
1072 1012 1185 1068 Summa
1212 1012 1283 1084 legis
1307 1012 1418 1068 moralis
1442 1012 1587 1085 perspicue
1608 1011 1779 1085 proponitur.
1820 1012 1910 1068 Exod.

210 1104 389 1161 miicationem
412 1101 594 1156 deducuntur.
633 1107 656 1156 5.
679 1100 756 1157 Neue
779 1099 836 1154 ulla
857 1103 943 1153 restet
966 1096 1045 1152 dubi·
1076 1105 1113 1154 19.
1141 1098 1224 1154 Dent
1252 1105 1276 1154 5.
1310 1104 1338 1154 ct
1368 1099 1398 1154 in
1426 1098 1521 1153 multis
1546 1098 1615 1154 locis
1642 1099 1677 1155 N.
1702 1097 1737 1154 Τ.
1763 1098 1910 1172 repetitur.

210 1191 293 1259 tatio,
320 1187 459 1260 apostolos
481 1186 655 1258 potissimum
677 1185 783 1240 ratione
801 1184 944 1240 doctrinas
960 1183 1046 1238 fuisse
1073 1184 1186 1240 Summa
1203 1184 1340 1256 evangelii
1359 1191 1415 1251 est,
1438 1185 1583 1242 credentes
1605 1185 1635 1240 in
1658 1184 1800 1241 Christum
1821 1184 1912 1258 gratis

209 1278 300 1332 lucem
322 1272 431 1336 mundi,
460 1271 654 1344 conjungimus
679 1270 771 1325 locum
795 1271 858 1326 Act.
880 1275 923 1338 13,
948 1288 972 1322 v.
998 1271 1045 1324 lt:
1072 1269 1203 1341 consequi
1237 1270 1425 1328 remissionem
1453 1277 1644 1342 peccatam,
1679 1288 1752 1343 quae
1786 1262 1852 1328 Joh.
1888 1277 1911 1327 3.

216 1362 298 1416 Vobis
326 1359 471 1430 oportebat
493 1358 618 1427 primum
648 1356 727 1425 loqui
753 1357 861 1409 ommim
892 1355 963 1423 Dei,
995 1356 1047 1407 aed
1073 1355 1152 1424 Rom.
1171 1361 1195 1412 3.
1220 1355 1283 1411 Gal.
1303 1362 1325 1412 2.
1351 1363 1379 1412 et
1403 1356 1470 1412 alibi
1495 1356 1644 1413 dmhsime
1668 1357 1793 1428 exposita
1810 1363 1912 1414 exstat.

210 1447 342 1520 maenium
366 1445 504 1514 repellitis
527 1444 613 1508 illud,
641 1450 691 1496 etc.
715 1458 776 1495 ecce
799 1442 984 1495 convertimur
1006 1442 1048 1493 ad
1073 1449 1097 1500 4.
1121 1443 1203 1510 Quod
1227 1461 1277 1514 per
1295 1443 1453 1515 Scripturas
1471 1450 1598 1515 apertum
1616 1443 1804 1500 testimonium
1821 1449 1853 1501 ct
1866 1445 1913 1515 ju·

210 1541 310 1605 pentes.
333 1548 358 1586 v.
375 1536 421 1586 tl:
452 1530 500 1584 Sic
524 1529 596 1583 enim
615 1528 763 1598 praecepit
785 1527 864 1580 nolis
891 1528 1045 1580 Dominus:
1073 1529 1176 1583 dicium
1194 1531 1396 1585 controversiae
1414 1548 1469 1585 non
1486 1529 1625 1600 finiantur,
1643 1546 1677 1586 ex
1690 1530 1828 1586 accidenti
1845 1546 1913 1586 con-

211 1618 301 1675 Pacui
316 1625 342 1672 te
360 1617 390 1671 in
406 1616 495 1670 lucem
511 1615 639 1685 pontium.
659 1617 750 1680 c.‘26‚
768 1629 793 1666 r.
815 1617 859 1668 l8:
879 1613 1048 1680 Mittamte,
1072 1614 1170 1687 tingit,
1197 1621 1229 1670 ut
1254 1621 1352 1687 postea
1379 1615 1408 1670 in
1435 1615 1574 1671 solutione
1602 1621 1830 1688 argumenmrum
1854 1633 1912 1672 mo

211 1713 241 1760 nt
258 1705 374 1775 aperias
392 1703 488 1757 oeulos
505 1701 659 1770 pentilium,
678 1709 707 1753 at
727 1706 922 1753 convertantur
940 1716 959 1751 a
977 1705 1047 1751 teue-
1073 1701 1191 1757 nebitur.
1669 1698 1672 1702 ’

211 1792 269 1846 bris
292 1792 334 1844 ael
357 1790 444 1844 lucem
468 1795 517 1843 ete.
541 1785 589 1842 ubi
612 1786 660 1840 lux
683 1785 733 1840 illa
757 1783 903 1840 manifeste
931 1782 1049 1839 refertum
1109 1791 1167 1843 sle.
1194 1793 1218 1842 5.
1248 1789 1294 1841 Ea
1317 1794 1412 1841 euentu
1431 1787 1629 1842 ucddentario.
1665 1786 1862 1859 Quodcunque
1880 1790 1948 1843 cx&

211 1876 248 1932 ad
266 1875 452 1948 apostolorum
470 1871 705 1944 praedicationem
724 1877 753 1927 et
772 1870 935 1926 doctrinam.
971 1875 994 1925 2.
1015 1870 1051 1924 Si
1073 1871 1211 1927 accidenti
1230 1871 1341 1928 demum
1359 1877 1401 1927 est
1419 1871 1567 1928 obscurum
1584 1878 1613 1928 et
1628 1876 1768 1945 opertum,
1789 1872 1862 1927 illud
1879 1852 1958 1935 ωε

211 1964 369 2034 loqueretur
395 1960 536 2014 Dominus
563 1960 599 2013 de
625 1959 685 2012 luce
711 1957 871 2020 doetrinae,
899 1975 954 2010 non
981 1963 1049 2010 essa
1074 1973 1104 2012 sc
1130 1964 1172 2014 est
1195 1958 1382 2029 perspicuum.
1418 1956 1561 2029 Scriptura
1584 1975 1617 2014 ex
1642 1957 1781 2015 accidenti
1799 1949 1958 2014 demum*

211 2066 321 2117 sensus,
350 2047 541 2116 apostolorum
565 2044 729 2113 Scripturas
754 2061 814 2097 esse
825 2042 990 2110 facillimas
1011 2043 1052 2095 ad
1075 2049 1118 2099 est
1142 2045 1261 2101 obscura
1287 2050 1315 2100 et
1338 2051 1443 2116 operta.
1483 2043 1559 2116 Ergo
1582 2060 1616 2099 ex
1638 2062 1668 2100 se
1691 2051 1734 2100 est
1755 2047 1913 2117 perspicua.

211 2133 436 2202 intellipendum,
465 2133 517 2184 sed
539 2129 708 2184 intellectam
731 2129 875 2183 illrntrare
893 2135 1006 2181 mentem
1023 2135 1048 2181 et
1074 2131 1236 2187 &sumtum
1253 2130 1388 2203 probatur
1406 2148 1439 2186 ex
1457 2136 1481 2187 2.
1497 2129 1621 2187 Corinth.
1640 2139 1665 2200 4,
1682 2149 1709 2186 v.
1729 2136 1758 2188 δε
1779 2132 1814 2186 Si
1831 2149 1913 2186 suan

211 2218 325 2274 erudire
350 2218 386 2270 de
410 2217 491 2269 rebus
515 2215 667 2268 altssmmsa
710 2213 765 2270 Sed
789 2213 856 2285 quid
882 2213 947 2267 huic
970 2229 1048 2269 exce·
1074 2218 1177 2288 pelium
1201 2226 1324 2272 nostrum
1351 2224 1392 2270 est
1409 2225 1547 2286 opertum,
1578 2219 1608 2271 in
1626 2218 1687 2286 bis,
1712 2217 1763 2288 pui
1783 2224 1913 2289 pererrat,

211 2304 301 2377 ptioni
335 2300 559 2373 respondendum
597 2300 647 2365 sit,
685 2299 860 2371 exposuimus
896 2303 976 2354 nect
1013 2299 1048 2354 de
1075 2311 1200 2374 opertum
1219 2311 1267 2372 est,
1287 2303 1317 2355 in
1334 2303 1432 2374 pathus
1451 2305 1530 2356 Deus
1548 2301 1632 2372 hujus
1649 2302 1740 2356 amuli
1756 2302 1915 2357 wcaewuit

212 2390 312 2461 Script
332 2385 360 2464 ξ
380 2393 420 2443 77.
455 2385 513 2441 Alii
534 2402 567 2441 ex
587 2383 740 2441 Pontificiis
760 2383 915 2456 excipiunt,
936 2393 1047 2456 aposto·
1075 2390 1170 2445 oculos
1200 2389 1368 2460 infidelium,
1400 2398 1430 2443 ut
1457 2406 1513 2442 non
1537 2388 1648 2457 sulpsat
1674 2388 1714 2442 eia
1740 2388 1914 2444 munimina

211 2477 302 2530 lorum
321 2473 566 2545 praedicationem
583 2472 680 2540 fuisse
704 2479 832 2542 apertam
855 2479 881 2525 et
903 2472 1047 2535 tamnen,
1073 2468 1185 2546 pieriae
1204 2476 1324 2544 Christi,
1342 2475 1393 2530 ubi
1411 2475 1528 2530 observa
1549 2480 1572 2530 1.
1591 2473 1701 2530 nominc
1718 2473 1856 2546 evangelii
1873 2475 1913 2529 in-

213 2563 391 2633 Scrrpturam
408 2559 541 2613 ncn‘esse
562 2574 648 2627 aeque
667 2565 802 2627 apertam.
843 2557 883 2612 At
900 2574 970 2629 quae
987 2562 1048 2628 pot·
1074 2562 1164 2633 telligi
1183 2567 1269 2616 totam
1294 2561 1449 2616 doctrinam
1469 2560 1504 2615 ab
1522 2559 1647 2631 apostolo
1664 2561 1852 2631 propositam,
1875 2561 1912 2616 lo·

211 2654 254 2703 est
271 2645 331 2701 dari
348 2645 436 2714 ratio,
459 2661 509 2699 cur
527 2643 646 2713 apostoli
665 2641 803 2697 voluerint
820 2641 965 2697 obscurius
983 2642 1048 2696 seri·
1075 2648 1170 2720 quitur
1195 2647 1267 2703 enirn
1293 2645 1328 2701 de
1352 2664 1402 2703 suo
1425 2645 1577 2701 ministerio
1595 2662 1620 2699 r.
1643 2653 1663 2703 1.
1701 2651 1725 2702 2.
1747 2645 1913 2717 Apostolum

212 2733 279 2789 bere
298 2747 382 2803 quam
400 2729 573 2802 praedicare,
599 2746 662 2785 cum
680 2729 709 2782 in
727 2734 845 2801 utroque
863 2743 946 2799 opere
964 2746 1048 2783 unum
1075 2751 1146 2789 vers.
1163 2733 1293 2805 praeced.
1314 2733 1349 2789 de
1366 2751 1395 2788 ss
1413 2737 1442 2788 et
1458 2733 1514 2787 suis
1533 2736 1676 2803 ouutpyon
1694 2732 1811 2799 dixisse,
1839 2733 1912 2806 quod

213 2818 386 2889 eundemque
409 2814 492 2870 finem
517 2815 569 2870 sibi
591 2815 739 2871 habuerint
754 2813 944 2886 propositum?
969 2813 1048 2869 Rom.
1075 2821 1105 2875 in
1132 2820 1361 2887 manifestatione
1385 2819 1511 2873 araturis
1536 2819 1725 2872 commendent
1748 2819 1857 2888 sapsas
1873 2820 1914 2874 ad

216 2909 259 2973 15,
278 2921 303 2959 a.
324 2908 348 2958 1.
378 2900 480 2957 1.J0h.
501 2906 530 2970 1,
550 2918 575 2954 v.
594 2906 618 2957 2.
655 2899 697 2955 Ac
717 2900 842 2972 quamvis
861 2900 891 2954 in
906 2900 1048 2971 praedica·
1075 2923 1182 2961 omnem
1201 2906 1398 2961 comedentium
1417 2905 1557 2959 hominum
1576 2922 1670 2959 coram
1689 2907 1771 2975 Deo,
1791 2904 1845 2961 hoc
1864 2912 1911 2975 est,

211 2989 287 3045 tione
312 2987 499 3060 apostolorum
524 2987 661 3060 quaedam
685 2984 788 3041 fuerint
811 2984 923 3042 uberius
949 2991 977 3041 et
994 2986 1046 3041 cla·
1075 2993 1151 3064 qnod
1175 2992 1288 3064 publico
1314 2991 1453 3062 evangelii
1478 2990 1626 3062 praeconio
1654 2990 1800 3047 veritatem
1823 2992 1911 3048 coels-

211 3076 268 3131 rius
292 3074 431 3147 exposita,
457 3080 551 3129 tamen
572 3088 680 3127 summa
702 3071 845 3127 doctrinae
872 3071 997 3127 coelestis
1021 3078 1048 3127 et
1075 3084 1145 3133 stem
1162 3076 1349 3146 manifestent,
1367 3093 1458 3148 neque
1477 3076 1626 3148 quicquam
1640 3075 1858 3133 occultentAct.
1871 3083 1910 3146 20,

211 3161 361 3234 praecipua
387 3159 461 3216 illius
486 3159 579 3231 capita
602 3159 631 3212 in
654 3157 762 3214 illorum
787 3157 897 3228 scriptis
923 3157 997 3213 clare
1021 3164 1049 3213 et
1074 3182 1101 3221 v.
1127 3169 1173 3232 203
1201 3163 1254 3217 hac
1273 3162 1417 3217 occasione
1440 3162 1475 3216 dc
1493 3161 1690 3233 perspicuitate
1709 3163 1861 3234 evangelii,
1882 3163 1909 3217 in

211 3247 358 3319 perspicue
381 3249 581 3318 proponuntur.
623 3242 669 3300 Sic
691 3243 843 3313 prophetae
864 3242 961 3299 itidem
978 3243 1048 3297 rati·
1075 3266 1131 3321 qun
1148 3249 1250 3305 veritas
1270 3247 1398 3304 eoelestis
1418 3246 1624 3317 manifestatur,
1652 3247 1751 3318 incipit
1769 3247 1908 3305 dinem

212 3333 285 3388 cinia
307 3349 359 3386 sna
381 3331 481 3387 clarius
504 3335 533 3385 et
554 3328 667 3385 uberius
690 3328 753 3382 viva
771 3345 839 3384 roco
857 3335 1049 3400 exposuerunt,
1076 3341 1100 3393 3,
1121 3336 1258 3392 Notunter
1276 3334 1430 3405 apostolum
1448 3332 1556 3402 dicere,
1576 3332 1651 3405 quod
1670 3332 1704 3387 iis
1722 3337 1846 3404 tantum,
1865 3339 1910 3406 qui

212 3415 390 3472 nihilominus
416 3421 509 3471 tamen
538 3413 573 3469 de
600 3413 723 3485 ipsorum
749 3413 860 3483 scriptis
889 3415 1050 3486 pronuntiat
1075 3427 1206 3494 pereunt,
1229 3419 1404 3492 evangelium
1422 3421 1459 3474 sit
1476 3425 1611 3491 opertum
1646 3418 1727 3485 Quod
1745 3425 1841 3475 antem
1857 3425 1912 3474 nat

213 3503 328 3571 Petrus,
365 3501 439 3576 quud
476 3500 532 3555 sint
566 3497 666 3569 λύχνος
702 3504 813 3572 φαίνων
848 3499 878 3554 ἓν
915 3499 1049 3578 αὐχμηρῷ
1075 3506 1243 3581 quibusdam
1267 3512 1376 3562 tantum
1400 3513 1442 3562 est
1464 3512 1606 3578 opertum,
1630 3504 1660 3560 id
1682 3523 1738 3562 non
1757 3512 1800 3562 est
1820 3505 1911 3568 duleis

212 3592 296 3662 τόπῳ.
1075 3600 1210 3667 opertum.
1243 3600 1268 3649 1.
1288 3591 1408 3648 Causam
1425 3593 1508 3664 hujus
1527 3593 1568 3648 rei
1585 3609 1642 3648 non
1659 3590 1744 3647 tribui
1762 3591 1818 3663 ipsi
1831 3607 1909 3648 eran·

86 3698 157 3741 aar
249 3682 307 3734 418.
331 3681 355 3732 4.
384 3677 430 3729 Es
454 3673 573 3727 maana
590 3680 616 3727 el
632 3675 766 3728 contentis
785 3675 950 3743 Scripturas
963 3691 1048 3743 prae·
1075 3680 1158 3755 gelio,
1177 3679 1227 3735 sed
1246 3677 1357 3735 diabolo
1374 3678 1500 3735 homines
1519 3677 1686 3734 exoneranti.
1715 3683 1739 3733 5.
1759 3676 1911 3751 Evangeho

86 3749 182 3791 mm
212 3763 312 3833 cipuis.
356 3759 469 3815 Summa
491 3759 633 3814 doctrinas
656 3759 797 3829 cadentis,
820 3776 892 3832 quae
916 3759 944 3813 in
968 3761 1048 3816 deca·
1075 3764 1212 3838 assignari
1232 3763 1362 3821 effectum
1378 3763 1552 3819 essentialem
1569 3771 1597 3819 et
1613 3761 1764 3834 proprium,
1782 3762 1912 3818 videlieet

85 3805 176 3893 :mn
211 3848 291 3920 logo,
317 3845 445 3918 symbolo
467 3845 632 3916 apostolico,
657 3844 781 3901 oratione
797 3844 944 3900 Dominica
962 3851 990 3900 et
1008 3846 1048 3900 in·
1074 3850 1316 3913 illuminationem,
1344 3849 1391 3921 qui
1417 3848 1532 3904 effectus
1552 3865 1584 3904 ex
1604 3846 1740 3903 accidenti
1758 3847 1836 3918 apud
1851 3862 1911 3920 per·

86 3903 197 4005 lim·
211 3932 355 3990 stitutione
374 3935 608 3987 sacramentorum
631 3930 803 4000 continetur,
827 3930 914 3986 habet
933 3929 1048 3987 manife-
1076 3942 1172 3993 euntes
1198 3933 1328 4006 impediri
1355 3933 1463 3988 dicitur.
1499 3932 1701 4005 Conjungimus
1719 3933 1805 3988 etiam
1823 3933 1912 3990 loanni

86 4006 169 4056 snm.
213 4019 335 4077 sasima
371 4015 579 4087 inscripturus
615 4008 1822 4090 testimoniasfundamenta.s0h.a,v.19:Hocalju‹iistan‚qn0alne
1842 4019 1912 4075 ...ει

212 4107 288 4178 Ergo
313 4120 361 4174 ca,
390 4119 462 4176 quae
480 4102 516 4157 ad
534 4101 652 4157 salutem
671 4101 742 4157 scitu
761 4102 924 4173 necessaris,
944 4103 1049 4175 perspi·
1077 4109 1107 4162 in
1137 4108 1269 4162 mundum
1293 4114 1318 4160 et
1342 4105 1499 4160 dileuerunt
1522 4105 1645 4158 homines
1669 4105 1799 4159 lambras
1825 4105 1914 4174 napis

213 4210 265 4250 cue
295 4192 324 4246 in
352 4187 501 4260 Scripturis
519 4192 718 4260 proponuntur.
755 4188 940 4245 Bellarminus
967 4189 1051 4244 aliam
1078 4211 1161 4264 paam
1180 4194 1277 4247 lucem.
1294 4190 1359 4248 Joh.
1378 4196 1407 4259 1,
1433 4209 1458 4245 v.
1478 4197 1507 4246 5:
1537 4191 1599 4243 Iam
1617 4190 1646 4243 in
1664 4189 1784 4243 mnebris
1801 4189 1874 4245 lusu
1889 4195 1913 4244 st

213 4278 293 4334 addit
309 4275 536 4333 conclusionem:
567 4276 647 4343 Erpa
672 4281 730 4328 tota
753 4275 903 4345 Scriptura
927 4282 966 4329 est
986 4292 1051 4346 per-
1078 4280 1204 4333 tenebrae
1229 4295 1290 4333 eam
1314 4295 1369 4331 non
1392 4277 1668 4347 comprehenderunt,
1694 4273 1745 4329 ubi
1769 4275 1913 4347 exponitur

212 4365 329 4436 spieua,·
348 4360 510 4434 respondet,
530 4360 632 4429 aspari
648 4368 673 4414 et
691 4363 914 4431 consequentium
934 4369 959 4415 et
977 4370 1052 4416 ante·
1077 4379 1173 4433 eausa,
1197 4379 1283 4435 quare
1307 4379 1362 4417 non
1387 4378 1481 4417 omnes
1505 4377 1523 4415 a
1545 4359 1616 4414 Filio
1635 4359 1702 4427 Dei,
1730 4358 1779 4431 qui
1803 4367 1847 4417 est
1867 4358 1912 4414 lux

214 4453 321 4506 sedena
361 4447 590 4519 Omnepuentiam
614 4447 692 4516 ideo,
722 4448 790 4517 presa
816 4448 870 4502 etsi
886 4449 981 4501 omnia
998 4448 1052 4502 ali·
1078 4449 1276 4518 essentialiter,
1301 4465 1352 4519 per
1374 4446 1502 4514 verbum,
1530 4445 1604 4519 quod
1627 4449 1670 4500 est
1686 4445 1734 4500 lux
1752 4446 1913 4500 instrumen-

213 4555 268 4608 puo
286 4536 370 4590 modo
387 4536 429 4588 ad
448 4533 501 4587 illa
521 4532 622 4587 reduci
632 4533 756 4604 possint,
783 4541 875 4588 tamen
893 4534 959 4604 ipsa
976 4535 1007 4588 in
1023 4553 1052 4590 se
1079 4535 1188 4599 taliter,
1222 4533 1418 4588 illuminentur.
1465 4531 1602 4589 Nimirum
1639 4547 1725 4586 eausa
1756 4530 1914 4602 merenda

114 4637 198 4683 uest.
213 4621 409 4679 obscurissima
434 4627 511 4689 nent,
537 4626 568 4672 ut
586 4625 667 4688 patet
685 4620 720 4672 cle
736 4619 879 4673 vaticiniis
898 4621 1051 4690 proplieta-
1080 4626 1136 4690 est,
1162 4636 1218 4675 non
1242 4619 1272 4674 in
1288 4617 1341 4674 Dei
1357 4616 1444 4681 Filio,
1468 4633 1519 4672 nec
1543 4616 1572 4670 in
1590 4617 1674 4672 verbo
1691 4616 1855 4687 praedicato
1871 4613 1913 4671 rel

213 4727 284 4778 num,
306 4708 342 4761 cle
363 4705 479 4760 Cantica
499 4704 677 4773 canticorum,
697 4706 732 4758 ele
751 4705 870 4776 epistola
890 4708 932 4760 ad
948 4708 1052 4761 Roma·
1078 4706 1195 4777 scripto,
1224 4705 1274 4759 sed
1301 4703 1330 4758 in
1357 4703 1480 4773 objecto,
1512 4702 1540 4756 in
1567 4701 1635 4772 ipsis
1661 4701 1720 4756 scil.
1748 4701 1912 4758 hominibus.

213 4812 265 4848 nos
283 4801 308 4847 et
320 4789 506 4862 Apocalypsi.
542 4789 716 4844 Arltecedens
734 4798 807 4845 certo
827 4792 927 4847 certius
943 4792 1052 4858 falsam
1077 4791 1190 4863 Excipit
1206 4788 1404 4846 Bellarminus:
1427 4788 1593 4858 Apostolum
1608 4787 1689 4858 loqui
1698 4806 1753 4842 non
1765 4790 1803 4843 de
1814 4786 1912 4842 intelli-

213 4896 271 4934 esse
297 4877 384 4947 diem·
413 4875 441 4929 si
463 4876 535 4930 enim
560 4876 642 4930 clara
665 4877 822 4931 testimonia
844 4880 879 4931 cle
904 4877 964 4932 illis
982 4879 1051 4932 arti-
1076 4880 1170 4948 peritia
1191 4877 1417 4947 Scripturarum,
1440 4876 1493 4929 sed
1514 4876 1550 4928 cle
1572 4874 1728 4943 capnitione
1754 4882 1781 4929 et
1801 4876 1863 4944 fide
1886 4873 1913 4927 ia

213 4966 285 5020 crrlis
310 4970 466 5032 enatarent,
495 4979 588 5017 omnes
613 4963 816 5017 controuersiae
838 4971 926 5018 essent
947 4964 1050 5029 finitae.
1080 4964 1233 5032 fflrssmm,
1258 4978 1342 5032 qulam
1362 4960 1486 5031 apouolr·
1499 4960 1707 5029 praedicabant
1725 4977 1843 5032 eamque
1858 4959 1917 5014 diei

212 5051 295 5123 Rssp.
321 5055 344 5107 1.
369 5066 425 5105 non
449 5063 597 5121 negamus,
625 5044 762 5120 quaedam
780 5047 939 5119 Scripturue
956 5028 1256 5120 samaclperspicuam
1292 5046 1402 5101 ratione
1436 5047 1599 5101 umbrarum
1641 5046 1670 5098 V.
1704 5046 1738 5101 T.
1783 5044 1868 5118 Resp.
1892 5051 1912 5101 1.

212 5137 275 5192 loca
293 5153 353 5192 esse
372 5133 499 5190 difficilia
516 5139 545 5190 et
562 5133 693 5202 obscura,
718 5132 768 5189 sed
786 5134 929 5204 addimus,
955 5136 1051 5192 eadem
1078 5134 1206 5207 Apostoli
1223 5134 1335 5202 cadem,
1358 5148 1430 5206 quae
1446 5132 1525 5203 prius
1544 5133 1710 5200 docuerunt,
1736 5140 1835 5203 postea
1852 5131 1913 5187 scri-

214 5221 260 5278 uel
277 5219 367 5276 sortiri
385 5222 475 5277 lucem
494 5238 528 5277 ex
546 5221 608 5275 aliis
627 5220 779 5292 perspicuis
794 5219 884 5288 dictis,
901 5220 946 5276 vel
958 5237 1066 5291 eorum,
1078 5226 1192 5292 pserunt
1217 5225 1239 5275 1.
1256 5218 1318 5276 Joh.
1341 5225 1369 5286 1,
1395 5236 1420 5271 v.
1440 5223 1455 5273 2
1480 5222 1508 5272 et
1527 5223 1550 5273 3.
1585 5217 1626 5275 Ut
1651 5216 1774 5289 cognitio
1802 5222 1831 5273 ct
1848 5216 1915 5275 fides

214 5307 416 5366 exactissimam
434 5304 646 5377 intelligentiam
664 5323 719 5362 non
738 5324 798 5362 esse
816 5305 852 5361 ad
870 5306 987 5362 salutm
1004 5307 1052 5362 ab·
1078 5305 1211 5377 apostolis
1238 5305 1268 5359 in
1294 5320 1377 5360 carne
1403 5301 1494 5359 adhuc
1520 5302 1679 5358 viventibus
1705 5307 1735 5357 et
1761 5302 1828 5358 riva
1850 5318 1916 5359 roca

213 5392 304 5449 solute
321 5392 513 5449 necessariam.
544 5389 653 5447 Sufficit
669 5392 758 5462 nobis,
777 5391 799 5447 si
819 5393 994 5462 concedatur,
1012 5409 1052 5462 ea,
1079 5391 1253 5464 evangelium
1277 5386 1505 5462 praedicantibus
1528 5386 1708 5443 hauriebatur
1733 5404 1768 5443 ex
1795 5388 1916 5459 ipsorum

213 5495 285 5554 quae
310 5477 347 5534 ad
373 5478 488 5535 eduum
514 5477 587 5534 scitu
605 5477 731 5534 omnibus
749 5477 920 5549 necessaris,
945 5476 1294 5552 perspi-praedications,
1312 5472 1451 5531 sichodie
1469 5471 1642 5546 exipsorum
1660 5470 1772 5546 scriptis
1783 5471 1916 5530 hannem
