3984 6022
235 1182 591 1270 shssuhlssluo
624 1181 683 1261 Ia
714 1179 1027 1264 oubslssluo
1063 1181 1308 1263 PRINGIPI
1339 1184 1400 1265 to
1427 1184 1635 1267 ‘bohlho

484 1399 626 1529 uu.
679 1394 1250 1532 cuu1su1suo
1300 1396 1389 1530 11.

338 1665 373 1741 S.
403 1664 445 1739 R.
471 1660 570 1736 ΙΜΡ.
599 1658 922 1736 SEPTEMVIRO
949 1660 1017 1736 ET
1043 1658 1541 1738 ARCHIMARESOALLO

87 1882 210 1948 auor
229 1876 469 1945 seramus
487 1873 877 1951 sucronemne
896 1874 1128 1940 nonarum
1144 1852 1464 1940 senoensem
1481 1836 1786 1948 recusatores

160 1980 440 2047 neccaram
462 1977 677 2042 mesmes
694 1974 1009 2042 enecassem
1031 1974 1455 2042 nocuerunaanor
1473 1979 1637 2046 concor
1656 1984 1716 2049 uu

318 2080 480 2147 nonae
503 2080 568 2144 ou
589 2078 912 2144 nonenoeane
934 2077 1125 2145 consuo
1146 2077 1207 2143 ru
1222 2077 1539 2146 ostensum

431 2266 647 2324 mcuom
679 2268 735 2323 Μ’
768 2268 942 2325 Domo
974 2267 1067 2324 ΜΕΟ
1099 2265 1452 2325 cmmmsmo

276 2437 453 2494 GRATlaM
476 2437 543 2491 DEI
566 2435 800 2494 PERPETUAM
823 2436 972 2492 IMPERII
997 2435 1369 2512 TRANQUILLITITEM
1390 2428 1597 2493 PERRNNRM

458 2522 644 2579 CORPORIS
663 2522 713 2578 Ao
733 2522 883 2580 ANIMAE
901 2522 1081 2581 SALUTEM
1098 2520 1372 2580 SEMPI'I'ERNAM
1389 2522 1420 2576 P.

92 2819 319 2932 serenissime
339 2867 475 2940 Elector,
503 2866 654 2948 Princeps
677 2868 851 2939 celsissime,
874 2867 1008 2931 Domine
1029 2866 1276 2932 clementissime!
1299 2866 1465 2930 Praeclare
1486 2866 1593 2929 scribit
1613 2863 1781 2930 Cassianus

91 2987 142 3049 lib.
166 2986 191 3049 1.
214 2987 252 3050 tle
273 2987 434 3051 Iacarnat.
480 2983 590 3051 Morbo
611 2990 796 3068 resurgente
818 3005 980 3070 uunquam
1002 3005 1129 3052 cessare
1150 2984 1245 3052 debet
1265 2983 1438 3068 medicine,
1461 2982 1519 3050 sed
1540 2988 1658 3066 quanto
1680 2981 1783 3066 major

90 3103 140 3162 est
169 3095 350 3181 aegritudo,
387 3103 475 3163 tauto
503 3095 708 3172 constantior
725 3096 895 3180 requiritur
923 3096 1053 3163 curatio.
1107 3095 1266 3162 Nimirum
1292 3099 1383 3177 praui
1412 3096 1487 3159 olim
1518 3113 1587 3158 cum
1617 3095 1782 3158 uariarum

90 3210 264 3271 haeresium
291 3206 401 3271 morbo
433 3209 632 3273 colluctatum
662 3218 705 3272 est
734 3211 898 3289 mysticum
921 3209 1036 3274 Christi
1063 3225 1194 3288 corpus3
1227 3208 1368 3279 ecclesia,
1398 3208 1543 3286 inquam,
1572 3204 1610 3267 ab
1638 3203 1780 3276 Arianis,

90 3318 305 3391 Photinianis,
330 3316 544 3390 Nesmeimis,
568 3317 790 3399 Eutychianis,
822 3319 929 3382 aliisae
952 3319 1104 3400 ejusmodi
1124 3319 1275 3381 monstris
1297 3325 1478 3398 oppupnata
1501 3324 1544 3379 est
1566 3312 1781 3395 superioribus

90 3429 201 3491 seculis
227 3430 393 3501 acerrime,
424 3431 476 3493 secl
492 3429 629 3511 prouida
650 3421 904 3511 Ἀρχιποιμένος
926 3426 982 3493 καὶ
1003 3419 1196 3511 >torrorem
1218 3445 1297 3492 cura
1319 3445 1376 3508 per
1391 3427 1662 3507 pientissimorum
1684 3425 1780 3505 tmpe-

90 3551 236 3602 ratorum
257 3541 470 3619 patrocinium
492 3550 519 3604 et
541 3541 626 3623 fidele
648 3540 811 3603 doctorum
833 3535 1077 3616 inobedienter,
1102 3541 1290 3620 praesertim
1314 3537 1494 3609 Athanasii,
1527 3535 1651 3616 Cprilli,
1674 3534 1781 3615 Aupst·

89 3650 183 3720 stins',
211 3646 319 3728 Vipilii
341 3659 368 3712 et
390 3649 526 3712 aliorum
546 3651 756 3716 ministerium
778 3650 817 3711 ab
836 3651 917 3712 hisce
939 3650 1076 3729 pestibus
1100 3650 1231 3712 liberata
1249 3649 1421 3730 pristinum
1443 3646 1577 3710 obtinuit
1598 3653 1783 3708 conseruata

90 3759 226 3821 sanitate
255 3760 401 3839 oiporem.
451 3759 561 3822 Verum
588 3762 668 3823 atim
698 3777 772 3822 oero
800 3760 880 3822 illem
903 3759 953 3822 ille
979 3760 1106 3823 morbus
1128 3760 1263 3839 resurpit
1287 3758 1392 3830 hodie,
1423 3757 1505 3820 illem
1525 3758 1614 3820 virus
1636 3754 1780 3836 pestilens

89 3867 256 3949 infernalis
283 3868 378 3933 clraco
408 3888 423 3932 e
452 3872 517 3933 sais
545 3870 695 3951 hodieque
725 3869 850 3934 exhalat
878 3870 1029 3951 saucibus.
1077 3869 1114 3935 llt
1137 3871 1219 3933 enim
1240 3869 1356 3932 silentii
1379 3868 1459 3931 nube
1480 3866 1639 3930 involvam
1659 3867 1779 3935 uanas,

90 3995 142 4041 eas
169 3988 271 4041 tamen
298 3997 403 4042 omnes
434 3997 582 4044 erroneae
614 3982 793 4060 opiniones,
823 3980 934 4060 quibus
961 3981 1091 4059 plurimi
1113 3982 1305 4061 ipsissimum
1326 3977 1610 4044 Nestorianismum
1631 3985 1659 4040 et
1678 3973 1780 4054 liutp-

91 4088 298 4151 rhianismum
317 4089 515 4171 postliminio
538 4092 571 4152 in
595 4089 752 4153 ecclesiam
774 4090 918 4152 reducere
940 4093 1138 4162 annituntur,
1161 4109 1203 4153 an
1222 4108 1287 4153 non
1310 4091 1463 4169 inpentcm
1482 4088 1647 4150 minantur
1665 4094 1781 4166 pestem

88 4200 273 4261 recentiores
295 4199 342 4260 illi
366 4201 429 4262 siae
453 4197 706 4264 Samosateniani
726 4201 791 4261 sioe
813 4198 1012 4271 Phormioni,
1049 4217 1125 4281 quos
1147 4200 1258 4279 culpus
1281 4197 1512 4264 Neo-Arianos
1534 4206 1639 4268 uocat,
1667 4194 1779 4276 auibus

91 4319 194 4370 tomen
215 4308 262 4370 illi
280 4308 368 4388 lonpe
387 4308 511 4390 pejores
534 4320 606 4373 sunt
629 4319 656 4373 et
679 4305 925 4389 pestilentiam!
961 4307 1045 4374 Num
1066 4308 1113 4373 hic
1136 4309 1264 4373 cessabit
1285 4310 1403 4372 medica
1425 4305 1563 4368 manus?
1595 4323 1672 4367 num
1693 4304 1780 4367 taciti

91 4418 294 4497 spectabimus
324 4418 462 4498 piurima
490 4418 631 4483 ccclesiae
657 4419 794 4483 menbra
821 4420 914 4501 secali
947 4421 1004 4483 hac
1029 4429 1113 4500 peste
1143 4421 1278 4499 corripi,
1312 4428 1514 4497 aeternaeque
1545 4415 1641 4478 morti
1670 4412 1779 4477 troili?

92 4526 251 4591 Sedenim
273 4538 308 4590 ut
330 4538 497 4609 appareat,
527 4545 620 4609 quam
643 4530 771 4591 omnino
789 4529 935 4608 pestilens
958 4529 1039 4593 tabes
1060 4539 1087 4593 et
1110 4546 1204 4610 meam
1224 4529 1414 4592 virulentum
1434 4527 1614 4590 carcinoma
1635 4525 1676 4587 sit
1697 4521 1779 4586 Pho-

91 4639 287 4709 tinianorum
305 4639 438 4702 istorum
452 4639 607 4710 doctrina,
631 4656 686 4719 ape
701 4640 842 4717 pressius
858 4638 1088 4718 aliquantulum
1104 4657 1172 4703 eam
1185 4639 1460 4709 considerabimus,
1476 4646 1511 4700 ut
1520 4637 1619 4718 juata
1632 4633 1781 4714 Mapistri

93 4750 193 4810 nostri
221 4749 348 4813 ductum
377 4759 404 4813 et
432 4752 586 4813 monitum
607 4768 647 4811 ea
668 4748 821 4829 [ructibus
843 4750 898 4811 hos
920 4751 1205 4830 pseudoprophetas
1226 4766 1463 4831 capnoscamus,
1491 4746 1602 4812 Motth.
1627 4744 1656 4827 l,
1677 4762 1707 4806 a.
1730 4741 1779 4806 16.

92 4856 208 4921 Doceat
228 4859 291 4932 illi,
321 4856 477 4923 Christum
497 4858 602 4921 lesum
623 4877 689 4921 non
710 4874 773 4920 esse
794 4875 919 4934 uerum,
951 4860 1129 4923 naturalem
1158 4876 1194 4922 ac
1222 4869 1383 4923 aeternum
1414 4857 1505 4922 DEI
1530 4854 1637 4921 FILI
1643 4852 1716 4920 IIII
1740 4853 1779 4917 ab

92 4976 216 5031 aeterno
239 4987 260 5032 α
281 4967 375 5032 Patre
394 4971 544 5050 peritum,
575 4972 637 5032 into
666 4977 779 5048 nepant
807 4979 879 5031 ante
913 4986 1003 5032 suam
1025 4987 1064 5032 ea
1085 4969 1195 5036 Maria
1216 4971 1410 5034 nativitatem
1434 4970 1536 5049 ipsum
1556 4958 1780 5050 ὑφιστάμενον

91 5077 217 5158 αἱίᾳαοά
243 5080 356 5161 (uisse,
387 5089 532 5143 asserunt
560 5089 672 5143 contra
703 5077 859 5148 Christum
888 5097 951 5142 esse
983 5078 1085 5161 ψιλὸν
1114 5073 1313 5162 ἄνθρωπον,
1344 5081 1394 5142 cui
1423 5098 1443 5143 a
1470 5076 1536 5141 Deo
1558 5075 1651 5140 Patre
1673 5075 1781 5138 diuina

88 5192 231 5267 potentia
251 5208 289 5254 ac
309 5191 438 5254 scientia
461 5193 496 5254 in
520 5201 655 5271 tempore
681 5191 721 5253 sit
743 5192 988 5262 communicata,
1015 5210 1077 5271 quo
1103 5207 1196 5255 sensu
1218 5209 1255 5255 ac
1274 5200 1414 5271 respectu
1435 5188 1518 5251 Deus
1542 5186 1658 5268 Deloue
1679 5185 1780 5248 Filius

91 5299 124 5360 in
149 5295 325 5380 scripturis
347 5301 532 5381 quandoque
556 5301 689 5372 dicatur,
717 5302 760 5363 sic
782 5319 855 5382 erpo
877 5312 1036 5366 aeternam
1059 5300 1132 5364 Filii
1152 5302 1381 5381 peneratioaem
1403 5302 1605 5379 impupnant,
1628 5297 1778 5360 divinita·

93 5417 150 5473 tem
169 5408 237 5494 nus
260 5411 472 5493 blasphemant
494 5420 521 5473 et
545 5411 777 5474 sanctissimum
802 5409 968 5477 Trinitatis
989 5413 1170 5494 mysterium
1193 5411 1389 5492 proculcant.
1425 5409 1517 5475 Hanc
1531 5426 1595 5473 esse
1610 5408 1779 5490 penuinaot
