3984 6022
208 259 269 321 111
902 249 1024 335 nouus
1043 248 1223 316 ausurus

210 415 300 465 tatum
320 409 348 464 in
360 405 593 481 praedicabilibus
603 407 803 479 Porphyrianis
821 405 955 460 auditum
963 407 974 472 ;’
987 419 1044 457 non
1073 405 1281 469 carcassensi,
1304 406 1400 461 sedin
1418 405 1534 462 concilio
1553 407 1701 478 propterea
1720 403 1850 462 instituto
1866 423 1906 462 11-

213 497 286 549 enim
307 501 349 552 est
367 496 535 565 praedicatio
552 495 661 565 generis
686 495 720 548 de
746 492 839 563 specie
863 507 914 544 nec
942 488 1044 560 speciei
1070 490 1139 544 roris
1157 493 1300 547 convictus
1318 494 1437 548 eundem
1455 492 1558 547 Romae
1575 492 1725 546 damnarit.
1754 492 1829 548 Vide
1846 511 1908 564 syu-

213 581 249 637 de
268 581 418 649 individuo,
439 598 491 636 nec
509 580 689 647 differentiae,
709 579 814 649 proprii
831 577 877 632 vel
893 573 1044 630 accidentis
1071 575 1154 629 udum
1181 577 1442 634 thancofurtensem
1470 594 1543 634 anno
1562 584 1620 635 194.
1640 577 1768 632 habitam
1791 595 1816 635 c.
1835 584 1859 634 b
1881 584 1910 633 et

214 669 248 722 de
265 667 416 735 individuo,
435 667 479 720 vel
499 667 590 736 specie
608 666 653 720 vel
671 682 780 736 genere.
818 660 1006 718 Cisterciensis
1023 666 1043 715 1.
1070 667 1173 716 tomum
1193 663 1362 735 singularem
1386 670 1531 719 auctorum
1557 660 1708 735 insignium
1732 681 1752 719 a
1772 664 1965 721 stevartium

212 756 327 808 sentent.
348 752 410 805 dist.
430 760 453 806 5.
474 757 579 823 quaest.
599 758 623 806 2.
641 758 692 806 art.
717 759 743 805 1:
765 751 891 818 Reputac
911 748 1045 802 Aristote-
1072 747 1185 805 editum.
1213 753 1238 804 3.
1259 749 1430 804 scholastici
1444 750 1484 806 sic
1501 749 1651 804 ἀναλύουσι
1666 750 1831 821 personales
1850 750 1908 806 illas

213 838 249 890 tis
268 841 297 890 ia
315 839 419 891 diuisis
437 855 493 890 aaa
511 845 613 900 teoeut;
644 843 667 891 6.
687 835 813 905 exempla
829 835 927 889 harum
946 847 1045 902 propo-
1071 834 1307 904 praedicationes:
1339 836 1427 891 Filius
1454 836 1572 891 hominis
1598 842 1640 891 est
1665 835 1756 890 Filius
1781 836 1857 905 Dei,
1883 842 1910 892 et

212 922 340 977 sitionum
354 923 381 976 in
396 923 544 992 Scripturis
555 923 623 977 baec
636 927 795 975 occurrunt:
813 919 914 975 desem.
927 923 970 986 23,
983 936 1006 971 v.
1017 923 1046 971 b:
1071 919 1160 974 Filius
1180 920 1234 976 Dei
1251 927 1294 976 est
1311 921 1385 976 filius
1402 921 1535 986 hominis,
1560 923 1648 978 idest
1667 921 1759 976 Filius
1778 921 1844 990 Dei,
1863 925 1910 993 mi

214 989 336 1063 Gameri
342 1010 469 1062 Doridis
480 1017 518 1061 est
527 1009 636 1061 Jetooo
638 1009 754 1076 justitia
765 1015 868 1059 rostra.
895 1002 995 1058 Matth.
1008 1008 1047 1066 16,
1072 1015 1207 1060 ostentat
1232 1008 1383 1062 humanam
1406 1017 1553 1077 acturam,
1582 1017 1623 1061 est
1648 1010 1737 1062 Duo.
1774 1008 1865 1079 Atqui
1890 1016 1910 1065 1.

211 1113 237 1149 v.
258 1101 295 1150 13.
315 1101 343 1149 11
364 1100 408 1148 tt:
439 1094 532 1147 tilius
556 1093 675 1147 bominis
699 1100 740 1145 est
762 1091 948 1157 1111111111,
974 1105 998 1142 c.
1025 1094 1047 1155 1,
1072 1109 1127 1145 non
1148 1093 1241 1163 agitur
1257 1093 1303 1147 hic
1323 1095 1358 1148 de
1376 1095 1517 1150 essentiali
1534 1101 1696 1151 naturarum
1725 1094 1911 1159 dhfiuctions,

212 1199 237 1234 1.
251 1186 292 1235 tl.
311 1187 340 1236 et
355 1185 403 1235 23:
423 1180 517 1233 Filius
529 1179 646 1232 ltIariae
665 1187 705 1232 est
719 1186 744 1231 et
754 1185 869 1231 vocatur
881 1176 1046 1229 Immasuet.
1074 1178 1123 1233 sed
1142 1178 1177 1233 de
1197 1180 1337 1249 personali
1349 1197 1442 1236 aarum
1454 1183 1573 1251 unicne3
1592 1187 1616 1236 2.
1633 1181 1723 1234 Filius
1736 1181 1793 1235 Dei
1806 1189 1911 1238 susten·

210 1266 296 1321 Marc.
317 1272 361 1335 15,
387 1284 411 1320 v.
431 1271 477 1321 39:
513 1267 581 1319 Vere
607 1266 652 1318 hic
675 1265 756 1319 bomo
781 1263 875 1316 Filius
895 1263 954 1314 Dei
977 1268 1046 1316 erut.
1072 1270 1134 1318 tans
1152 1265 1301 1320 humanam
1321 1272 1449 1322 naturam
1475 1273 1517 1322 est
1540 1266 1618 1322 Deus
1648 1268 1840 1321 11111ϋαὶ1111
1864 1286 1911 1340 per

211 1354 279 1409 [rue.
303 1361 377 1420 i,v.
396 1359 443 1408 35:
477 1353 622 1416 Sanctum,
648 1353 725 1421 quod
743 1367 775 1403 cx
795 1349 895 1402 Maria
912 1348 1046 1414 nascitur,
1074 1359 1213 1407 aeternam
1243 1370 1261 1406 a
1287 1353 1372 1409 Patre
1399 1354 1623 1426 generationem,
1650 1370 1708 1424 qua
1736 1354 1773 1409 de
1799 1371 1831 1408 γε
1858 1373 1911 1410 non

211 1440 305 1494 Filius
322 1439 383 1492 Dei
400 1447 521 1492 vocatur.
557 1437 626 1491 Luc.
648 1443 677 1505 t,
697 1454 722 1490 v.
745 1441 790 1489 lt:
818 1435 913 1487 Filius
930 1434 1047 1486 Mariae
1074 1438 1215 1507 quaeritur
1239 1439 1268 1491 in
1295 1439 1482 1510 propositione
1508 1440 1653 1511 personali.
1691 1439 1784 1494 Filius
1807 1439 1910 1495 Mariae

212 1535 250 1580 est
269 1525 417 1580 Dominus.
457 1531 477 1579 1.
496 1525 557 1579 Cor.
581 1530 619 1592 15,
635 1540 660 1575 v.
677 1529 724 1578 tt:
746 1522 890 1576 Secundis
908 1521 988 1572 boma
1008 1527 1046 1571 est
1073 1530 1115 1577 est
1138 1523 1226 1578 Filius
1250 1522 1304 1579 Dei
1322 1526 1525 1594 personaliter,
1549 1525 1642 1579 idest
1664 1541 1717 1596 per
1743 1532 1773 1581 et
1798 1533 1909 1597 propter

211 1614 352 1668 Dominus
367 1611 506 1679 11111111,
524 1617 546 1665 t.
561 1627 593 1665 ex
610 1625 664 1680 quc
681 1607 861 1662 fundamento
876 1605 959 1660 etiam
972 1612 1047 1659 recte
1073 1610 1202 1664 unionem
1217 1609 1397 1680 personalem,
1417 1611 1482 1682 quia
1495 1611 1563 1666 haec
1575 1611 1810 1666 naturahumana
1821 1613 1908 1669 subsi-

212 1698 320 1764 dicitur,
340 1697 415 1768 quod
435 1694 655 1749 Christushomo
668 1710 716 1747 seu
732 1693 882 1748 secundum
899 1692 1046 1745 humanam
1073 1694 1439 1766 1111ἐναύτῴιῶΛόγῳ,
1466 1713 1521 1767 qua
1541 1697 1624 1752 dere
1642 1698 1727 1753 unice
1746 1715 1781 1753 ac
1803 1696 1910 1769 proprie

208 1784 339 1837 naturam
365 1782 401 1835 sit
425 1781 512 1860 Filius
535 1780 605 1846 Dei,
635 1779 743 1834 scilicet
766 1778 965 1849 personaliter,
992 1794 1047 1830 nou
1073 1780 1165 1852 agitur
1184 1781 1213 1834 in
1241 1782 1378 1851 personali
1400 1782 1602 1852 propositione,
1632 1788 1655 1838 3.
1679 1783 1772 1838 Filius
1794 1783 1851 1839 Dei
1873 1791 1911 1848 est

22 1856 24 1860 ⁸
131 1868 137 1874 “
211 1868 399 1924 essentialiter.
423 1866 453 1923 si
471 1866 545 1920 enim
556 1864 638 1918 bomo
651 1881 714 1919 vere
733 1869 761 1919 et
777 1864 889 1919 realiter
906 1870 949 1918 est
960 1863 1047 1931 Deus,
1072 1867 1160 1921 Filius
1178 1867 1295 1923 hominis
1312 1884 1367 1922 non
1385 1887 1434 1939 per
1453 1870 1555 1925 nudam
1574 1869 1712 1940 humanae
1725 1878 1909 1926 1111111111-

210 1955 234 2009 si
261 1949 1047 2017 1111111οωί11111111111111111111Β111111111111
1072 1954 1265 2024 tentationem,
1300 1955 1348 2009 sed
1375 1972 1425 2025 per
1449 1956 1636 2026 plenissimam
1664 1959 1709 2026 ιῆς
1737 1956 1910 2018 incuriosus

213 2057 266 2113 que
283 2041 366 2096 etiam
381 2038 505 2092 Christus
520 2036 600 2092 homo
613 2054 662 2091 seu
678 2038 829 2092 secundum
847 2036 1046 2090 humanitatem
1073 2040 1357 2109 communicationem,
1376 2057 1425 2111 per
1443 2042 1566 2096 intimam
1580 2049 1745 2097 naturarum
1766 2043 1910 2098 communi·

214 2134 257 2183 est
275 2126 329 2181 Dei
349 2125 450 2193 Filius,
468 2124 595 2177 nimirum
617 2123 810 2183 ὑποστατικῶς.
846 2122 1047 2193 Theophylact.
1073 2125 1217 2194 sationem,
1235 2143 1285 2196 per
1304 2126 1486 2181 arctissimam
1505 2116 1689 2199 πἐριχώρησιν
1711 2134 1742 2182 et
1764 2129 1909 2185 immeatio

210 2215 239 2267 in
271 2231 295 2267 c.
324 2219 345 2266 1.
364 2211 432 2266 Luc.
457 2210 503 2264 iol.
524 2216 582 2264 211.
608 2210 670 2265 Gra
697 2213 818 2263 suisium
844 2210 901 2269 υἱὸς
929 2208 1047 2277 ὑψίστου
1075 2228 1145 2265 nem.
1183 2212 1303 2277 Quidam
1321 2231 1353 2267 ex
1375 2211 1549 2267 Scholasticis
1568 2212 1731 2284 disputant,
1749 2216 1909 2286 propositio

213 2296 228 2352 ὁ
251 2296 421 2370 φαινόμενος
439 2296 601 2367 ἅνθρωπος·
621 2297 680 2349 ἐπεὶ
698 2294 752 2367 γὰρ
769 2301 821 2368 μία
839 2292 873 2361 ἦν
891 2294 1048 2361 ὑπόστασις,
1073 2316 1123 2353 nes
1139 2300 1297 2368 personales
1319 2316 1379 2354 esse
1396 2300 1548 2366 idesticas,
1574 2303 1607 2353 ut
1631 2300 1668 2353 sit
1691 2315 1811 2355 sensus:
1839 2303 1910 2356 Deus

210 2387 249 2454 τῷ
269 2383 344 2448 irre,
370 2399 467 2438 revera
486 2379 543 2443 υἱὸς
562 2380 680 2450 ὑψίστου
701 2377 735 2450 ἦν
756 2381 771 2435 ὁ
791 2379 941 2452 ἅνθρωπος
958 2381 972 2434 ὁ
992 2379 1050 2440 utic
1075 2392 1114 2436 est
1132 2385 1188 2451 ille,
1206 2385 1255 2453 qui
1273 2393 1313 2438 eat
1332 2385 1421 2452 bomo,
1440 2385 1545 2452 etrite,
1565 2385 1788 2456 quiesthomo,
1811 2396 1851 2440 est
1868 2387 1910 2441 ἢ·

212 2473 259 2539 τῆς
277 2474 430 2538 παρθένου.
452 2467 588 2523 alcuinus
605 2467 668 2522 libr.
684 2474 706 2523 3.
728 2467 763 2522 de
779 2467 878 2522 trinit.
899 2485 922 2522 e.
934 2473 963 2522 u:
984 2469 1048 2520 Nou
1075 2471 1202 2525 tiruDei.
1221 2469 1777 2534 Quidamillorumroluntaccideatales.
1802 2473 1911 2527 Utesim

214 2559 256 2611 ita
275 2556 401 2610 Christus
427 2556 539 2608 verbim
564 2555 623 2607 Dei
646 2554 743 2607 babuit
770 2556 800 2607 iu
827 2571 872 2622 se,
899 2555 971 2608 sicrc
996 2554 1051 2606 aiii
1071 2573 1125 2625 per
1135 2557 1264 2609 1111111111
1271 2558 1460 2626 praedicatur
1469 2557 1625 2623 dehomiae,
1635 2559 1715 2626 quod
1725 2560 1911 2629 siteamcs,itc

211 2645 317 2711 suomi,
340 2644 392 2696 sed
409 2643 470 2710 epse
495 2648 535 2694 est
558 2642 677 2694 Verbum
699 2642 765 2693 Dei.
801 2641 895 2694 Aliitd
911 2648 951 2693 est
977 2641 1049 2693 euim
1075 2659 1183 2712 proque
1192 2660 1244 2712 per
1257 2644 1386 2695 madeus
1394 2644 1565 2712 praedicari
1573 2645 1608 2695 de
1619 2643 1698 2698 Fsbio
1712 2645 1781 2713 Dei,
1794 2648 1911 2715 11111111

185 2710 189 2722 “
216 2731 333 2782 Verbum
351 2730 381 2781 io
399 2744 485 2780 carue
504 2735 529 2779 et
547 2727 630 2780 atiud
647 2736 687 2780 est
709 2727 825 2780 Verbum
844 2744 912 2780 caro
932 2728 1047 2789 factum.
1075 2730 1164 2783 homo.
1188 2729 1228 2782 At
1240 2727 1368 2783 accidens
1380 2745 1436 2783 non
1445 2729 1622 2799 praedicatur
1630 2729 1666 2783 de
1674 2746 1727 2783 auo
1736 2730 1868 2801 subjecto
1876 2730 1911 2784 di·

212 2816 305 2869 Aliud
323 2823 364 2868 est
382 2815 462 2867 Deus
482 2814 512 2866 iu
531 2814 647 2881 homme,
667 2821 692 2866 et
710 2814 793 2866 atiud
810 2822 850 2867 est
865 2815 942 2866 Deus
959 2815 1048 2881 homo,
1075 2821 1158 2870 recte.
1178 2814 1313 2870 Jamrero
1320 2814 1392 2868 filius
1399 2815 1502 2870 Mariae
1509 2815 1911 2886 directepraedieaturdel'ilic

211 2903 276 2956 ideo
304 2901 363 2954 Dei
384 2900 479 2954 ditius
504 2917 559 2951 ooo
579 2900 670 2952 solum
690 2901 959 2953 secuudum-ueram
979 2902 1049 2953 ‹tioi-
1076 2901 1137 2955 Dei.
1167 2901 1195 2957 Si
1209 2906 1310 2955 natura
1327 2900 1449 2956 humans
1469 2907 1541 2956 esset
1553 2901 1650 2971 Λόγου
1663 2902 1809 2967 accidens,
1824 2903 1911 2973 Λόγος

211 2990 336 3057 uitatem,
353 3005 437 3057 pisum
450 2987 531 3040 babet
549 2987 700 3038 (1111111111
712 2987 888 3050 DeiPotrss,
904 2989 1049 3040 sedetiam
1076 2987 1212 3041 duntaxat
1230 2987 1363 3042 dicendus
1379 2994 1453 3042 esset
1471 2986 1617 3055 humanus,
1635 3002 1689 3041 non
1708 2994 1808 3043 autem
1828 2989 1910 3045 bomo.

211 3078 362 3129 secuudum
381 3089 502 3136 caraem,
521 3089 604 3141 quam
620 3088 714 3125 veram
734 3074 902 3127 naturaliter
920 3074 1001 3128 babet
1015 3077 1050 3127 de
1076 3074 1161 3128 Plura
1187 3081 1283 3128 contra
1311 3075 1382 3128 banc
1405 3073 1572 3145 hypothesin
1596 3073 1720 3129 adducta
1746 3085 1817 3132 sunt
1840 3095 1912 3150 supe

214 3179 331 3231 corpore
348 3162 444 3214 beatae
461 3159 609 3227 penetricis
630 3159 709 3210 Deus
733 3175 813 3211 oense
836 3168 861 3212 et
883 3161 1007 3213 1111111111
1026 3169 1050 3214 11
1075 3161 1141 3217 rius.
1177 3156 1291 3215 Rectirm
1309 3160 1395 3231 igitur
1411 3161 1610 3215 Bonaventura
1627 3161 1741 3231 statuit,
1760 3179 1822 3218 non
1838 3181 1912 3236 posse

208 3249 396 3320 praedicatur
414 3247 449 3299 ob
465 3246 590 3299 omuibus
604 3244 764 3313 catholicis,
784 3246 917 3314 quostiam
935 3255 1050 3300 11111111
1076 3247 1148 3301 hauc
1174 3246 1410 3317 praedicationem
1435 3245 1530 3301 reduci
1556 3247 1593 3300 ad
1619 3247 1687 3301 alios
1714 3249 1816 3303 modos
1839 3266 1911 3322 prae·

212 3322 349 3389 diuinitas
368 3332 443 3386 Filii
459 3349 520 3384 mim
535 3331 626 3399 plcoa
644 3331 815 3384 humanitate
834 3349 886 3384 um
906 3340 931 3385 et
953 3335 1051 3386 eudem
1077 3332 1188 3386 dicandi
1215 3338 1360 3387 consuetos
1379 3339 1407 3387 et
1424 3333 1539 3388 usitatos
1556 3333 1600 3387 vel
1618 3349 1668 3402 per
1685 3349 1717 3387 se
1735 3335 1784 3388 vel
1805 3352 1856 3406 per
1873 3353 1912 3391 ac-

170 3488 176 3494 .
206 3423 297 3492 pieac
317 3421 478 3473 burnaaitos
497 3418 571 3471 Filii
594 3436 655 3470 cum
683 3425 797 3471 scema
825 3419 973 3472 divinitate
998 3438 1051 3472 suu
1076 3418 1179 3487 cidens,
1199 3436 1254 3473 non
1274 3418 1346 3473 enim
1364 3435 1422 3473 esse
1440 3418 1673 3488 praedicationem
1688 3436 1745 3487 per
1758 3423 1911 3488 ceremiam,

212 3527 269 3562 uua
298 3516 338 3561 est
364 3509 394 3560 iu
419 3524 440 3558 s.
465 3506 591 3558 trinitate
610 3521 746 3574 pascua,
773 3512 799 3557 et
822 3505 889 3558 baec
908 3524 964 3559 ooo
983 3509 1050 3559 ado·
1076 3522 1128 3559 nec
1147 3522 1201 3574 per
1224 3505 1426 3557 inhaerentiam
1451 3520 1502 3558 nec
1523 3520 1576 3573 per
1598 3521 1714 3557 caueam
1734 3523 1789 3561 nec
1806 3525 1861 3576 per
1877 3523 1911 3575 re,

210 3595 306 3664 ptioa,
323 3594 375 3645 sed
388 3591 512 3661 propria
532 3599 556 3644 et
570 3593 707 3659 perfecta.
742 3590 894 3646 Bemhard.
914 3592 1005 3647 homil.
1028 3599 1049 3648 1.
1076 3609 1127 3646 nec
1141 3608 1196 3660 per
1216 3592 1360 3654 1111111111,
1385 3589 1433 3644 sed
1451 3607 1511 3645 esse
1528 3590 1640 3644 modum
1657 3591 1844 3661 praedicandi
1862 3595 1913 3647 sis·

215 3677 1050 3748 11111111111131111οά111111·1111,Ρ111’1111)11”υο-
1077 3679 1205 3748 pistorem
1232 3682 1344 3746 propter
1369 3675 1572 3746 hypostaticam
1600 3676 1732 3730 umorem
1765 3678 1805 3732 ad
1834 3696 1913 3734 unum

213 3765 332 3830 cabitur,
352 3765 385 3816 id
401 3771 447 3830 eet,
465 3781 521 3816 nou
538 3763 628 3816 solum
646 3765 696 3832 qui
714 3781 728 3815 e
745 3765 810 3815 siau
829 3764 928 3816 Patris
947 3766 976 3817 ia
994 3773 1051 3817 ute·
1075 3763 1315 3834 hyphistamenon.
1362 3760 1467 3815 Eadem
1501 3766 1543 3815 est
1572 3761 1709 3815 sententia
1744 3761 1863 3819 Occami
1889 3771 1913 3820 et

213 3871 273 3906 rum
302 3857 378 3902 tuum
402 3849 512 3902 sreoieas
535 3849 708 3902 obumbrabit
731 3850 796 3916 tibi,
824 3852 876 3902 sed
901 3850 984 3902 etiam
1009 3850 1049 3916 id,
1076 3848 1339 3920 aquitaniarum.
1361 3847 1423 3901 dist.
1444 3853 1647 3918 tquaestun.
1668 3852 1720 3903 art.
1741 3851 1915 3922 2,quibanc

214 3938 292 4008 arrad
309 3938 345 3988 de
359 3943 408 3988 tua
421 3927 579 3988 substantia
596 3935 715 3987 sociabit
733 3935 796 4002 sibi,
814 3952 847 3988 eu
865 3935 916 3988 boc
928 3937 991 4004 jam
1005 3954 1050 3989 uo-
1076 3935 1210 3990 rationem
1237 3933 1355 3987 addunt:
1387 3932 1466 3986 Sicut
1489 3934 1590 3986 modus
1617 3934 1730 3986 esseudi
1755 3936 1788 3988 iu
1808 3935 1914 3991 cinus

135 4004 140 4015 ¹
214 4024 323 4079 cabitur
339 4022 433 4075 Filius
451 4022 524 4089 Dei,
545 4023 778 4091 quemadmodum
797 4023 838 4089 is,
860 4023 909 4090 qui
927 4040 945 4073 a
963 4024 1051 4076 Patre
1077 4029 1117 4072 est
1140 4019 1310 4073 mirabiliter
1334 4019 1490 4088 siaputaris
1515 4026 1542 4071 et
1559 4019 1746 4087 aequamur
1768 4023 1914 4086 mirabilis,

213 4119 254 4166 est
274 4118 338 4163 autc
356 4108 452 4162 secula
469 4109 591 4176 pesitus,
620 4115 684 4160 tuus
710 4124 818 4177 quoque
845 4110 1051 4178 quodammodo
1076 4108 1117 4160 ita
1142 4107 1224 4159 etiam
1252 4107 1351 4158 modis
1373 4105 1567 4174 praedicandi
1583 4107 1614 4157 iu
1634 4103 1749 4158 Christo
1768 4117 1813 4161 eet
1835 4109 1914 4161 iassi-

213 4196 389 4268 reputabitur
396 4192 485 4263 filius,
503 4194 579 4246 uude
591 4193 675 4245 etium
687 4192 787 4246 Mario
799 4193 903 4245 11ίοὶ1111
914 4192 1052 4259 taurinos,
1077 4201 1151 4246 totus
1173 4192 1342 4244 mirabiliter
1367 4192 1524 4260 siuputaris
1549 4199 1575 4244 et
1599 4191 1787 4260 stupuicriter
1806 4196 1913 4248 mirabi-

212 4285 279 4354 quia
295 4280 408 4351 peperit
425 4282 575 4332 amandum
594 4295 715 4346 caruem,
734 4296 846 4333 comem
857 4282 973 4348 fartum
992 4281 1052 4334 Dei
1076 4279 1125 4346 lis,
1153 4294 1219 4330 uam
1248 4278 1347 4330 moure
1370 4279 1567 4347 praedicandi
1590 4278 1717 4346 1111111111·
1742 4283 1861 4335 modum
1878 4297 1913 4334 es

217 4369 354 4434 Verbum,
380 4372 412 4419 111
435 4365 557 4435 explicat
583 4364 681 4418 concil.
699 4363 830 4434 Ephesia.
856 4381 916 4420 can.
938 4372 959 4422 1.
985 4367 1051 4420 Fir·
1075 4365 1163 4419 sandi.
1211 4368 1235 4420 t.
1264 4363 1408 4432 Pontificii
1435 4362 1594 4432 personales
1623 4363 1832 4433 propositiones
1863 4383 1913 4421 nou

211 4453 333 4506 missime
349 4460 426 4518 tene,
450 4449 539 4520 inquit
557 4448 723 4521 Fulgentius
739 4449 787 4508 lib.
808 4450 843 4504 de
859 4449 921 4520 ‚fide
945 4452 981 4505 ad
997 4452 1050 4507 Pe·
1075 4456 1150 4504 recte
1174 4449 1321 4520 explicant.
1360 4449 1487 4504 Bellarm.
1511 4448 1573 4503 libr.
1596 4455 1619 4504 3.
1642 4449 1677 4503 de
1702 4448 1819 4506 Christo
1842 4470 1865 4507 c.
1889 4458 1911 4506 t
1935 4482 1939 4492 ·

211 4542 285 4592 1111111
304 4554 327 4592 c.
342 4543 386 4601 ts,
405 4545 430 4589 ct
443 4536 603 4589 aulhrteaus
617 4536 734 4604 dictitas,
752 4553 809 4588 aco
821 4554 933 4590 caraem
944 4535 1052 4592 Christi
1075 4534 1290 4607 propositionem
1311 4534 1400 4588 illam:
1431 4535 1549 4588 Verbum
1567 4538 1760 4602 rarefactum
1780 4546 1837 4603 est,
1852 4555 1911 4593 con·

211 4625 269 4678 siae
279 4623 635 4690 divinitatecouceptamia
648 4629 728 4675 utero
739 4623 867 4691 oirpiuis,
882 4623 1050 4694 priusquam
1075 4622 1130 4676 fert
1154 4638 1216 4675 cum
1239 4620 1282 4674 his
1306 4619 1551 4691 propositionibus:
1575 4625 1675 4674 Aaron
1694 4638 1714 4673 a
1734 4623 1801 4678 Deo
1821 4626 1912 4687 foetus

211 4712 399 4781 acciperetur
419 4727 438 4762 α
456 4710 553 4778 Verbo,
571 4711 725 4778 sedaputm
744 4709 856 4762 Verbum
876 4712 969 4763 Deum
982 4729 1049 4764 sitae
1074 4716 1117 4762 eet
1145 4708 1293 4778 pontifex,
1325 4707 1425 4760 Dauid
1445 4709 1547 4774 factus
1574 4715 1613 4760 est
1636 4724 1692 4761 rer.
1736 4707 1830 4780 Atqui
1855 4706 1912 4762 lieri

213 4797 309 4851 caruis
322 4794 483 4864 acceptioue
500 4802 660 4864 conceptum
680 4795 825 4865 ipsamque
841 4812 954 4850 caraem
968 4797 1052 4851 Verbi
1074 4791 1232 4864 pontificem
1243 4792 1288 4847 vel
1306 4808 1399 4863 regem
1418 4797 1460 4846 est
1477 4808 1583 4846 merum
1601 4791 1738 4861 accidens,
1760 4794 1912 4866 etquidem

135 4939 137 4942 Α
211 4881 408 4936 incursatione
426 4887 596 4949 conceptam.
1075 4880 1230 4951 separabile
1249 4896 1283 4933 ac
1300 4878 1433 4934 mutabile
1451 4895 1503 4934 nee
1520 4895 1584 4933 cum
1599 4879 1714 4934 harene
1727 4881 1913 4936 sacerdotium

84 4975 190 5019 11111111·
250 4974 305 5026 157.
343 4966 514 5019 Antithesis:
540 4970 563 5018 1.
583 4965 731 5019 Nestorius
748 4965 906 5035 personales
926 4966 1049 5038 proposi·
1074 4966 1119 5019 rel
1143 4982 1206 5021 cum
1224 4965 1333 5020 Doride
1356 4982 1472 5036 regnum
1490 4981 1576 5020 unum
1595 4964 1739 5020 constituit
1764 4966 1913 5039 bucardus·

85 5029 128 5071 '¹¹’
211 5053 301 5108 tiones
324 5050 499 5123 repudiarit,
526 5051 602 5106 uude
625 5049 766 5121 proverbii
789 5050 850 5105 loco
877 5051 969 5107 dicere
996 5051 1050 5107 fuit
1074 5070 1140 5113 rom
1165 5069 1187 5108 c.
1215 5057 1253 5108 15.
1285 5051 1384 5119 Λόγον
1410 5059 1593 5106 assumentem
1611 5059 1744 5106 usturam
1765 5055 1914 5107 humanam

212 5137 322 5192 solitus:
342 5138 414 5192 Noli
431 5136 555 5206 ploriari
570 5138 690 5204 Judaee,
710 5154 764 5189 aaa
782 5137 883 5205 Deum,
901 5140 953 5191 sed
963 5139 1049 5192 homi·
1074 5136 1182 5193 confert
1201 5155 1261 5192 uim
1281 5155 1345 5206 repe
1360 5155 1519 5206 purpuram
1537 5138 1673 5190 induente.
1705 5137 1812 5194 Sensus
1831 5140 1914 5212 igitur

215 5239 277 5276 aem
295 5224 470 5295 crucificisti,
492 5223 629 5295 Euagrius
647 5223 695 5279 lib.
713 5230 732 5280 1.
752 5223 816 5278 hist.
836 5240 859 5276 c.
880 5229 902 5278 t.
930 5229 954 5278 2.
968 5226 1050 5279 Felia
1075 5223 1283 5297 propositionis:
1300 5225 1388 5279 Filius
1400 5224 1454 5280 Dei
1471 5228 1514 5279 est
1529 5223 1616 5277 Filius
1632 5223 1751 5279 hominis
1770 5228 1825 5282 erit
1843 5226 1912 5281 idem

217 5309 397 5376 Orpetitam
426 5309 483 5364 sive
515 5308 620 5382 Orgelli
648 5310 794 5381 episcopus
823 5314 894 5364 teste
920 5310 1050 5366 Aimonio
1076 5328 1138 5365 cum
1156 5311 1209 5365 hac
1225 5311 1427 5383 propositione:
1447 5327 1495 5365 rex
1515 5303 1750 5381 estpurpuratus.
1783 5312 1840 5369 Sed
1851 5330 1913 5385 pur·

216 5393 351 5450 monacho
364 5394 472 5467 scriptis
488 5395 654 5466 quibusdam
668 5395 749 5450 editis
764 5394 904 5451 Christum
921 5404 1051 5468 respectu
1075 5413 1161 5468 purae
1184 5415 1239 5453 non
1265 5397 1482 5452 communicatur
1506 5395 1580 5468 regis
1602 5395 1752 5458 ὑπόσιασις
1774 5416 1828 5454 nec
1853 5417 1913 5454 cum

212 5480 352 5536 humanae
374 5486 491 5537 naturae
515 5482 676 5553 adoptivum
699 5482 835 5538 duntaxat
857 5484 917 5536 Dei
941 5484 1048 5536 ditium
1075 5499 1141 5556 rege
1159 5500 1242 5538 unam
1261 5483 1405 5538 constituit
1420 5498 1574 5553 personam.
1610 5481 1727 5556 Gregor.
1747 5483 1914 5542 devolant.
