3984 6022
765 263 1198 327 namuurumeacm.
1765 281 1829 342 888

69 428 116 471 888
132 415 169 470 as·
191 416 255 487 8818
280 416 354 471 vend
376 418 418 471 ad
440 434 498 471 aas.
533 417 615 484 Quod
632 416 736 488 Papias
762 417 799 471 ad
816 416 969 473 Emebium
996 427 1025 476 et
1048 421 1141 478 verbis
1164 441 1229 479 cnm
1251 424 1402 495 posteriore
1419 425 1505 493 Petri,
1524 428 1605 497 enjus
1621 426 1702 497 qnasi
1719 426 1831 483 brevem

129 507 159 559 et
175 500 365 573 1118888888
391 519 448 557 888
468 501 591 561 iohanni
616 502 757 574 apostolo,
779 502 830 559 sed
849 502 970 558 iohanni
994 523 1130 563 summam
1153 513 1182 564 et
1205 508 1449 582 ἀνακεφαλαίωσιν
1473 511 1603 567 continet.
1649 517 1672 567 8
1696 511 1831 569 Testimo

128 587 294 661 proebyiero
311 604 359 643 888
377 587 517 657 tibuunt,
542 587 571 643 id
590 589 692 660 probat
708 588 745 644 ad
763 588 877 645 secundi
897 588 969 643 ordi·
993 591 1041 651 nia
1069 599 1202 652 veterum.
1252 595 1399 651 canonici!
1430 596 1464 653 N,
1494 596 1525 650 T.
1557 596 1636 652 libris
1665 612 1683 652 a
1715 597 1832 655 coneilio

127 674 173 729 nis
197 672 345 731 canonicos
371 672 455 730 libros
477 675 527 729 has
549 674 680 746 88818188
700 673 845 745 pertinere.
880 673 966 729 Cano·
993 676 1168 750 Laodiceno,
1194 687 1223 736 81
1241 680 1475 753 Carthaginiensi,
1498 680 1535 737 ab
1554 680 1717 746 Athanasio,
1733 683 1831 755 Augu·

127 759 216 817 nicae
228 759 303 816 anim
321 776 417 816 earum
433 760 593 817 auctoritati
609 775 665 815 non
682 761 871 832 praejudicat,
894 760 968 832 quod
994 764 1066 819 stine
1089 771 1117 820 et
1134 765 1247 837 reliquis
1265 773 1402 838 quotquot
1418 766 1552 823 librorum
1571 783 1713 823 sacrorum
1730 768 1832 824 catan

127 845 212 918 pauci
228 845 342 917 quidam
361 846 523 903 deauctore
546 846 716 913 dubitarint,
744 847 860 919 reliquis
883 844 968 901 omni-
994 866 1061 920 gum
1086 857 1290 907 recensuerunt.
1337 851 1397 908 Sub
1423 851 1535 907 nomine
1552 851 1656 911 'dudae
1685 852 1788 909 citatur
1814 870 1831 908 a

128 931 182 988 bus
198 931 323 991 Johmni
343 933 469 1003 apostolo
493 949 539 989 eas
564 931 760 991 tribuentibus.
797 931 968 1003 unoquoq
993 934 1130 1005 Dionysio
1155 935 1190 991 de
1211 935 1266 991 div.
1291 952 1364 991 nom.
1388 955 1412 992 c.
1437 943 1462 992 1.
1496 936 1669 993 Tertulliano
1691 938 1728 992 de
1744 936 1831 993 habit

126 1017 317 1090 Hieronymus
341 1035 374 1075 ex
401 1018 519 1073 aliorum
545 1017 639 1090 potins
665 1034 748 1089 quam
776 1034 809 1072 ex
837 1034 889 1073 sua
906 1034 967 1073 sen·
994 1019 1119 1076 muliebr.
1138 1038 1161 1076 c.
1179 1027 1203 1075 5.
1234 1020 1355 1093 Origene
1371 1021 1464 1076 homil
1484 1027 1507 1076 1.
1526 1021 1683 1079 indosuam
1699 1028 1728 1081 81
1745 1022 1793 1078 lib.
1808 1031 1831 1079 b.

126 1102 217 1161 188118
240 1103 376 1176 loquar:
412 1105 598 1168 Aueruatur,
622 1103 726 1174 inquit,
751 1120 809 1159 aare
826 1103 968 1159 Johaanis
994 1105 1023 1160 in
1048 1122 1071 1160 a.
1091 1112 1117 1161 5.
1153 1105 1269 1160 Roman.
1286 1105 1426 1176 Cypriane
1449 1107 1486 1161 ad
1509 1106 1657 1163 Novatian.
1674 1107 1832 1179 Epiphanio

122 1190 289 1263 8888181881.
324 1190 391 1262 lpse
413 1206 478 1246 rere
505 1190 677 1261 allegaturus
700 1205 748 1245 eas
774 1189 854 1260 epist
872 1195 913 1246 85.
931 1190 967 1244 ad
995 1191 1097 1247 haeres.
1123 1197 1164 1247 18.
1202 1191 1373 1261 Hieronymo
1397 1191 1427 1247 in
1450 1207 1473 1245 o.
1500 1185 1540 1249 18.
1563 1192 1666 1249 ierem
1693 1192 1722 1247 in
1746 1210 1771 1249 8.
1790 1198 1832 1249 31.

126 1275 292 1347 anagnin,
313 1275 355 1332 sie
378 1275 536 1347 praefatur:
574 1276 695 1344 0188881
713 1277 779 1330 tuba
797 1275 968 1344 8888881188,
993 1275 1182 1333 Ezechiae.
1204 1276 1340 1332 l.Titum
1363 1282 1415 1333 etr.
1451 1276 1613 1347 “Cyrinus
1631 1277 1768 1333 Hierosol.
1786 1295 1831 1335 aa·

125 1361 203 1426 ultas
219 1362 349 1432 tonitrui,
374 1379 453 1433 quem
469 1363 554 1416 Jcsus
574 1363 679 1416 emerit
691 1362 861 1431 plurimum,
887 1361 969 1430 8818
993 1360 1063 1417 tech.
1082 1370 1106 1417 1.
1141 1361 1305 1418 Ambrosius
1322 1361 1352 1417 18
1378 1379 1401 1415 c
1422 1367 1446 1417 8.
1481 1361 1550 1416 Luc.
1576 1361 1650 1433 Aug.
1672 1362 1781 1419 deiide
1803 1369 1832 1419 et

121 1455 237 1519 pectore
250 1447 410 1503 8818818818
421 1447 616 1503 doctrinarum
623 1447 859 1516 fluentapotauit.
888 1445 967 1501 Idem
993 1446 1123 1518 operibns
1150 1466 1174 1503 c.
1200 1453 1242 1503 bb.
1260 1446 1355 1517 cyrill
1375 1447 1523 1502 Alexandr.
1546 1446 1582 1502 de
1605 1446 1662 1504 fide
1678 1448 1715 1502 ad
1731 1448 1830 1521 Regin

127 1532 207 1605 epist.
232 1538 290 1591 loe.
308 1533 345 1591 ad
362 1533 521 1589 Paulinum.
556 1533 707 1602 1888888,-
718 1534 834 1600 Patren,
858 1533 966 1587 Johan-
993 1531 1061 1587 Isid.
1074 1533 1168 1589 Pelns.
1182 1532 1230 1588 lib.
1250 1538 1274 1588 1.
1292 1532 1372 1602 epist.
1391 1539 1432 1588 88.
1460 1532 1611 1589 Cassianus
1627 1533 1690 1589 coll.
1709 1540 1733 1601 1,
1751 1552 1774 1590 c.
1789 1541 1829 1592 tt.

126 1635 190 1686 nes,
217 1619 315 1674 ladas
337 1618 463 1690 apostoli
478 1626 581 1688 septem
598 1619 733 1688 epistolam
753 1618 901 1672 ediderunt
918 1625 967 1671 etc.
993 1616 1078 1672 Clem.
1102 1619 1181 1674 Alex.
1204 1618 1222 1671 l.
1250 1624 1273 1673 1.
1298 1618 1437 1674 stromat
1473 1626 1496 1674 t.
1514 1617 1579 1688 lpse
1605 1618 1707 1676 Enseb.
1732 1620 1781 1676 lib.
1803 1625 1828 1676 8.

127 1722 162 1762 ax
178 1720 234 1776 qno
252 1711 384 1776 apparet,
407 1703 608 1775 Hieronymum
634 1705 693 1759 sine
715 1703 900 1759 haesitatione
919 1720 966 1760 eas
992 1703 1056 1759 hist.
1081 1703 1177 1760 eccles.
1204 1721 1228 1757 8.
1260 1709 1298 1759 11.
1316 1703 1408 1773 refert,
1426 1703 1595 1761 Clementem
1610 1705 1829 1763 Alexandrinum

124 1789 249 1849 iohanni
270 1782 435 1863 assignasse:
471 1791 603 1846 Seruanda
629 1791 750 1860 epimolo
776 1789 966 1861 principaliter
991 1787 1117 1862 inlibris
1137 1789 1350 1860 hypotyposeon
1368 1794 1400 1844 ut
1417 1789 1527 1844 inalias
1539 1789 1695 1861 Scripturas
1710 1791 1828 1848 itaetin

126 1877 232 1948 scripta
250 1876 359 1933 ridetur
378 1876 510 1933 adversm
528 1875 700 1947 impietatem
718 1875 849 1933 Basilidis
874 1882 903 1931 ct
924 1892 964 1930 se-
984 1874 1136 1945 epiatolam
1153 1874 1247 1930 badae
1264 1874 1364 1930 breves
1381 1873 1523 1946 scripsisse
1536 1874 1738 1947 explicationes,
1756 1891 1829 1949 quae

127 1970 264 2019 etiterum
282 1963 343 2034 ejus
363 1961 535 2032 docentium,
562 1963 705 2018 Christum
729 1981 786 2017 non
802 1979 897 2017 aarum
915 1963 964 2016 ho·
992 1976 1024 2016 eo
1041 1965 1165 2030 tempore
1181 1959 1274 2014 adhuc
1291 1958 1451 2015 exstiterint.
1828 2030 1831 2037 ι

85 2080 91 2091 -
127 2049 242 2114 mem,
260 2051 311 2103 sed
324 2050 497 2119 phamasma
516 2056 623 2103 1881888
641 2049 739 2117 suase,
758 2049 876 2117 ideoqrsc
892 2048 966 2103 nihii
1026 2051 1085 2101 288.
1110 2045 1299 2116 Argumenta,
1326 2045 1448 2117 quaein
1473 2047 1643 2102 8888881888
1667 2045 1830 2112 8188188188,

127 2151 221 2190 eorum
243 2133 288 2188 rei
301 2135 411 2201 fecisse
430 2134 474 2195 cet
494 2151 614 2203 pureum
642 2151 716 2201 asse,
745 2151 816 2204 quac
833 2134 909 2187 81888
926 2141 965 2187 est
990 2130 1098 2202 potiora
1122 2131 1191 2187 haec
1218 2135 1290 2185 sunt.
1334 2137 1358 2188 1.
1385 2132 1423 2184 18
1445 2132 1602 2202 sumpturis
1630 2134 1722 2187 888818
1749 2132 1829 2189 nuta

126 2222 224 2284 facem
234 2218 278 2275 acl
288 2221 356 2290 pati
367 2219 508 2291 Epiphan.
520 2219 627 2276 haeres.
641 2225 682 2275 24.
703 2218 867 2275 (1888118188
880 2218 966 2290 igitur
991 2226 1131 2288 apparant
1148 2218 1266 2287 88811818
1286 2218 1477 2283 tectoriorum,
1497 2236 1569 2288 8888
1588 2220 1618 2273 18
1638 2219 1692 2273 hac
1709 2219 1830 2288 epistola

127 2305 191 2363 Joh.
210 2305 324 2359 mulieri
340 2306 450 2371 8188188,
468 2304 497 2359 id
515 2312 571 2374 est,
596 2304 685 2360 nobili
708 2321 742 2359 ae
759 2305 911 2375 praestanti
929 2304 965 2361 ad
990 2304 1160 2374 8118888188.
1211 2304 1264 2358 Ubi
1297 2304 1368 2357 anim
1399 2311 1488 2359 888181
1518 2305 1639 2358 11818818
1668 2305 1829 2361 8118888118-

126 2390 267 2446 Ghristnm
291 2407 454 2459 conversae,
477 2396 505 2445 et
530 2392 591 2462 ejus
617 2389 693 2456 filiis,
721 2391 796 2462 quod
817 2406 911 2447 reram
930 2391 965 2447 de
990 2391 1035 2444 nia
1063 2390 1136 2444 inter
1159 2390 1328 2445 Michae'tem
1353 2390 1553 2459 archeopolim
1575 2398 1601 2445 et
1626 2391 1771 2447 1118181818
1792 2392 1829 2445 dc
1842 2405 1871 2446 11.
1885 2400 1930 2444 tta

127 2476 237 2533 Christo
259 2476 328 2532 Jesu
349 2475 433 2531 fidem
454 2481 581 2544 teneant,
603 2493 637 2531 ac
660 2476 801 2546 hortatur,
827 2481 859 2531 ut
880 2476 910 2530 in
933 2492 967 2530 ea
990 2493 1107 2546 corpora
1140 2476 1272 2544 Moysis!
1321 2476 1406 2546 Resp.
1458 2463 1696 2543 Quemadmodum
1722 2475 1830 2532 Paulus

126 2567 317 2633 perseverent,
343 2578 378 2619 ac
404 2579 455 2633 per
479 2562 623 2617 caritatem
649 2567 678 2617 et
700 2562 774 2617 bons
797 2578 883 2631 opera
904 2578 965 2618 eam
990 2562 1103 2619 nomina
1126 2578 1270 2634 magorum
1293 2561 1393 2617 imnis
1422 2566 1451 2617 et
1473 2561 1595 2617 Jambris
1621 2578 1656 2617 ex
1680 2561 1830 2617 traditione

128 2653 449 2705 88888818881888888
469 2647 506 2703 ab
526 2646 687 2704 haeresibus
704 2654 732 2702 et
749 2647 902 2703 haeresium
921 2664 965 2702 ar·
991 2648 1066 2704 citat.
1102 2654 1124 2705 2.
1152 2647 1215 2703 Tim
1248 2653 1277 2715 3,
1302 2665 1328 2702 v.
1355 2647 1440 2705 8118
1463 2664 1574 2720 quoque
1599 2647 1690 2703 iudas
1714 2647 1829 2703 alterca-

128 2733 254 2791 chitectis
282 2751 388 2789 summo
420 2733 514 2790 studio
542 2724 687 2789 careant'
721 2734 816 2788 Tertia
846 2733 966 2802 epistola
992 2733 1094 2789 1188818
1118 2733 1195 2789 illam
1213 2732 1358 2789 Michalilis
1376 2733 1535 2805 archangeli
1554 2740 1583 2788 et
1600 2732 1712 2789 diaboli
1746 2732 1830 2789 Adde

129 2818 305 2877 commendat
324 2818 437 2891 Cajum,
467 2819 541 2891 qued
564 2826 667 2875 rectam
690 2819 725 2875 de
748 2816 857 2874 Christo
882 2817 966 2873 fidem
992 2818 1067 2890 quod
1090 2818 1209 2890 88811818
1230 2818 1305 2873 illius
1327 2818 1458 2875 historiae
1482 2819 1512 2874 in
1534 2819 1606 2876 libro
1627 2818 1762 2877 masmae
1785 2835 1830 2877 ex·

128 2909 236 2973 teneat,
261 2919 377 2977 eamque
398 2903 529 2975 operibus
554 2903 677 2959 caritatis
697 2910 821 2972 exornet,
847 2918 967 2974 eumque
992 2904 1238 2970 118811188181,
1266 2924 1290 2959 8.
1311 2910 1327 2961 8
1356 2911 1599 2973 commemoratur,
1623 2907 1701 2974 quod
1727 2922 1830 2974 corpas

127 2989 268 3060 hortatur,
290 2994 323 3045 nt
346 2989 377 3044 in
400 2989 466 3046 fidei
490 2989 648 3046 sinceritate
672 2997 701 3047 et
723 2990 797 3045 ritae
821 2989 967 3044 sanctitate
993 2990 1142 3058 Mopsum
1159 2992 1285 3045 Domino
1300 2992 1332 3045 18
1346 2991 1421 3045 valle
1432 2991 1533 3044 montis
1544 2991 1679 3045 Nabataeis
1690 2989 1829 3058 81188881-

129 3080 288 3131 constanter
306 3081 479 3145 perseueret,
498 3091 550 3131 nee
567 3074 741 3147 Diotrephis,
766 3074 816 3131 sed
833 3073 969 3131 Demetrii
993 3083 1066 3144 tum,
1097 3078 1228 3146 quodque
1259 3077 1411 3132 Israelitaa
1436 3077 1594 3145 sepulcrum
1613 3076 1691 3131 iilud
1716 3076 1830 3143 188888-

129 3160 286 3233 exemplum
303 3159 356 3217 bac
372 3160 402 3215 in
420 3177 450 3215 re
467 3167 609 3231 aequatur.
992 3163 1089 3217 888181.
1116 3162 1236 3218 Videtur
1255 3162 1341 3234 igitur
1355 3162 1482 3218 diabolus
1494 3162 1565 3217 illud
1576 3160 1709 3218 Isra‘e'litis
1723 3159 1830 3230 patcia-

71 3269 83 3308 8
161 3245 422 3317 2818888818
439 3245 546 3301 Judae.
580 3246 641 3304 Nec
660 3246 730 3302 haec
749 3247 804 3303 1811
823 3250 900 3301 arna
919 3245 968 3301 du·
994 3263 1057 3303 cere
1081 3247 1214 3314 voluisse,
1240 3254 1271 3302 ut
1299 3247 1503 3303 idololatricam
1531 3245 1636 3301 cultum
1662 3245 1737 3300 circa
1759 3245 1830 3301 illud

85 3391 91 3402 ‚
128 3329 273 3388 bitationis
290 3330 382 3388 aleam
402 3331 478 3403 apud
497 3346 592 3387 omnes
612 3331 676 3386 olim
695 3331 795 3402 posits.
830 3331 968 3387 Eusebius
995 3333 1184 3400 instituerent,
1214 3333 1287 3390 sicut
1315 3337 1442 3403 serpente
1468 3347 1555 3387 aeneo
1583 3330 1619 3384 ad
1645 3328 1831 3387 idololatriam

128 3416 174 3474 th
194 3422 220 3474 2.
246 3415 312 3472 hist.
335 3415 433 3473 eccles.
458 3435 482 3473 c.
505 3422 547 3475 23.
582 3418 648 3471 Non
671 3418 753 3471 multi
777 3434 810 3471 er
832 3418 969 3471 veteribus
993 3425 1090 3490 postea
1107 3423 1173 3472 sunt
1189 3417 1277 3473 abusi.
1313 3417 1369 3474 Sed
1386 3415 1506 3472 1111818881
1527 3415 1710 3487 archangelus
1734 3414 1830 3471 (118118

127 3503 292 3559 mentionem
309 3503 424 3570 focium
443 3502 580 3573 epistolae
599 3503 716 3571 Jacobi,
738 3504 810 3557 81881
833 3520 882 3556 acc
907 3503 968 3570 ejus
993 3503 1050 3558 lum
1080 3502 1229 3574 prohibuit.
1281 3503 1348 3558 Fuit
1376 3502 1442 3558 elim
1472 3501 1605 3574 scriptum
1624 3501 1708 3557 fitulo
1724 3501 1828 3576 wne

128 3588 315 3660 guacJudaa
333 3587 509 3656 inscribitur,
538 3604 600 3641 cum
624 3595 651 3643 ct
669 3588 734 3657 ipra
749 3606 807 3642 una
824 3589 968 3641 8118888-
994 3579 1074 3661 mliii
1103 3588 1231 3643 dimissio
1252 3590 1362 3657 Moysis
1384 3606 1417 3643 88
1433 3589 1487 3643 hac
1504 3589 1572 3644 cito.
1606 3586 1831 3656 (1888888νᾶ18-

123 3683 209 3745 ptenr,
229 3691 303 3745 8888
318 3673 475 3729 8811811888
493 3673 684 3744 appellantur.
719 3675 850 3728 Attamen
866 3673 968 3727 881888
995 3675 1221 3744 8881888188,
1248 3674 1278 3729 in
1302 3691 1336 3730 8ο
1360 3674 1546 3744 8881188818,
1572 3691 1645 3747 quse
1664 3674 1701 3728 de
1718 3690 1833 3745 corpore

127 3769 153 3816 at
176 3760 249 3815 istae
272 3775 333 3813 cum
357 3759 475 3828 88118818
495 3758 609 3827 publica
635 3759 667 3812 in
690 3759 822 3830 plurimis
846 3758 969 3812 88818118
993 3759 1099 3831 Moysis
1129 3759 1182 3814 hoc
1213 3760 1275 3816 loco
1304 3760 1432 3816 citantur.
1477 3759 1597 3825 Quidam
1622 3759 1831 3816 altercationem

128 3845 185 3916 tegi
204 3843 254 3903 lib.
279 3849 308 3912 ³,
332 3859 356 3899 c.
379 3848 420 3903 22.
443 3841 516 3898 inter
538 3841 586 3905 τὰς
610 3842 825 3915 ἀντιλεγομέναις
843 3851 969 3900 numerat
992 3845 1068 3901 illam
1086 3844 1127 3901 sic
1149 3844 1303 3916 accipiunt,
1327 3846 1401 3915 quod
1427 3846 1544 3917 angelus
1565 3844 1725 3916 praebuerit
1753 3845 1832 3901 mini·

128 3929 222 3988 dudae
239 3927 392 4000 epistolam
427 3927 615 4001 Hieronymus
640 3928 669 3984 in
696 3930 777 3986 catal.
800 3930 850 3985 sir.
869 3929 967 3985 illustr.
993 3931 1108 3987 sterium
1126 3930 1156 3986 in
1174 3930 1334 4001 8888118818
1351 3929 1463 4001 Moyse,
1484 3931 1514 3984 id
1537 3947 1603 3987 rere
1620 3930 1742 3989 noluisse
1759 3929 1832 3987 ferre

125 4017 224 4073 dedas
242 4015 350 4071 Jocobi
358 4016 459 4081 frater
472 4034 595 4086 paruam
615 4017 744 4087 quidam,
769 4032 841 4087 quae
868 4018 904 4069 dc
923 4033 968 4069 ca·
995 4016 1146 4086 diabolum,
1163 4015 1212 4089 qui
1231 4016 1436 4072 accusationem
1453 4015 1610 4084 obverterit,
1628 4015 1832 4087 qussittoyses

127 4099 241 4157 11811818
269 4108 317 4170 est,
348 4099 462 4169 reliquit
490 4101 652 4170 epistolam,
686 4109 710 4156 et
740 4102 808 4171 8818
838 4103 874 4156 de
895 4101 968 4155 libro
995 4109 1109 4175 propter
1127 4103 1241 4158 caedem
1259 4102 1397 4175 Aegyptii
1416 4102 1503 4173 ipsius
1522 4108 1607 4171 aser,
1633 4118 1666 4159 ac
1684 4107 1832 4173 propterea

128 4187 255 4254 18888811,
276 4187 326 4256 qui
346 4187 524 4257 apocryphus
543 4194 597 4256 est,
615 4188 645 4241 in
663 4203 697 4242 aa
716 4188 969 4243 8888ωᾶ181188-
994 4206 1049 4243 non
1068 4188 1237 4259 permiserit,
1262 4194 1293 4242 ut
1318 4187 1430 4258 Moyses
1452 4185 1631 4243 honorificam
1650 4202 1830 4256 consequere·
1871 4203 1874 4211 ¹

127 4273 214 4340 81888,
235 4289 255 4326 8
266 4271 414 4341 plerisque
429 4272 570 4342 enatus,
588 4282 680 4327 tamen
697 4273 889 4327 cauteriatam
902 4273 968 4341 jam
994 4278 1040 4326 tur
1057 4274 1235 4344 sepulturam.
1271 4273 1326 4331 Sed
1349 4273 1424 4342 prior
1448 4270 1596 4342 explicatio
1614 4277 1658 4326 est
1673 4270 1831 4342 simplicior.

125 4363 261 4413 saurus
278 4363 305 4410 ct
321 4374 374 4410 usu
391 4357 499 4411 meruit.
534 4356 685 4427 cajetanus
707 4356 736 4411 in
762 4373 859 4413 comm.
884 4356 968 4428 hujus
994 4362 1018 4413 2.
1045 4360 1154 4413 Auctor
1182 4359 1318 4429 epistotae
1343 4357 1460 4411 assumit
1485 4356 1670 4410 testimonium
1696 4372 1729 4410 88
1757 4356 1830 4411 libre

124 4440 206 4514 epist
236 4442 363 4497 Minoris
393 4451 433 4497 cst
462 4442 639 4497 8818118118
667 4443 736 4497 haec
766 4442 886 4512 88181818
921 4443 966 4508 118,
995 4444 1109 4512 Enoch,
1126 4445 1176 4514 qui
1192 4445 1370 4514 apocryphus
1389 4450 1436 4496 cat.
1470 4441 1555 4511 Resp.
1572 4439 1761 4496 Tertullianus
1781 4440 1830 4498 lib.

124 4544 198 4599 quae
221 4535 285 4583 sunt
314 4536 407 4584 certae
432 4529 616 4583 auctoritatis.
659 4527 790 4584 Erasmus
818 4526 847 4583 in
869 4544 966 4585 comm.
994 4531 1028 4586 de
1054 4529 1141 4585 habit
1160 4528 1286 4585 muliebr.
1305 4535 1334 4585 81
1350 4528 1429 4584 Beda
1450 4527 1480 4581 in
1503 4531 1649 4583 comment.
1672 4525 1710 4593 h„
1723 4526 1830 4597 epistol.

124 4631 151 4686 p.
164 4619 231 4671 541:
261 4615 361 4682 Leonta
379 4631 459 4684 quem
478 4615 609 4669 11881181
627 4616 737 4684 Judas,
755 4622 860 4668 mumius
878 4624 918 4670 cst
935 4632 967 4670 cc
993 4616 1172 4685 contendunt,
1190 4614 1292 4671 librum
1309 4613 1405 4669 Enodi
1421 4630 1517 4669 verum
1535 4619 1564 4669 et
1583 4611 1745 4669 canonicum
1762 4619 1830 4669 tem·

125 4699 298 4771 apocryphir
315 4701 517 4768 Hebraeorum,
535 4709 560 4753 at
579 4708 609 4753 81
628 4703 667 4757 D.
687 4701 876 4770 Hieronymus
893 4702 967 4755 indi·
993 4717 1060 4773 pore
1083 4701 1176 4756 indae
1203 4700 1232 4754 in
1257 4699 1388 4755 manibus
1415 4698 1556 4755 hominum
1573 4697 1665 4754 adhuc
1686 4698 1830 4755 exstitisse.

125 4793 171 4839 cat
198 4785 231 4839 iss
255 4785 463 4841 commentariis
487 4786 517 4841 in
539 4786 617 4856 eps'st.
642 4788 684 4839 ad
714 4786 806 4840 Titum
829 4803 861 4841 aa
885 4787 968 4857 libro,
993 4787 1106 4843 Hieron.
1126 4786 1155 4840 in
1175 4785 1363 4841 81111888
1380 4783 1556 4855 Augustinus
1577 4783 1624 4841 lib.
1654 4789 1693 4840 lb.
1717 4783 1753 4838 (18
1778 4785 1830 4841 cir.

124 4870 176 4941 881
197 4869 444 4925 8181888818
469 4871 581 4938 Enoch,
605 4872 680 4925 88818
704 4878 729 4924 et
754 4873 818 4941 ipm
846 4873 968 4942 epistola
993 4871 1047 4927 Dei
1065 4889 1089 4926 c.
1110 4877 1150 4927 23.
1174 4876 1203 4927 81
1225 4870 1274 4925 lib.
1300 4876 1340 4939 18,
1364 4886 1388 4925 8.
1418 4875 1460 4926 38.
1486 4868 1668 4940 respondent:
1693 4870 1777 4923 ctiam
1801 4870 1830 4925 ia

123 4973 182 5011 aaa
219 4957 313 5011 caruit
350 4955 517 5024 8888181888.
569 4954 673 5010 Hister.
706 4956 804 5012 eccles.
835 4956 967 5030 blagdeb.
994 4957 1164 5027 apocryphis
1193 4957 1307 5025 atimsid
1329 4956 1391 5013 8881
1415 4970 1488 5019 mse,
1516 4962 1542 5010 et
1567 4955 1677 5008 Jnaam
1702 4971 1734 5008 ca
1758 4955 1831 5010 libre

125 5040 206 5099 cent.
228 5047 251 5097 1.
269 5040 318 5097 lib.
334 5045 360 5111 2,
378 5057 402 5097 8.
424 5048 447 5099 t.
466 5040 573 5112 aliquot
591 5041 713 5097 rationes
734 5043 874 5113 assignat,
895 5061 968 5115 qnae
995 5043 1155 5114 apocrypho
1173 5043 1224 5097 hoc
1239 5042 1406 5112 protulr'sse,
1433 5056 1485 5097 nee
1511 5046 1604 5096 tamen
1626 5045 1774 5112 propterea
1790 5048 1830 5101 tc·

69 5116 79 5141 ⁹
123 5126 220 5184 dudae
238 5125 387 5198 epistolam
406 5143 462 5183 non
480 5143 539 5182 esse
556 5126 707 5198 genuinam
725 5133 853 5198 arguant
992 5134 1051 5182 tum
1080 5127 1181 5183 librum
1207 5125 1392 5197 approbasse,
1425 5143 1488 5181 cum
1516 5124 1659 5195 apeatolus
1685 5125 1769 5183 aian
1795 5143 1830 5185 ax

70 5226 110 5272 aa
158 5216 221 5271 288.
248 5210 305 5268 aad
327 5211 401 5271 enin
429 5211 500 5268 hanc
525 5211 672 5282 epistolam
699 5229 759 5267 esse
785 5170 1109 5284 8888181188181811181818
1128 5212 1219 5282 potitis
1242 5208 1398 5266 testimonia
1417 5209 1553 5280 proferat,
1580 5228 1632 5275 uec
1655 5216 1750 5268 tamen
1773 5212 1830 5269 illia

120 5294 234 5370 probat.
282 5296 483 5371 1188188881.
527 5284 1186 5371 888188(118881888888811811888188118188
1211 5293 1372 5350 canonicam
1398 5293 1520 5350 tribuere
1541 5294 1666 5351 voluerit.
1708 5297 1829 5363 Quidam

120 5382 235 5437 «ludam
262 5382 334 5438 Jctu
363 5382 470 5439 Christi
498 5400 607 5437 8888881
637 5402 671 5437 ac
696 5384 824 5452 fratrem
854 5368 1173 5453 Ι188811.1881188881881,
1198 5381 1303 5437 indam
1330 5397 1385 5434 non
1411 5385 1469 5434 tam
1492 5379 1529 5434 ad
1554 5381 1666 5437 certate
1688 5383 1829 5453 quoddam

122 5473 147 5524 2.
182 5466 312 5523 Materia
347 5466 485 5525 Convenit
516 5468 586 5525 baec
613 5468 730 5539 epistola
759 5473 788 5524 81
821 5450 1164 5537 8881881118188118181818,
1192 5466 1332 5560 quemad
1350 5467 1443 5533 reate,
1469 5465 1497 5521 h
1515 5483 1541 5523 8.
1559 5466 1596 5525 ad
1614 5466 1739 5525 ordinem
1756 5468 1830 5529 im·
