3984 6022
151 282 153 284 ,
205 207 306 266 svm
960 209 1149 269 semrom

205 357 423 441 'ceremoniam
458 378 496 436 et
528 368 720 451 cantilenas
752 370 787 441 in
815 371 938 464 templo
967 372 1062 441 arcis
1090 369 1271 442 emendare
1298 373 1440 465 coepit
1472 367 1529 441 Ea
1554 369 1614 440 illo
1641 369 1793 463 tempore
1820 391 1902 438 vera

207 505 242 566 et
273 496 414 564 sincero
449 491 609 567 doctrina
645 497 823 594 cumigclii
849 499 924 568 sine
961 498 1030 569 ulla
1066 497 1286 571 humanarum
1313 497 1532 569 traditionum
1560 522 1602 569 ac
1630 498 1904 591 corruptelarum

196 624 377 717 plumenta
413 623 448 692 in
486 623 639 693 omnihus
675 626 779 696 tatius
812 624 912 696 urhi's
944 627 1078 721 templis
1104 649 1241 722 semper
1267 625 1434 699 hactenus
1452 626 1534 718 suit
1555 626 1684 721 populo
1704 625 1901 719 proposito,

207 750 473 824 succedentibus
506 752 541 822 in
574 753 764 833 nmisnm‘o
797 755 892 824 serie
917 778 983 825 non
1011 757 1208 850 interrupta
1235 757 1322 825 ueris
1348 753 1540 826 eruditione
1564 765 1600 825 et
1618 755 1751 847 pietate
1781 747 1903 824 claris·

206 882 316 970 simis,
347 904 393 949 cn
419 879 542 974 quihus
568 853 658 951 mihi
674 883 750 953 noti
764 880 874 970 ficere
900 886 966 957 M.'
982 880 1189 953 Fridericus
1215 879 1442 976 Ahstarffius,
1472 880 1520 953 M.
1548 880 1712 952 Andreas
1737 879 1909 974 Leopoldi

206 1006 529 1103 superintendentes
565 1020 600 1079 et
628 1005 895 1081 'conciimatores
931 1012 1059 1100 aulici,·
1096 1009 1145 1083 M.
1172 1009 1456 1082 Bartholomaeus
1483 1008 1703 1098 Bmtromus,
1738 1007 1906 1080 Andreas

210 1135 388 1228 Brundes,
414 1133 589 1207 lohannes
617 1136 788 1227 Arndius,
817 1135 1028 1210 Bartholdus
1052 1136 1089 1208 V
1086 1134 1277 1226 elsteinius‚
1304 1137 1354 1209 M.
1384 1134 1558 1235 Georgius
1584 1134 1757 1208 Schollius
1779 1132 1816 1233 (a
1840 1158 1904 1229 quo

208 1237 324 1345 coeris
345 1261 559 1352 ,Christianis
585 1266 741 1336 iriitiatus
768 1263 859 1362 sum)
870 1317 883 1355 ,
922 1264 1097 1338 lohannes
1125 1265 1180 1338 W
1177 1264 1388 1363 eidh'ngims,
1427 1265 1582 1337 lacobus
1608 1263 1757 1360 Apeh'us
1784 1274 1820 1334 et
1844 1264 1910 1334 ah'i

210 1394 422 1488 complures,
465 1395 527 1488 qui
552 1403 734 1488 postquam
759 1417 823 1467 sua
850 1405 963 1465 aetate
987 1396 1223 1466 inseruiemmt
1248 1392 1316 1465 Dei
1339 1395 1507 1484 consilia,
1535 1395 1596 1489 pie
1615 1391 1822 1488 placideque
1850 1391 1906 1462 oh·

210 1521 445 1612 dormiturum
479 1531 515 1591 et
548 1518 705 1615 appositi
731 1533 813 1594 sunt
842 1521 1005 1617 patribus
1029 1524 1117 1611 suis,
1155 1533 1206 1592 uti
1232 1523 1355 1596 Actor.
1386 1523 1455 1615 13,
1492 1546 1521 1595 o.
1550 1523 1599 1594 36
1633 1519 1785 1616 Spiritus
1809 1544 1839 1592 s.
1864 1517 1906 1588 de

206 1652 344 1746 piorum
370 1644 466 1734 alito
492 1650 666 1744 loquitur:
704 1647 773 1738 (lui
795 1652 829 1720 in
861 1653 1033 1743 ἐπισκοπῇ
1063 1661 1099 1720 et
1121 1651 1311 1722 ministerio
1340 1652 1411 1721 illis
1437 1660 1703 1739 successerunt,
1734 1659 1770 1718 et
1793 1644 1906 1719 adhuc

210 1778 279 1850 Bai
289 1779 421 1876 ⁴gratia
455 1779 594 1867 uiuunt,
633 1802 700 1883 itan
726 1775 915 1849 minorihus
941 1775 1094 1873 Spiritus
1117 1802 1147 1849 s.
1180 1778 1278 1851 donis
1305 1781 1424 1851 ornati
1446 1791 1546 1869 scuit,
1584 1802 1648 1850 nec
1675 1779 1907 1849 meteororum

199 1902 329 2001 fructu
361 1928 447 2000 opus
485 1902 624 1976 Domini
642 1906 791 1997 jaciunt
820 1905 1031 2001 praeclarae
1066 1903 1276 1978 eruditionis
1301 1931 1372 1979 cum
1401 1930 1485 1978 uera
1507 1910 1660 2002 pietate,
1699 1905 1907 1976 humanitate

211 2046 246 2106 et
283 2030 453 2105 modestia
489 2035 697 2128 conjunctae
735 2032 836 2105 laude
869 2039 1002 2105 omnino
1039 2034 1245 2132 dignissimi.
1301 2032 1344 2109 Si
1373 2059 1395 2106 a
1430 2037 1563 2130 templis
1599 2033 1646 2105 ad
1678 2035 1808 2105 curcum
1844 2056 1908 2103 nos

211 2163 455 2256 conseramus,
494 2159 785 2256 deprehendemus
819 2163 853 2233 in
868 2160 870 2164 ’
887 2184 929 2232 ea
963 2163 1115 2233 eastitatis
1147 2165 1312 2260 regimme
1348 2161 1516 2234 hactenus
1536 2161 1761 2258 praesedisse
1788 2169 1822 2230 et
1849 2158 1907 2230 ad·

210 2289 278 2363 hue
308 2268 516 2386 praesidere
554 2291 649 2360 otras
683 2300 817 2381 aetate,
849 2288 1061 2384 prudentio,
1100 2293 1307 2362 auctoritate
1332 2302 1369 2361 et
1393 2293 1609 2386 esperientia
1635 2285 1909 2386 spectatissimos

203 2416 374 2514 iustitiae
400 2418 609 2513 praesides,
661 2418 815 2488 cultores
847 2429 883 2487 et
920 2413 1122 2513 descensores
1157 2414 1463 2516 vigilantissimos,
1508 2417 1571 2515 qut
1605 2416 1731 2489 ciuium
1762 2418 1909 2493 sulutem

206 2543 358 2624 ,omninum
396 2569 534 2617 snorum
555 2525 804 2617 'consiliorum
843 2556 880 2617 et
916 2543 1087 2618 actionum
1127 2548 1238 2644 legem
1271 2571 1462 2643 supremam
1495 2544 1570 2618 sahi
1601 2556 1817 2633 statuerunt,
1866 2568 1910 2616 ac

211 2671 296 2747 totis
331 2699 370 2745 eo
389 2672 603 2745 <allaborant
633 2671 788 2765 oirchus,
826 2686 864 2744 ut
895 2696 999 2769 remp
1029 2671 1207 2769 patrnam,
1241 2699 1338 2770 quam
1363 2700 1387 2746 a
1411 2674 1604 2772 maj0rihus
1620 2670 1909 2770 florentissimam

209 2815 435 2899 aeceperunt,
465 2800 514 2874 iii
530 2801 649 2873 eodem
674 2813 767 2872 statu
785 2804 940 2897 posteris
962 2800 1172 2898 relinquant.
1210 2800 1425 2877 Consulatum
1451 2788 1524 2874 mio
1552 2815 1704 2897 tempore
1720 2812 1912 2902 gesserunt

212 2930 420 3004 Ambrosius
453 2928 641 3016 llic'helius,
688 2930 813 3001 Petrus
846 2929 1083 3028 Sichelingius
1121 2927 1200 3028 (qui
1238 2956 1283 3002 cn
1326 2955 1429 3003 sacro
1466 2928 1687 3027 baptismatis
1716 2926 1823 3025 sonte
1857 2954 1910 2999 me

209 3056 400 3158 suscepit),
438 3058 609 3131 Nicotaus
640 3058 837 3150 Tulichius,
872 3057 1048 3130 lohannes
1074 3057 1341 3148 Steinccherus,
1368 3059 1554 3131 lotharius
1581 3058 1761 3147 Lilderus,
1796 3081 1911 3128 omnes

210 3196 267 3258 νῦν
300 3191 333 3257 ὲν
366 3185 494 3278 spinam
527 3183 589 3258 illi
610 3183 720 3258 Vohis
742 3184 815 3258 oiri
835 3184 1058 3282 amplissimi,
1093 3183 1176 3258 Tchi
1194 3184 1332 3283 cnqciam
1359 3186 1420 3262 un.
1447 3188 1597 3261 Nicolae
1623 3185 1800 3275 Schultzi,
1833 3181 1917 3256 Tibi

207 3315 300 3394 on.»
323 3311 568 3408 christophore
601 3313 736 3388 Norico
743 3367 755 3407 ,
789 3339 832 3387 ae
870 3313 953 3387 titt
983 3314 1050 3387 Do.
1081 3314 1176 3387 Bodo
1205 3312 1345 3387 Blucthi
1376 3327 1412 3386 et
1436 3312 1584 3413 collegis
1610 3311 1738 3385 uestris
1764 3312 1912 3385 honora-

205 3440 359 3514 *tissimus
383 3442 542 3536 lampada
564 3441 746 3539 regiminis
770 3440 878 3514 civici
897 3443 1128 3535 tradiderunt,
1158 3444 1247 3514 unde
1264 3445 1360 3514 nohis
1376 3441 1470 3515 nihil
1480 3440 1593 3540 meges
1615 3439 1650 3514 in
1666 3440 1755 3512 vatis
1769 3439 1910 3537 optatis·

214 3595 292 3668 que,
321 3592 418 3666 quam
439 3579 475 3639 ut
499 3568 754 3643 laudatissimis
773 3581 1030 3643 antecessorum
1051 3575 1209 3670 uestigiis
1230 3570 1386 3664 fideliter
1404 3568 1603 3643 assistentes
1625 3567 1747 3642 ciuium
1765 3572 1913 3641 salutem

212 3707 255 3770 at·
269 3695 541 3770 incolumitatem
562 3711 692 3771 sartam
711 3710 834 3771 tectam
856 3698 1083 3792 conservetis,
1112 3723 1181 3795 qna
1202 3697 1238 3771 in
1261 3724 1302 3772 re
1322 3699 1423 3771 etiam
1442 3697 1533 3770 notos
1550 3723 1594 3770 ac
1612 3697 1767 3770 consiliis
1784 3696 1913 3769 uestris

204 3823 436 3924 felicissimus
463 3827 652 3923 respondet
669 3839 822 3900 euentus.
870 3826 1094 3924 Reipublicae
1120 3831 1208 3900 enim
1230 3826 1321 3918 fidei
1338 3840 1474 3900 necnee
1504 3829 1704 3900 commissae
1722 3850 1841 3898 novun
1860 3824 1913 3898 ito

211 3954 437 4055 guhemiatis,
464 3968 502 4027 ut
520 3981 583 4028 nee
601 3959 635 4028 in
654 3981 697 4027 ca
718 3951 904 4054 dirigenda
920 3955 1124 4053 prudentia,
1150 3980 1214 4028 nec
1234 3959 1269 4028 in
1291 3956 1502 4028 sustinendis
1519 3952 1697 4027 lahom'hus
1717 3959 1913 4047 polemonia,

215 4109 279 4158 nec
307 4082 342 4156 in
368 4082 581 4156 sustinendis
608 4082 766 4156 adversis
787 4082 980 4181 patientia,
1010 4097 1073 4157 nte
1098 4082 1134 4156 in
1161 4097 1257 4156 recto
1286 4109 1392 4156 cursu
1414 4084 1559 4157 tacendo
1587 4085 1694 4155 animi
1704 4085 1913 4179 praesentia

209 4211 376 4310 cuiquam
404 4212 565 4284 Vestrum
590 4237 735 4310 unquam
755 4212 908 4307 probari
926 4211 1043 4307 possit
1067 4211 1233 4305 defuisse.
1283 4213 1333 4283 De
1361 4213 1408 4284 Te
1432 4213 1681 4285 consultissime
1699 4211 1762 4284 Dn.
1789 4209 1828 4281 D.
1849 4209 1913 4281 Ja-

217 4341 347 4414 hannes
375 4341 526 4412 Mullere
552 4339 636 4437 quid
663 4339 807 4412 alicam?
840 4343 933 4412 ultra
960 4350 1032 4411 tres
1059 4365 1224 4412 annoricm
1245 4341 1404 4413 decurias
1427 4341 1725 4438 syndi‘ci'munere
1742 4341 1776 4410 in
1791 4341 1913 4434 patria

209 4494 290 4566 rep.
316 4479 411 4541 tanta
433 4467 629 4561 industria,
658 4469 878 4540 solicitudine
901 4480 936 4538 et
957 4468 1165 4540 denteiitate
1183 4465 1377 4567 fungeris,
1407 4483 1445 4540 ut
1466 4493 1588 4566 parem
1614 4467 1680 4540 hac
1709 4471 1743 4539 in
1769 4491 1810 4538 re
1834 4489 1913 4539 suo·

220 4622 389 4671 cessorem
418 4601 479 4669 nis
502 4598 654 4670 cu'deoris
680 4587 884 4687 habiturus,
921 4595 1138 4692 superiorem
1167 4607 1260 4687 certe
1286 4595 1463 4669 nemmem.
1522 4598 1626 4669 Tuum
1653 4599 1687 4669 in
1715 4593 1914 4668 euoluendis

219 4723 426 4825 theologicis
448 4723 595 4821 scriptis
620 4725 769 4799 studium
794 4721 1017 4821 emisissem,
1049 4726 1216 4797 derebus
1242 4723 1357 4797 saeris
1385 4738 1420 4796 et
1440 4728 1596 4822 politicis
1613 4725 1787 4822 judicium
1811 4747 1915 4794 aceu-

219 4866 351 4947 ratum,
387 4879 475 4954 erga
503 4856 723 4927 ecclesiarum
750 4866 785 4925 ct
807 4851 1001 4925 scholarum
1029 4856 1203 4926 ministros
1232 4878 1272 4926 ac
1299 4856 1437 4949 quosvis
1457 4854 1611 4927 eruditos
1637 4852 1803 4949 affectum
1830 4854 1916 4924 intc-

217 4996 383 5057 meratum
418 5007 514 5055 nemo
542 4986 709 5081 ignorare
742 4993 879 5078 potest,
918 4986 978 5054 cui
1000 5006 1153 5074 ammius,
1190 4981 1282 5072 mla,
1321 5005 1435 5054 mores
1461 4996 1498 5054 et
1523 4985 1676 5054 acnsnes
1703 4995 1784 5053 tuoe
1805 4982 1915 5076 paulo

210 5109 373 5208 *penitius
398 5123 480 5183 sunt
499 5123 701 5209 perspecta.
757 5110 799 5184 Si
822 5137 868 5184 ee
892 5114 991 5182 curia
1019 5111 1066 5182 ail
1088 5110 1240 5182 scholam
1268 5122 1496 5202 transeamus,
1525 5135 1567 5182 aa
1592 5112 1809 5205 superiorum
1836 5120 1916 5180 tem

213 5264 337 5337 porum
358 5240 537 5315 historiam
559 5242 738 5336 paululum
761 5242 1035 5336 perlustramus,
1066 5237 1354 5334 deprehendemus
1381 5265 1427 5345 eo
1452 5238 1770 5336 (lucdlinhurgcnsi
1791 5236 1917 5309 schola
