3984 6022
215 236 275 294 ios
471 300 473 306 s
905 221 1207 282 noousuuarnrs

215 385 304 440 solum
331 384 441 441 realiter
464 383 512 438 sed
537 382 619 438 etiam
638 383 821 439 essentialiter
838 382 1047 453 distinguamur
1072 384 1117 434 tas
1141 398 1162 435 s.
1188 380 1373 436 ιιάιιιίιιιιιτιιιὶ
1388 382 1486 454 jussit,
1515 401 1547 440 eo
1570 383 1631 455 ipso
1647 383 1777 451 Patrem,
1804 383 1906 441 Filium

216 488 251 526 ac
270 478 439 542 separantur,
459 470 507 524 sed
527 487 659 541 personae
678 469 816 534 trinitatis,
836 486 908 540 qnae
925 469 954 522 in
970 468 1046 522 hisce
1072 470 1101 519 et
1119 465 1251 536 Spiritum
1269 486 1291 522 s.
1319 485 1405 523 unum
1423 469 1513 524 Βοιιιιι
1539 487 1557 523 a
1583 468 1662 525 nobis
1688 469 1811 526 invocari
1828 489 1904 570 prse-

216 558 335 613 exteruis
361 555 491 627 symbolis
517 574 546 611 se
573 556 762 624 manifestant,
790 556 907 610 realiter
925 554 1046 625 quidem,
1071 552 1152 623 cepit.
1190 559 1213 608 3.
1231 554 1416 609 Institutiouis
1435 554 1519 626 hujus
1537 561 1652 627 tempus.
1690 556 1763 611 Cum
1781 556 1905 613 Christus

215 662 271 699 non
291 651 382 698 mmen
399 643 591 710 essentialiter,
612 643 661 698 sed
674 643 865 712 personaliter
882 649 989 694 tantam
1005 639 1045 694 di·
1069 638 1185 709 jamjam
1197 638 1343 695 incoelum
1356 642 1539 695 adscensurus
1558 648 1629 697 esset
1646 651 1759 714 peracto
1777 643 1907 711 interris,

216 729 410 799 stinguuntur,
431 733 463 782 nt
481 728 621 800 colligitur
636 746 670 784 ex
686 728 813 783 omnibus
831 727 988 799 Scripturas
1006 726 1046 781 di·
1072 724 1107 777 ad
1126 725 1201 795 quod
1218 741 1235 779 a
1252 725 1336 780 Patra
1353 726 1452 781 misam
1472 733 1540 792 erat,
1559 726 1650 783 officio
1669 729 1813 785 solennem
1832 729 1907 786 illan
1951 795 1954 799 ¹

216 813 281 880 ctis,
307 829 378 884 quae
402 813 537 869 essentiae
556 815 665 869 divinae
683 815 819 870 unitatem
835 813 966 886 probant,
983 829 1045 884 pro·
1071 808 1280 865 administrandi
1302 810 1434 882 baptismi
1462 812 1578 867 formam
1603 813 1748 886 discipulis
1774 816 1907 887 praescri·

214 898 278 953 iude
303 906 335 952 ut
359 898 428 952 alias
450 899 618 970 comparatio
640 918 696 954 uon
719 908 761 955 est
784 899 957 956 extendenda
974 898 1046 953 ultra
1071 896 1133 967 psit.
1170 895 1301 960 Quamvis
1327 898 1399 953 enim
1422 915 1478 954 non
1502 905 1672 972 proponatur
1693 900 1722 954 iu
1749 900 1794 955 his
1817 902 1907 958 verbis

215 983 411 1048 illudentium,
428 991 541 1056 propter
559 987 632 1056 quod
651 986 812 1056 instituitur,
830 986 870 1041 its
886 985 954 1041 haec
972 1003 1045 1055 sym-
1071 980 1161 1053 prins
1187 981 1318 1053 baptismi
1347 983 1497 1050 institutio,
1525 1002 1589 1039 nnn
1614 985 1756 1043 iohannes
1783 986 1908 1058 baptisti

215 1070 307 1125 bolica
349 1069 480 1125 trinitatis
524 1072 709 1128 manifestatio
744 1090 794 1144 per
830 1073 883 1127 tria
920 1071 1047 1142 symbola
1072 1073 1136 1123 ante
1160 1068 1309 1123 triennium
1336 1086 1436 1125 novam
1467 1071 1543 1126 illam
1570 1073 1735 1128 sacramenti
1764 1073 1905 1144 baptistici

215 1161 327 1211 ertema
365 1174 420 1211 non
453 1163 496 1212 est
527 1159 642 1213 ulterius
678 1160 866 1227 extendenda,
901 1175 985 1229 quam
1015 1163 1047 1212 ut
1072 1154 1253 1242 ceremoniam
1272 1153 1451 1225 inchoaverit,
1471 1156 1549 1222 (Luc.
1567 1162 1591 1222 3,
1610 1176 1635 1211 v.
1653 1163 1677 1214 3.
1697 1158 1761 1215 ton
1780 1165 1840 1225 i,v.
1854 1161 1906 1227 32),

215 1259 309 1297 verum
339 1259 371 1296 ac
399 1243 472 1298 reale
500 1261 679 1314 personarum
708 1245 854 1300 discrimen
881 1244 1045 1312 manifestet,
1071 1240 1238 1310 coapostoli
1256 1257 1289 1294 ex
1307 1241 1438 1295 mandato
1456 1241 1557 1297 Christi
1573 1244 1633 1314 jam
1650 1249 1716 1300 ante
1735 1243 1905 1342 baptismum

215 1344 391 1398 nequaquam
409 1346 483 1398 vero,
512 1335 544 1383 ut
561 1331 660 1385 ιιιιίιιιιί
679 1331 789 1385 divinae
806 1331 940 1386 asennaa
961 1348 1045 1401 oppo·
1071 1324 1323 1380 administraverint
1340 1325 1439 1384 Johan.
1458 1334 1488 1392 l,
1505 1346 1531 1385 v.
1551 1335 1580 1384 2:
1601 1330 1749 1400 exponitur
1765 1338 1904 1429 tamenin

215 1422 304 1468 natur.
342 1414 451 1486 Regula
474 1415 535 1484 illa,
566 1419 642 1486 qnod
664 1434 713 1485 ea,
742 1435 813 1487 puae
831 1417 963 1486 separari
981 1437 1000 1470 a
1016 1433 1045 1469 se
1071 1411 1111 1466 eis
1142 1411 1261 1466 solennis
1289 1411 1419 1482 baptismi
1443 1412 1532 1468 forma
1556 1414 1584 1468 in
1610 1422 1746 1487 perpetuo
1770 1417 1905 1472 aedessae

215 1501 331 1554 invicem
346 1511 471 1570 poseant,
489 1504 605 1556 realiter
623 1504 841 1573 diatinpaantrtr,
859 1519 914 1557 non
928 1509 1046 1558 estnon
1070 1514 1123 1551 usu
1140 1497 1321 1566 wermuda,
1341 1515 1374 1553 ac
1394 1500 1554 1555 mandatum
1572 1501 1608 1556 de
1624 1500 1804 1573 baptisandis
1821 1503 1904 1559 omni·

214 1586 362 1657 vertibilis,
381 1606 436 1643 uon
453 1589 526 1643 enim
544 1606 592 1655 ea,
612 1606 684 1660 quae
700 1589 811 1646 realiter
829 1589 1044 1661 distinguuntur,
1070 1583 1122 1639 bus
1152 1583 1262 1638 omnino
1290 1584 1419 1656 gentibus
1446 1586 1571 1656 additur,
1598 1604 1634 1642 ne
1659 1588 1779 1658 apostoli
1804 1606 1838 1645 ex
1862 1607 1903 1685 eo,

215 1673 307 1727 statim
334 1691 351 1728 a
377 1693 406 1729 se
432 1675 547 1730 invicem
570 1677 691 1730 natiuali
712 1676 814 1731 virtute
838 1676 958 1746 separari
984 1692 1046 1747 pos·
1072 1669 1145 1740 quod
1168 1669 1302 1724 hactenus
1319 1669 1348 1724 in
1366 1670 1476 1725 iudaea
1491 1677 1600 1727 tantum
1617 1673 1772 1744 baptismus
1791 1674 1903 1729 admini-

216 1765 294 1828 sunt,
313 1767 344 1814 ut
362 1766 439 1831 patet
456 1762 610 1831 exemplum
628 1762 813 1833 propriorum,
835 1779 906 1833 qnae
924 1779 941 1816 a
958 1762 1045 1832 philo·
1070 1761 1173 1810 strutus
1197 1754 1301 1824 fueret,
1331 1756 1505 1829 colligerent,
1535 1776 1598 1814 eum
1622 1778 1682 1816 esse
1704 1760 1774 1815 certi
1796 1766 1904 1850 tantum

215 1845 309 1915 sophis
327 1847 457 1901 dicuntur
475 1850 598 1901 secanda
617 1857 735 1902 amarae
753 1858 897 1917 neomenia,
917 1866 949 1904 ac
967 1849 990 1902 si
1002 1850 1045 1904 vel
1071 1841 1202 1912 temporis
1220 1858 1253 1896 te
1271 1842 1326 1896 loci
1343 1844 1532 1899 ceremoniam.
1568 1845 1698 1901 Continet
1715 1847 1803 1918 igitur
1820 1847 1903 1903 solen-

214 1931 332 1986 maxime
356 1933 391 1988 de
414 1932 481 1987 reali
504 1933 680 1989 distinctione
698 1952 749 2006 pro
766 1934 904 1990 essentiali
930 1940 1046 2004 accepta
1071 1929 1114 1983 nit
1148 1928 1197 1983 illi
1225 1927 1355 1998 baptismi
1384 1929 1518 1985 institutio
1552 1931 1638 1986 veluti
1669 1934 1903 1988 testamentariam

94 2045 107 2061 ·
216 2023 288 2072 esset
306 2019 461 2081 verissima,
485 2026 578 2075 tamen
596 2038 651 2074 nou
675 2026 769 2091 posset
790 2038 842 2077 nec
865 2021 981 2077 deberet
998 2021 1045 2075 ad·
1072 2012 1173 2069 Christi
1197 2012 1416 2084 dispositionem,
1440 2032 1523 2087 quam
1540 2016 1619 2088 gravi
1636 2018 1751 2108 consilio
1773 2019 1903 2091 apostolis

214 2102 281 2157 ferri
304 2104 340 2158 ad
361 2104 491 2159 trinitatis
517 2106 691 2176 mysterium,
720 2106 749 2160 in
768 2125 823 2178 quo
840 2125 971 2178 personas
989 2114 1045 2163 tren
1073 2106 1138 2154 ante
1161 2116 1241 2154 suum
1260 2118 1293 2155 ex
1309 2101 1361 2156 hoc
1380 2102 1483 2156 mundo
1504 2103 1611 2159 abitum
1627 2106 1846 2175 commendavit,
1868 2106 1903 2161 ab

214 2189 325 2244 realiter
351 2190 471 2261 quidem,
491 2210 545 2247 non
568 2199 661 2247 tamen
678 2193 868 2260 essentialiter,
887 2195 935 2250 sed
953 2210 1045 2265 perso-
1072 2186 1132 2256 ejut
1159 2185 1244 2258 igitur
1272 2192 1367 2242 tenore
1394 2187 1438 2243 vel
1465 2188 1578 2244 minima
1600 2207 1633 2245 ex
1658 2199 1740 2261 parte
1765 2192 1903 2249 dimedere

214 2274 315 2330 naliter
332 2275 465 2348 distingui
483 2294 516 2332 ex
534 2278 618 2332 verbo
636 2277 688 2333 Dei
706 2279 838 2334 norimus.
1026 2334 1028 2339 ,
1071 2271 1169 2343 religio
1198 2271 1277 2326 nebit
1306 2288 1365 2328 esee
1395 2274 1484 2330 debet.
1531 2282 1553 2331 l.
1585 2274 1800 2334 Observandum
1826 2279 1904 2335 οιὶιιιι

1071 2356 1156 2426 illud,
1186 2357 1252 2428 quis
1267 2357 1296 2412 in
1314 2358 1349 2415 N.
1367 2358 1399 2413 T.
1417 2378 1467 2431 per
1485 2361 1701 2420 incarnationem
1720 2364 1790 2419 iiiii
1809 2373 1904 2438 myste-

1072 2442 1142 2496 rium
1166 2443 1298 2499 trinitatis
1320 2445 1420 2500 clarius
1443 2447 1627 2518 patefactum,
1652 2454 1684 2503 ut
1705 2451 1836 2522 superius
1852 2470 1902 2509 mo

965 2596 969 2607 ι
1072 2528 1189 2598 unimus,
1210 2530 1273 2585 ideo
1291 2531 1320 2585 in
1338 2531 1444 2587 solenni
1464 2533 1512 2588 illa
1529 2535 1751 2608 promulgatione
1768 2538 1904 2616 baptismi,

1071 2615 1119 2686 qui
1146 2622 1189 2670 est
1214 2624 1416 2674 sacramentum
1434 2619 1595 2676 initiationis
1620 2623 1655 2679 N.
1675 2623 1719 2693 T,
1745 2624 1903 2683 dmtinctam

499 2687 520 2748 0
538 2687 566 2747 Α
584 2687 608 2747 P
626 2687 654 2747 U
672 2688 696 2745 Τ
727 2687 762 2746 V·
1072 2700 1155 2756 mium
1172 2719 1351 2772 personarum
1368 2706 1534 2762 mentionem
1552 2724 1570 2762 a
1587 2707 1695 2765 Christo
1713 2709 1785 2767 fieri.

1070 2873 1666 2945 ..

214 2909 433 2977 MENTUM
455 2912 550 2979 PRO
573 2913 635 2977 An
1034 2953 1044 2962 .
1659 2924 1666 2938 ·
1704 2925 1710 2935 ·
1817 2924 1851 2953 ,,

1072 2964 1101 3013 et
1116 2957 1235 3030 Spiritus
1252 2979 1273 3014 s.
1292 2979 1385 3016 veram
1404 2963 1542 3020 deitatem.
1578 2973 1602 3023 2.
1617 2967 1800 3026 Persoualem
1810 2969 1902 3026 horum

256 3014 472 3081 NITATIS
504 3014 771 3083 MYSTERIO
806 3017 871 3081 EX
899 3017 938 3082 N.
966 3018 1001 3082 T.
1072 3043 1155 3098 niun
1173 3045 1390 3117 infimum,
1417 3067 1471 3119 qno
1497 3056 1614 3125 uuoqm
1637 3055 1761 3111 membro
1783 3055 1903 3113 maffia„

478 3117 780 3184 DEDUCTUM.
1073 3135 1100 3185 et
1109 3130 1313 3187 confirmatode
1324 3134 1419 3189 nostra
1430 3135 1552 3192 trinitate
1560 3137 1696 3194 confessio
1711 3142 1837 3198 stabilita
1846 3141 1901 3210 erit,

768 3228 772 3238 ⁴
1072 3217 1175 3288 quippe
1203 3234 1274 3289 quae
1303 3219 1373 3274 nihil
1403 3220 1478 3276 aliud
1506 3223 1640 3294 continet,
1671 3243 1757 3297 quam
1784 3229 1900 3297 Patrem,

87 3280 182 3336 sanni!
250 3293 290 3342 85.
320 3288 449 3341 Alteram
472 3287 632 3356 principale
658 3296 847 3355 orpamsntnm
870 3288 989 3361 petimus
1013 3307 1046 3346 ex
1071 3301 1173 3358 Filium
1193 3310 1222 3358 et
1241 3304 1371 3376 Spiritum
1388 3326 1409 3362 s.
1427 3326 1487 3364 esse
1504 3326 1589 3365 unum
1608 3329 1704 3368 verum
1723 3315 1830 3386 Deum,
1853 3333 1901 3372 nse

88 3347 191 3447 ἓξὲξ
216 3374 348 3443 baptismi
369 3373 459 3427 nostri
474 3373 645 3427 institutione
661 3373 759 3430 Matth.
774 3380 819 3444 ie,
833 3394 858 3428 v.
875 3382 920 3431 ie:
938 3378 1046 3431 Eantes
1072 3394 1164 3443 tamen
1183 3407 1267 3445 unam
1284 3392 1313 3446 in
1331 3393 1475 3449 divinitate
1491 3413 1652 3469 pomonam,
1672 3400 1723 3454 ,ed
1741 3406 1800 3458 qm
1820 3419 1901 3475 ⁸8¹¹st

86 3453 177 3541 {2¹¹⁰st
216 3461 310 3513 docete
330 3476 422 3514 omnes
439 3468 532 3529 pentes
556 3461 726 3529 baptizantes
744 3478 793 3514 aaa
811 3462 841 3514 in
861 3463 970 3516 nomine
988 3465 1045 3517 Pa·
1072 3477 1187 3530 scandas
1214 3495 1279 3533 esse.
1314 3478 1396 3532 Prius
1422 3481 1574 3538 membrum
1598 3484 1638 3538 sic
1666 3486 1901 3547 demonstramus:

87 3530 196 3643 :iiieffi-
215 3546 268 3598 iris
293 3554 318 3599 ei
338 3546 411 3599 Filii
431 3554 456 3598 ei
476 3547 600 3615 Spintm
617 3547 714 3600 sancii.
751 3546 910 3619 Antequam
929 3565 993 3604 Vero
1012 3566 1045 3604 ex
1071 3561 1105 3614 In
1127 3563 1207 3632 eujus
1224 3581 1324 3619 nomen
1342 3565 1530 3637 baptizamur,
1549 3569 1596 3625 ille
1611 3577 1654 3626 oet
1670 3590 1752 3629 vem
1771 3582 1801 3633 gt
1818 3588 1900 3638 Μ.

87 3655 175 3694 rnusnn
214 3631 267 3686 hee
286 3634 345 3687 1⁰00
363 3638 556 3704 trementum
573 3640 697 3689 nomm
715 3634 877 3704 fOrmtmues
900 3636 953 3690 iria
972 3635 1045 3691 circa
1071 3666 1123 3702 nus
1142 3650 1225 3704 Dens.
1260 3651 1347 3722 Atqui
1367 3655 1541 3725 baptizamur
1559 3657 1588 3712 in
1606 3662 1823 3736 nomeuPahis,
1840 3667 1902 3724 aiiii

87 3707 293 3807 gssfflmhillum
310 3719 447 3773 notanda:
478 3726 499 3774 i.
522 3718 631 3775 collatio
655 3719 786 3790 baptismi
803 3720 904 3776 Christi
923 3738 984 3776 eum
1004 3724 1044 3777 in·
1073 3741 1100 3789 et
1117 3735 1235 3806 Spiritus
1254 3754 1275 3791 s.
1310 3737 1385 3810 Ergo
1401 3739 1494 3809 Pater,
1515 3742 1603 3798 Filius
1620 3751 1648 3801 et
1667 3746 1789 3819 Spiritus
1807 3761 1903 3809 nsunt

214 3803 357 3860 stitutione
374 3805 460 3860 nostri
483 3804 622 3876 baptismi.
641 3804 768 3861 Ambros.
787 3824 866 3862 serm.
886 3814 925 3863 21.
942 3809 1044 3882 iuquit:
1071 3837 1142 3875 unna
1168 3837 1249 3876 vernn
1265 3822 1364 3879 Deum.
1400 3825 1492 3882 Minor
1508 3834 1551 3884 est
1567 3829 1596 3884 in
1613 3837 1698 3887 textu.
1734 3834 1827 3910 Major
1844 3858 1902 3912 pm

214 3892 279 3944 Non
296 3892 410 3959 miram,
437 3893 509 3945 siin
529 3893 650 3946 Domini
670 3894 785 3948 iavacro
811 3897 971 3963 mysterium
989 3916 1045 3952 non
1071 3906 1153 3961 batur
1176 3925 1209 3963 ex
1234 3910 1389 3965 evolutione
1407 3911 1480 3967 illius
1497 3914 1642 3986 phinaeas,
1673 3919 1740 3990 qnid
1761 3922 1799 3977 nit
1816 3927 1902 3998 bapti.

213 3978 307 4046 defait
331 3978 480 4045 trinitatis,
504 3996 566 4046 eata
594 3988 718 4033 matram
744 3981 887 4034 kenetum
910 3984 1045 4038 trinitatis
1069 3995 1131 4046 sari
1151 3993 1180 4046 in
1198 3995 1321 4064 alicujus
1343 4015 1455 4066 mmsis,
1479 4001 1523 4053 asi
1540 4001 1570 4053 ia
1589 4003 1712 4072 αὶίοιιίιιι
1731 4011 1852 4079 rsorrtine¹
1869 4018 1902 4073 εις

213 4064 349 4133 compleat
367 4073 578 4118 sacramentnm.
614 4068 710 4134 Neptis
728 4067 799 4120 enim
815 4076 929 4137 poterat
945 4071 1043 4124 Domi·
1071 4075 1099 4132 ιό
1117 4075 1208 4153 ὄνομα
1227 4080 1271 4135 vel
1288 4081 1319 4136 iv
1336 4084 1373 4151 τῷ
1392 4081 1505 4157 ὀνόματι
1526 4085 1590 4142 Act
1608 4093 1631 4142 2.
1651 4107 1676 4142 v.
1697 4097 1738 4149 38.
1762 4100 1801 4151 10.
1817 4115 1843 4154 V.
1863 4103 1902 4155 is.

212 4169 264 4205 aaa
282 4169 337 4204 non
350 4150 475 4220 primam
493 4152 570 4204 circa
586 4168 614 4206 se
633 4153 765 4222 exhibere,
785 4157 861 4223 ptari
871 4163 933 4208 erat
942 4165 1044 4225 postea
1070 4164 1112 4219 Ea
1122 4165 1194 4220 enim
1212 4166 1416 4238 complectitu13
1436 4175 1460 4223 1.
1479 4173 1645 4226 mandatam
1662 4178 1901 4237 nescientiam

212 4239 331 4291 hnmano
356 4238 453 4306 panni
469 4247 679 4308 praeceptaria.
715 4241 953 4307 Quemadmodum
971 4243 1043 4299 enim
1070 4252 1201 4322 baptismi
1237 4253 1367 4306 dianam.
1423 4256 1485 4324 Epo
1526 4266 1552 4310 te
1587 4260 1694 4330 baptiso
1727 4265 1760 4318 in
1796 4271 1901 4324 aaran

212 4324 240 4380 in
263 4324 402 4395 baptismo
420 4324 521 4379 Christi
547 4329 602 4380 tres
628 4343 762 4396 personae
785 4327 897 4383 deitatis
915 4328 1043 4385 distincte
1071 4338 1506 4411 retransmisissem,
1527 4342 1580 4398 hoc
1597 4352 1647 4414 est,
1668 4364 1722 4402 non
1741 4351 1901 4411 administro

212 4428 241 4465 se
268 4411 458 4476 manifestant,
485 4411 525 4466 sic
551 4418 643 4467 noster
664 4413 817 4483 baptismus
842 4414 872 4468 in
894 4416 1043 4471 earundem
1069 4423 1252 4479 ceremoniam
1279 4424 1399 4497 aliquam
1427 4446 1460 4483 ex
1487 4428 1611 4485 humans
1633 4437 1801 4495 auctoritate
1827 4441 1900 4498 inni-

212 4496 294 4552 trium
313 4514 489 4568 personarum
509 4498 619 4552 nomine
637 4499 822 4554 administrari
836 4502 957 4571 jubetur,
977 4503 1043 4573 qnia
1068 4516 1170 4576 tutam,
1196 4510 1245 4565 sed
1271 4517 1396 4566 sanctum
1419 4512 1456 4568 ah
1479 4515 1539 4586 ipso
1557 4515 1619 4574 Deo
1636 4519 1797 4580 institutum
1812 4545 1901 4584 sama·

212 4581 336 4638 Christus
356 4590 478 4638 nostrum
496 4585 617 4639 omnium
637 4601 780 4655 personam
800 4588 938 4642 sustinens
952 4588 1042 4660 bapti·
1069 4601 1200 4664 mantum,
1219 4614 1270 4652 nec
1288 4614 1342 4669 ago
1358 4599 1467 4669 privato
1485 4601 1607 4669 arbitrio,
1627 4607 1677 4662 sed
1686 4606 1741 4662 Dei
1761 4610 1833 4682 loco,
1849 4617 1902 4677 Dei

212 4678 290 4725 satus
309 4671 337 4725 in
358 4670 506 4740 baptismo,
533 4688 614 4742 quem
631 4671 775 4726 nobiscum
796 4689 967 4731 communem
984 4693 1042 4730 sus-
1069 4683 1197 4737 mandato
1215 4689 1243 4739 et
1258 4683 1287 4738 in
1304 4701 1422 4756 persona
1440 4686 1526 4758 ipsius
1538 4688 1599 4746 Dei.
1626 4691 1692 4749 Vin.
1706 4695 1760 4753 loc
1774 4699 1809 4757 de
1826 4702 1900 4777 ispi

212 4757 301 4828 cepit,
325 4756 512 4812 demonstrare
529 4757 628 4825 voluit,
656 4774 728 4828 quae
746 4758 880 4815 beneficia
899 4778 916 4815 a
934 4760 995 4817 Deo
1012 4762 1042 4817 in
1068 4766 1095 4845 ξ
1123 4775 1163 4826 80.
1197 4768 1330 4826 Hmmon.
1350 4772 1385 4827 de
1414 4782 1556 4831 resurrect
1582 4795 1609 4847 p.
1637 4783 1694 4836 itt.
1735 4783 1780 4840 Ex
1804 4805 1838 4845 ω
1861 4791 1900 4846 sie

211 4850 304 4900 nostro
328 4843 467 4914 baptismo
486 4844 542 4898 sint
561 4845 760 4914 exspectanda3
780 4852 803 4902 2.
822 4846 961 4904 indivulsa
978 4866 1041 4928 eon·
1069 4856 1237 4928 colligimus:
1273 4857 1327 4924 Qui
1351 4857 1518 4929 baptismum
1536 4862 1666 4933 instituit,
1691 4867 1739 4925 ille
1759 4879 1803 4928 est
1820 4893 1899 4932 veras

209 4930 290 4987 nexio
313 4929 445 5001 baptismi
470 4935 498 4985 et
521 4930 709 4985 invocationis.
745 4931 865 4989 Basilius
880 4935 967 5006 Epist.
995 4943 1040 4994 tt:
1067 4942 1159 5012 Deus3
1180 4942 1279 5011 Pater,
1299 4944 1388 4999 Filius
1409 4963 1442 5001 se
1462 4947 1580 5018 Spiritus
1602 4969 1623 5005 s.
1647 4952 1828 5017 instituerunt
1852 4963 1899 5020 ba

209 5017 255 5072 δεῖ
275 5017 346 5091 ἡμᾶς
362 5021 541 5085 βαπτίζεσθαι
562 5017 597 5077 ὡς
620 5017 826 5092 παρελάβομεν,
854 5021 992 5078 πιστεύειν
1009 5024 1041 5077 di
1065 5029 1204 5099 ptismum.
1240 5029 1315 5102 Ergo
1341 5030 1437 5101 Pater,
1463 5033 1550 5089 Filius
1577 5053 1611 5092 ac
1637 5037 1758 5110 Spiritus
1785 5064 1806 5102 s.
1835 5057 1969 5107 summe

209 5102 244 5165 sic
269 5103 468 5174 βαπτιζόμεθιι,
494 5103 614 5169 δοξάζειν
635 5106 668 5160 δὲ
691 5105 726 5167 ὡς
747 5102 1039 5183 πεπισιεύκαμιν’πα-
1065 5132 1136 5169 nnus
1163 5133 1243 5171 verus
1269 5116 1354 5171 Deus.
1400 5117 1491 5190 Major
1521 5121 1699 5180 confirmatur
1726 5128 1781 5187 hoc
1809 5137 1898 5194 modo.

206 5193 273 5262 τέρα
292 5195 337 5244 sat
357 5190 419 5244 viii·
437 5195 483 5245 sat
504 5191 715 5268 ιῗγιονιινιῦμα.
748 5195 782 5249 Ut
799 5196 979 5265 bapa'samnr,
996 5199 1038 5251 ita
1064 5201 1242 5258 Sacramenta
1267 5201 1411 5260 instituere
1435 5212 1477 5261 est
1494 5207 1579 5262 solius
1601 5211 1659 5266 seri
1676 5214 1732 5271 Dei
1749 5223 1892 5292 proprium

208 5275 617 5342 adoramasatatlaramna,ita
627 5282 1037 5350 noninimnicteticainnnnm
1064 5288 1130 5359 qnia
1158 5289 1218 5358 ejus
1245 5295 1287 5344 est
1313 5290 1404 5345 media
1430 5292 1536 5362 gratiae
1562 5295 1721 5366 instituere,
1752 5308 1835 5378 cujus
1859 5282 1900 5364 esi

207 5377 300 5416 nerum
312 5365 404 5418 Deum
413 5367 537 5429 Patrem,
547 5366 652 5420 liliam
660 5375 686 5421 et
696 5367 831 5437 Spirittm
839 5387 861 5421 a.
875 5368 1040 5442 Quiaigitur
1064 5370 1181 5443 gratim
1200 5374 1280 5444 dare3
1301 5376 1361 5445 jam
1388 5394 1452 5433 vero
1469 5378 1544 5433 solus
1563 5379 1640 5438 Deus
1657 5384 1707 5441 dat
1721 5389 1899 5459 justificatio

208 5447 333 5505 Christus
350 5449 517 5522 baptismum
537 5452 566 5507 in
586 5453 695 5508 nomine
711 5454 811 5524 Patris,
828 5455 892 5510 iiiii
910 5462 939 5512 et
955 5456 1038 5524 Spiri-
1065 5458 1108 5512 nis
1136 5460 1269 5532 gratiam,
1298 5479 1364 5532 ergo
1390 5463 1476 5534 ipsius
1499 5465 1584 5523 solius
1608 5475 1650 5525 est
1671 5475 1765 5533 media
1790 5482 1900 5552 gratiae

526 2505 729 2514 ..-κῇ-...μ-
