3984 6022
611 276 663 333 Du
681 276 857 336 PERSONA
874 277 925 334 ΕΤ
942 277 1095 337 OFFIOIO
1115 280 1276 338 CHRISTI.
1740 292 1803 359 itt

100 432 232 483 neturem
250 434 361 501 negent
397 429 437 486 Ut
461 430 534 486 enim
558 436 648 487 totum
667 432 813 488 essentiale
831 438 941 488 constet
967 432 1023 489 tiee
1040 433 1178 490 hnmenee
1197 434 1310 507 quidem
1325 434 1468 504 convenit,
1495 435 1607 491 divinoe
1630 452 1695 492 vero
1718 435 1804 493 tribui

103 528 137 566 ex
160 512 218 567 suis
240 514 368 584 partibus
390 515 600 585 essentialibus,
628 523 716 572 totum
743 517 880 590 integrale
906 535 940 574 ex
967 520 1072 591 nequit,
1093 522 1199 591 quippe
1216 536 1288 590 quae
1300 537 1357 576 non
1374 519 1552 575 constituitur
1567 519 1598 575 in
1615 526 1690 576 certo
1700 536 1803 592 genere

103 597 233 667 pertibus
250 599 307 654 suis
332 599 550 673 integrentibus,
571 618 688 674 querum
706 621 763 658 une
779 611 882 676 negate
898 609 937 658 to
967 606 1053 675 entis,
1076 605 1127 661 sed
1146 613 1188 662 est
1211 604 1295 660 ciete
1312 605 1478 676 inrposlmor
1494 622 1550 660 non
1567 604 1675 661 incluse
1693 605 1802 677 preedi·

103 691 164 738 tum
181 685 328 741 evertitur:
354 686 394 741 sic
412 686 538 744 Christus
555 705 675 760 persons
694 695 804 745 constet
820 708 853 746 er
871 690 938 744 duo·
964 696 1151 746 camentorum
1165 690 1310 761 classibus,
1318 691 1368 747 sed
1380 689 1472 745 omnis
1483 690 1588 746 entium
1597 705 1701 761 genere
1709 697 1813 759 treus·>

101 769 156 824 bue
172 771 286 840 naturis,
308 773 403 829 divine
415 773 584 845 ethumene,
602 792 718 846 querum
737 776 872 832 ulterutre
890 792 937 830 ne·
964 775 1107 831 scendens.
1142 775 1251 833 Neture
1269 775 1313 830 vel
1333 782 1376 832 eet
1392 775 1479 847 idem,
1504 775 1580 847 quod
1598 775 1732 842 essentie,
1756 775 1800 831 vel

101 862 171 927 gete
189 864 217 912 et
233 864 396 915 netururum
413 860 533 916 dualites
554 868 582 916 et
598 878 733 932 personae
751 864 842 917 unitus
860 862 937 917 lebe-
963 860 1074 933 siquid
1092 861 1256 932 superaddit
1274 860 1424 931 essentiae,
1450 870 1492 918 est
1510 861 1630 918 essentie
1647 860 1801 934 propriete-

100 940 229 997 sectetur.
267 943 434 1018 Cumprimis
459 962 525 1002 vero
546 945 708 1003 Photiniani
730 948 844 1004 retionis
869 965 937 1003 suee
962 944 1038 1000 tibus
1060 945 1117 1001 suis
1139 945 1313 1008 naturalibus
1339 947 1447 1003 vestite.
1481 946 1590 1005 Nature
1615 951 1658 1002 cst
1681 945 1801 1002 essentie

97 1027 236 1097 Judicium
253 1030 342 1086 secuti
360 1031 463 1105 dogme
481 1033 517 1090 de
535 1033 643 1089 duabus
659 1035 766 1090 naturis
784 1034 936 1091 absurdum
962 1047 1020 1086 rem
1042 1032 1211 1087 constituens
1230 1039 1257 1087 ct
1273 1032 1310 1087 eb
1330 1032 1392 1088 eliis
1414 1033 1607 1106 distinguens,
1628 1031 1797 1103 principium
1813 1044 1854 1089 ιιι.
1867 1043 1915 1089 ιιι.

100 1130 132 1168 sc
151 1113 311 1189 παράδοξον
328 1118 518 1189 pronuntiant
556 1118 703 1176 Schmeltz.
724 1121 754 1176 in
771 1137 857 1177 exem
878 1127 935 1177 157.
962 1116 1141 1174 intrinsecum
1157 1117 1313 1184 actionum
1348 1123 1449 1174 nature
1466 1117 1569 1174 Christi
1586 1117 1681 1173 divine
1698 1121 1741 1172 est
1758 1135 1799 1173 es·

98 1215 222 1255 errorum
239 1218 290 1257 err.
310 1208 333 1259 3.
354 1222 381 1274 p.
396 1212 424 1260 5:
450 1206 543 1258 Toeto
563 1214 603 1259 eet
618 1206 722 1271 fabulo
739 1207 796 1261 ista
814 1209 936 1271 deorum
962 1204 1053 1258 sentis
1071 1204 1174 1274 divine,
1191 1221 1248 1275 qus
1263 1203 1389 1259 Christus
1406 1204 1485 1261 Petri
1503 1209 1532 1260 et
1549 1201 1665 1275 Spiritui
1681 1219 1701 1257 s.
1719 1204 1795 1258 coe's-

98 1285 130 1339 in
148 1283 261 1340 ornem
278 1296 447 1344 saturarum
465 1292 541 1354 ursio,
562 1299 591 1344 ut
608 1292 654 1345 cic
673 1293 734 1346 aiio
751 1293 800 1346 illi
817 1294 854 1347 rit
870 1311 935 1362 par.
962 1289 1086 1345 sentielis
1105 1295 1153 1345 est
1179 1290 1287 1346 Nature
1299 1289 1402 1345 Christi
1418 1290 1539 1345 humane
1556 1296 1598 1345 est
1616 1287 1737 1344 omneis
1749 1304 1799 1342 seu

98 1371 305 1441 Praeterquam
322 1375 394 1427 euim
413 1377 490 1443 quod
506 1376 589 1432 oolla
606 1379 725 1431 ictorum
743 1379 863 1431 deorerm
887 1383 936 1433 nol
963 1375 1119 1431 subeuntia
1138 1375 1260 1431 humeae
1277 1376 1370 1431 enims
1388 1368 1516 1431 retioneli
1539 1380 1568 1429 et
1585 1389 1698 1446 corpore
1717 1389 1797 1452 orge-

98 1464 227 1510 tmerem
245 1459 275 1512 im
294 1458 404 1514 Cincio
421 1463 452 1515 irs
472 1463 603 1517 universo
620 1482 703 1518 sacro
721 1465 818 1519 codice
834 1467 936 1520 mentio
963 1460 1026 1515 nico
1045 1467 1192 1532 consmns,
1218 1479 1275 1535 que
1297 1461 1422 1517 Christus
1448 1459 1528 1516 nobis
1552 1458 1709 1516 hominibus
1734 1475 1797 1514 cou-

92 1543 142 1611 fit,
164 1544 236 1611 quid
253 1560 356 1613 quomo
376 1549 652 1602 rememoratione
672 1566 815 1603 commune
832 1550 935 1603 lator
962 1546 1153 1602 substantialis
1170 1553 1219 1604 est
1253 1547 1357 1603 Differo
1373 1546 1492 1603 essentie
1509 1546 1568 1601 sive
1587 1549 1688 1600 natiue
1704 1561 1796 1616 eper-

98 1628 274 1682 aitereersim
288 1639 398 1696 cature,
415 1648 513 1702 nempe
532 1635 639 1703 dirimo,
656 1636 774 1703 finpitur
793 1651 854 1688 esse
868 1652 935 1704 per·
962 1648 1032 1685 sone
1044 1631 1271 1703 etsubsiatentie,
1290 1649 1362 1704 quae
1380 1631 1496 1689 Graccis
1515 1630 1673 1704 hypostasis
1689 1628 1798 1699 dicitur,

98 1730 182 1783 soro,
205 1715 298 1769 altere
314 1732 388 1785 vero,
405 1733 501 1787 nempe
521 1719 653 1787 inmersa,
672 1736 800 1790 persora
819 1737 870 1774 mee
894 1728 935 1774 eet
947 1702 950 1794 i
963 1718 1043 1786 cujus
1062 1717 1225 1775 discriminis
1244 1717 1369 1773 confusio
1381 1717 1411 1772 in
1428 1717 1480 1773 hoc
1500 1716 1618 1772 articulo
1638 1721 1681 1772 est
1700 1731 1798 1794 scopu·

97 1816 148 1854 sec
166 1804 519 1871 compensatiouem
538 1806 655 1874 quidm
674 1806 730 1860 isto
743 1822 871 1873 persono
891 1805 933 1858 in·
962 1801 1014 1871 lus,
1039 1803 1069 1856 in
1087 1820 1170 1874 quem
1188 1821 1282 1860 omnes
1298 1801 1431 1859 heeretici
1449 1802 1514 1858 olim
1535 1802 1683 1875 impegere,
1705 1817 1799 1873 perso·

97 1884 218 1940 herrm
234 1903 285 1940 oeo
302 1894 394 1942 tomen
412 1890 543 1943 occidens
560 1894 612 1945 etc.
637 1888 763 1946 Pisecius
781 1889 810 1945 in
827 1897 882 1944 not
897 1890 933 1945 ed
962 1904 1027 1942 uum
1044 1889 1102 1944 sive
1116 1888 1311 1962 hypostesine
1328 1896 1429 1944 neture
1446 1888 1617 1960 distinguere
1635 1887 1797 1943 nescientes.

97 1970 219 2040 append
253 1971 435 2029 Vilkorienes
451 1991 480 2044 p.
499 1979 546 2030 29:
578 1973 633 2039 om·
655 1984 761 2030 motura
778 1977 860 2029 Deus
885 1984 934 2045 est,
962 1973 1131 2032 Nazianzen,
1160 1981 1227 2030 oret
1254 1982 1278 2032 2.
1307 1974 1341 2030 de
1367 1973 1457 2040 Filio,
1484 1973 1649 2030 Theodorct
1671 1972 1747 2028 Diel
1774 1978 1797 2028 2.
1879 2029 1883 2038 ,

97 2055 180 2110 lsomo
199 2074 256 2112 ooo
275 2066 329 2127 ειη
350 2060 399 2128 qai
417 2060 497 2114 iomo
515 2069 629 2130 morere,
648 2063 728 2114 Dece
745 2079 801 2116 mors
819 2069 867 2126 est,
886 2081 934 2115 oa·
960 2059 1126 2115 Demescen
1145 2060 1193 2115 lib.
1214 2066 1238 2116 3.
1258 2077 1281 2116 c
1296 2065 1320 2116 3.
1338 2067 1366 2115 et
1385 2066 1427 2130 11,
1445 2060 1496 2114 sed
1515 2060 1550 2116 de
1567 2058 1620 2116 hoc
1640 2055 1799 2112 fflecnmine

97 2141 163 2195 lida
179 2142 248 2196 loeo
268 2151 433 2199 emmonim
450 2146 598 2215 oppositio,
618 2147 845 2216 puomliomerus
860 2147 934 2201 tirso·
961 2145 991 2199 in
1008 2162 1032 2200 e.
1058 2147 1093 2201 de
1120 2146 1222 2202 unione
1248 2145 1387 2218 personali
1413 2145 1604 2202 disserendum
1629 2145 1689 2200 erit
1723 2142 1799 2200 Num
1899 2158 1904 2164 ·

97 2227 178 2296 lupia
190 2237 309 2284 comatur
321 2228 474 2285 dissolvere
484 2239 604 2286 moturae
615 2233 658 2284 oti
668 2249 727 2286 rem
731 2233 847 2302 simitum
858 2240 884 2288 et
893 2234 934 2286 irr-
961 2246 1027 2285 vero
1045 2231 1166 2287 essentie
1187 2232 1271 2287 etiem
1289 2232 1326 2287 eb
1345 2231 1506 2288 exsistentis
1525 2229 1639 2289 differt?
1668 2230 1725 2287 Res
1742 2234 1799 2285 stet

92 2314 209 2380 finitam
228 2315 302 2368 inter
323 2333 352 2369 se
370 2316 554 2370 deridentem
570 2318 702 2385 uniendo,
720 2320 772 2373 sed
789 2319 868 2373 nudo
888 2337 934 2372 or·
960 2316 990 2371 in
1018 2318 1180 2390 acceptione
1208 2317 1395 2373 terminorum·
1431 2317 1461 2374 si
1487 2318 1663 2381 exsistentiae
1688 2315 1799 2372 nomine

80 2407 291 2468 permeatorem
304 2409 507 2471 praeterquam
530 2403 675 2457 Romanae
692 2404 849 2472 ticolopiue
867 2407 933 2471 furs-
960 2401 1030 2458 nihil
1054 2403 1132 2459 eliud
1155 2395 1343 2477 intelligetur,
1372 2420 1457 2477 quem
1481 2403 1602 2458 essentie
1628 2409 1707 2461 extre
1732 2417 1797 2456 suus

98 2487 238 2539 dumento.
275 2485 331 2542 Sed
350 2488 423 2558 quod
440 2489 499 2558 jem
517 2488 583 2544 olim
594 2488 717 2561 vigilius
734 2489 782 2546 lib.
795 2495 819 2546 2.
837 2496 934 2546 contra
960 2505 1058 2544 ceusu
1080 2496 1146 2545 ectu
1167 2489 1318 2560 exsistens,
1345 2489 1453 2544 nullum
1479 2494 1521 2544 est
1546 2487 1622 2544 reale
1648 2486 1797 2542 discrimen

97 2568 218 2640 Eutych.
237 2588 264 2642 p.
288 2577 329 2628 34.
346 2573 456 2642 pe'renti
479 2573 602 2643 ipsorum
620 2572 740 2630 Photino
766 2576 934 2647 expositione
960 2575 1033 2633 inter
1051 2575 1200 2632 mendum
1216 2580 1245 2630 et
1265 2574 1460 2644 exsistentium
1496 2572 1526 2629 si
1547 2588 1612 2629 sero
1636 2569 1797 2631 exsistentia

98 2653 238 2712 hnmanee
255 2664 371 2712 nutrires
391 2658 567 2730 negationem
584 2658 697 2715 dirinee
713 2660 743 2715 in
760 2660 870 2717 Christo
885 2678 934 2718 ne·
960 2668 1086 2718 sumetur
1102 2679 1154 2734 pro
1172 2661 1360 2727 snbsietentia,
1375 2661 1429 2716 hoc
1440 2665 1490 2730 est,
1507 2675 1558 2731 pro
1570 2656 1733 2714 exsistentie
1746 2671 1797 2729 per

99 2745 180 2796 tnree
199 2739 403 2812 ἀσυλλογίστως
422 2742 552 2799 inferenti
575 2745 723 2816 opposuit,
751 2746 824 2802 idem
850 2748 934 2803 etiem
961 2765 999 2819 se,
1019 2765 1136 2821 queres
1155 2765 1211 2803 non
1225 2740 1308 2803 estin
1319 2746 1375 2802 elio
1386 2752 1520 2818 tenquem
1538 2743 1715 2800 exsistentiae
1729 2757 1797 2799 sues

97 2827 201 2882 nomia
216 2827 389 2885 Photinienis
407 2830 496 2883 rusori
513 2830 630 2904 κόρακος
652 2834 727 2902 κακῷ
753 2830 798 2903 cip
819 2834 935 2906 opponi·
960 2834 1086 2904 termine,
1105 2835 1155 2890 sed
1166 2834 1228 2906 ipsa
1239 2850 1291 2904 per
1310 2849 1341 2889 se
1357 2832 1523 2904 completum
1542 2829 1731 2887 eusteniam
1748 2827 1796 2883 he·

53 2943 61 2952 -
97 2927 168 2969 mus.
195 2913 383 2970 Manichacus
400 2917 466 2971 dum
484 2925 627 2972 teritorum
644 2920 775 2973 virutum
795 2921 935 2976 miracola
961 2920 1021 2986 bet,
1047 2927 1107 2976 tum
1123 2920 1180 2978 tale
1196 2926 1238 2977 est
1256 2919 1404 2999 discrimen
1421 2919 1494 2975 inter
1513 2915 1662 2974 essentiam
1679 2920 1708 2970 et
1726 2913 1796 2969 exsi-

96 3000 223 3070 respioit‚
240 3017 312 3071 quae
323 3002 406 3056 DEI
408 3002 491 3071 filice
509 3011 641 3073 operetur
659 3013 708 3068 eet,
728 3023 783 3061 aon
800 3007 859 3060 cult
873 3021 933 3060 eum
960 3006 1099 3077 stsntism,
1116 3006 1200 3080 quale
1216 3006 1289 3062 inter
1305 3004 1453 3062 maeotim
1470 3000 1720 3060 erubescentium
1738 2998 1814 3089 sive

96 3085 234 3141 homimem
259 3089 392 3157 confiteri.
433 3088 573 3144 Photinus
600 3091 666 3144 dum
690 3091 720 3144 irs
746 3108 778 3146 eo
803 3099 933 3145 naturam
960 3090 1130 3164 hypostasin.

95 3174 189 3226 nostri
206 3173 335 3243 eorporis
352 3177 490 3242 aceedit,
510 3175 633 3230 DEUM
651 3194 706 3231 rrors
718 3177 848 3245 judicos,
874 3178 933 3247 iile,
995 3182 1035 3234 39.
1071 3176 1122 3243 Qu
1141 3182 1165 3232 2.
1201 3177 1389 3230 Ardeatis
1410 3172 1522 3228 Cirshto
1543 3180 1664 3226 motum
1676 3169 1796 3242 proprie

96 3257 254 3312 &seminet
268 3258 392 3328 virtutes,
410 3261 470 3328 iste,
490 3269 522 3314 et
536 3263 712 3330 infirmitates
731 3264 847 3333 repleat.
875 3263 933 3317 Ille
960 3263 1098 3333 loquendo
1115 3262 1369 3318 siotoorsirariaei
1386 3258 1586 3326 Nazianzenus,
1603 3255 1795 3313 Theodoreus

96 3343 212 3397 ὠίιαιίι
226 3347 401 3415 praeconio,
424 3346 478 3401 itte
496 3347 679 3402 lemoniotis
696 3348 809 3418 alapas.
844 3339 933 3404 Ilium
960 3356 988 3406 et
1006 3349 1055 3405 elii
1075 3367 1109 3406 ex
1127 3347 1267 3405 veteribus
1288 3347 1456 3420 quandoque
1474 3343 1619 3415 appellent
1633 3340 1793 3406 cormedus,

95 3429 231 3498 majestas
256 3431 332 3485 tomi
353 3433 473 3487 nomimis
495 3434 530 3486 ab
549 3434 731 3488 immanitatis
750 3436 932 3505 professione
959 3435 1150 3492 Dumsscenus
1167 3434 1215 3489 lib.
1235 3439 1258 3489 3.
1277 3449 1301 3488 c.
1320 3438 1350 3488 3:
1375 3433 1434 3491 uois
1450 3436 1504 3503 μία
1527 3428 1689 3504 mirificis
1715 3428 1793 3482 lver-

95 3524 218 3581 revocor,
236 3517 320 3572 istum
339 3518 483 3574 humilitus
497 3519 676 3588 injuriarium,
695 3521 863 3588 qaasDEO
875 3538 932 3576 eer-
959 3530 1026 3577 τίων
1043 3522 1190 3595 διαφορῶν
1207 3518 1354 3574 οὐσιωδῶν
1372 3515 1481 3583 δεκτικὴ
1498 3513 1655 3587 γενήσεται,
1688 3529 1793 3587 exque

96 3601 138 3655 sit
152 3601 293 3672 iediprror,
309 3603 470 3659 salominis
484 3598 592 3657 tarium
604 3606 932 3671 consessioneretroctat.
957 3605 1118 3663 Photinisni
1139 3611 1256 3662 nectunt
1279 3622 1360 3660 suum
1383 3606 1591 3677 argumentum:
1617 3597 1794 3671 Impossibile

98 3687 187 3742 litum
206 3689 347 3743 miracula
366 3698 498 3758 avocant,
516 3691 599 3743 ictum
610 3692 760 3761 parciores
777 3694 933 3746 retardaret.
960 3702 1000 3748 est
1019 3696 1093 3747 deae
1112 3694 1246 3747 moeotide
1265 3692 1321 3745 eibi
1338 3691 1454 3745 invicem
1473 3688 1632 3744 contraries
1654 3687 1685 3740 irs
1708 3703 1794 3741 omum

98 3773 155 3827 Ille
173 3774 277 3829 estora
293 3775 418 3845 fallier,
437 3777 487 3830 iste
504 3776 675 3830 inmonitate
691 3779 852 3847 offenditur.
875 3779 933 3833 Ille
957 3796 1110 3852 porrorum
1132 3778 1273 3848 coriiomps‘.
1314 3776 1374 3832 Sed
1398 3775 1511 3849 divinae
1537 3781 1564 3828 et
1586 3773 1724 3827 immarus
1744 3789 1793 3827 rru-

97 3860 183 3930 dioit,
209 3861 324 3918 DEUS
345 3872 401 3932 ert,
429 3864 482 3918 irts
499 3851 593 3932 'dicim
622 3864 703 3921 homo
731 3874 777 3919 eet.
815 3863 934 3920 Grande
959 3877 1040 3935 turae
1066 3867 1096 3919 irs
1124 3863 1236 3919 Christo
1261 3871 1325 3918 comt
1348 3861 1517 3916 contrariae.
1557 3858 1641 3932 Ergo.
1682 3856 1793 3916 eetech.

97 3947 273 4016 merosum,
291 3955 322 4002 at
341 3950 546 4018 erpopmaticne
562 3950 609 4003 sui
626 3951 732 4003 veritae
748 3953 933 4021 confirmetur,
958 3952 1061 4007 Rscov.
1089 3967 1116 4021 p.
1143 3957 1185 4006 55.
1228 3948 1318 4004 Socin.
1346 3947 1375 4002 in
1402 3945 1507 4002 defens.
1534 3945 1672 4000 animadv.
1699 3962 1725 4015 p.
1751 3949 1793 4003 63.

98 4040 124 4085 st
134 4051 229 4089 rerem
240 4042 355 4104 uterque
367 4036 453 4104 ἀέσαι,
466 4036 532 4089 dum
543 4043 659 4105 uimque
669 4038 824 4092 mentietur.
851 4038 934 4094 Audi
957 4037 1062 4094 Verum
1079 4037 1191 4108 proprie
1208 4034 1347 4107 loquendo
1368 4032 1464 4087 divine
1481 4037 1510 4088 ei
1531 4030 1654 4086 humane
1677 4036 1793 4087 neturus

97 4119 368 4189 emmerammum,
388 4123 466 4191 qtrod
479 4123 560 4175 Deus
579 4122 623 4185 sit,
643 4138 737 4176 oerum
756 4125 836 4194 dicio,
855 4125 933 4193 meod
956 4121 1260 4188 nonsuntcontreriee,
1272 4122 1339 4192 quie
1350 4119 1521 4187 substantiis,
1534 4122 1607 4172 teste
1617 4113 1789 4189 philosopho,

97 4211 124 4256 et
141 4204 220 4259 ionio
233 4224 289 4260 mors
307 4207 352 4271 eit,
370 4208 495 4268 falens.
523 4209 610 4272 Aodi,
628 4210 757 4280 Priorem,
775 4227 839 4264 cere
851 4210 931 4285 homo
956 4211 1028 4263 ciiii
1047 4218 1087 4263 est
1104 4207 1285 4270 contrarium,
1309 4204 1360 4259 sed
1378 4210 1487 4258 tentum
1506 4201 1672 4258 differentes.
1709 4198 1790 4264 Quod

97 4298 153 4359 eet,
173 4300 204 4345 ct
221 4295 340 4364 weris,
356 4294 421 4348 licet
438 4313 494 4349 ooo
511 4295 584 4350 mort
601 4298 720 4362 arseris,
743 4298 884 4351 sedidem
905 4305 931 4351 et
955 4301 1049 4350 eutem
1066 4295 1139 4350 duee
1157 4292 1292 4349 ocenum
1310 4289 1462 4346 secundum
1480 4305 1511 4344 se
1523 4296 1552 4342 et
1563 4285 1716 4343 secundum
1727 4299 1792 4356 pro·

96 4378 179 4432 Deus
198 4387 252 4449 est,
271 4382 348 4449 quod
363 4380 449 4450 impie
466 4383 591 4450 rescipit,
613 4384 644 4436 ie
662 4392 770 4437 tantem
789 4386 883 4447 Desso,
901 4392 932 4439 et
955 4382 1088 4457 prietstes
1107 4395 1171 4434 sues
1191 4378 1302 4434 reeliter
1320 4375 1480 4432 differentes
1505 4375 1535 4429 in
1556 4389 1641 4429 unum
1664 4371 1790 4444 supposi-

96 4462 284 4518 Mom'eioeus
293 4465 429 4519 homimem
438 4453 527 4537 meam,
539 4468 569 4522 irs
580 4476 689 4523 teritum
699 4470 787 4537 homo,
800 4477 829 4522 ut
839 4472 932 4524 Deum
955 4474 1016 4522 tum
1026 4464 1159 4537 conjungi
1170 4463 1286 4534 possint,
1303 4463 1386 4519 docet
1401 4460 1557 4532 exemplum
1567 4458 1686 4514 hominis
1698 4457 1791 4525 enims

95 4565 154 4604 Μ
169 4569 225 4606 Μ
242 4553 349 4618 mm,
367 4557 419 4606 θῒῦ.
445 4552 505 4609 Nos
523 4552 645 4612 breviter
661 4557 867 4626 respondemus,
886 4573 929 4610 er-
955 4551 1101 4608 immorteli
1119 4558 1148 4605 et
1165 4566 1279 4620 corpore
1295 4547 1406 4604 morteli
1426 4545 1585 4604 constantis.
1613 4542 1687 4600 Vide
1698 4542 1802 4601 locun

93 4635 174 4691 ticuli
194 4634 261 4692 fidei
273 4653 330 4692 non
341 4637 445 4692 debent
459 4638 513 4693 sibi
527 4638 644 4697 invicem
655 4641 766 4712 opponi,
786 4643 836 4697 sed
848 4643 931 4699 unius
956 4638 991 4693 de
1011 4636 1073 4692 Deo
1088 4635 1174 4690 Petre
1191 4640 1219 4690 et
1238 4633 1310 4690 Filio
1328 4631 1356 4710 ξ.
1371 4640 1428 4691 147.
1452 4631 1569 4705 Regerit
1585 4630 1701 4688 Socinus
1716 4630 1790 4689 dicto

94 4722 274 4794 ejusdemque
285 4722 351 4778 fidei
363 4722 524 4779 obedientie
535 4726 676 4796 ceptiveto
693 4726 807 4782 rationis
821 4728 931 4798 judicio
955 4724 1028 4780 loco:
1054 4722 1137 4776 Fieri
1151 4721 1276 4785 sortmre
1289 4727 1401 4789 postet,
1424 4727 1455 4772 ut
1477 4732 1512 4770 ‘ec
1531 4718 1617 4772 0Εο
1637 4725 1663 4771 st
1679 4715 1789 4771 lomim

93 4806 327 4864 humilitercred'u
343 4809 558 4881 (Argumentum
566 4811 796 4868 Photinisnorum
805 4812 930 4879 Christus
956 4812 1020 4864 licet
1044 4809 1209 4876 mittentis
1230 4806 1390 4862 contrarios
1414 4804 1565 4876 quoiitetce
1590 4819 1640 4859 ceu
1659 4803 1790 4873 proprie

93 4893 177 4952 bomo
193 4901 245 4964 est,
262 4911 329 4967 ergo
345 4913 400 4952 non
410 4895 497 4965 Deus,
514 4896 633 4968 petitum
651 4913 686 4952 ex
702 4897 929 4955 cuicuiusmo-
955 4906 1026 4952 totes
1043 4894 1186 4949 oamroles
1203 4892 1366 4948 lebetibus
1388 4889 1516 4963 Clerister
1536 4890 1701 4945 committur
1711 4889 1789 4964 sero

92 4997 156 5036 rum
177 4980 242 5038 Job.
263 4989 309 5052 10,
334 5000 358 5038 v.
378 4987 419 5037 33.
443 4981 600 5054 lepidemus
620 4989 648 5040 te
670 4989 784 5055 propter
802 4984 930 5055 blesphe·
955 4994 1004 5054 set,
1020 4985 1072 5038 red
1089 4983 1166 5053 quod
1180 4983 1255 5036 idem
1267 4979 1395 5035 Christro
1416 4986 1443 5032 et
1457 4981 1537 5032 Deae
1553 4977 1636 5031 citet
1653 4976 1742 5045 homo,
1757 4976 1791 5031 id

93 5065 264 5139 mium'quie
274 5074 314 5137 tu,
328 5084 391 5124 cnm
403 5065 485 5122 homo
499 5067 545 5137 sis,
558 5067 645 5123 ieeies
656 5074 684 5124 te
696 5069 787 5140 ipsum
799 5070 911 5140 Deum.)
954 5088 1017 5124 cero
1031 5071 1103 5123 inter
1115 5067 1301 5138 impossibilia
1309 5065 1421 5121 ommino
1433 5063 1634 5117 rummandum
1643 5071 1691 5130 est,
1703 5061 1790 5119 moto

130 5159 171 5210 38.
207 5154 356 5221 Quaeritur
377 5161 404 5210 l:
436 5153 511 5216 Quid
527 5162 630 5208 nmero
649 5163 675 5208 et
692 5156 811 5210 esreets'u
831 5158 861 5210 iss
878 5158 929 5213 hoo
954 5157 1045 5226 mauis
1078 5172 1162 5226 quom
1193 5153 1270 5223 quod
1302 5152 1377 5204 idem
1409 5149 1489 5205 ieme
1520 5156 1546 5201 et
1574 5150 1670 5202 anima
1697 5149 1734 5203 sii
1765 5157 1790 5203 et

93 5241 225 5308 mysterio
235 5241 355 5310 proprie
372 5241 484 5293 mouet!
507 5237 666 5294 Essentiem
682 5241 723 5296 rei
741 5247 855 5310 vocent,
873 5260 929 5314 que
955 5259 1071 5310 corpus,
1097 5258 1163 5293 mam
1184 5238 1271 5292 multo
1295 5237 1387 5306 crepis
1411 5237 1495 5288 etiem
1517 5236 1575 5288 Dei
1596 5242 1701 5289 matera
1728 5252 1790 5291 essm

92 5326 310 5397 unumquodque
328 5332 370 5380 est
389 5325 435 5394 id,
455 5325 529 5395 quod
545 5332 603 5395 est,
621 5327 751 5399 quodque
769 5327 928 5384 definitione
954 5328 1072 5381 leminis
1087 5334 1200 5393 maturo,
1220 5341 1304 5393 quom
1322 5322 1433 5376 ceimoc
1454 5339 1515 5374 cerm
1533 5322 1661 5391 corporis
1668 5329 1788 5393 peperat.

90 5410 132 5464 rei
155 5410 316 5482 explicetur.
351 5410 409 5465 Alii
427 5419 528 5466 vocent
546 5411 589 5481 id,
606 5428 661 5483 quo
680 5431 724 5468 ree
740 5414 770 5468 in
788 5419 862 5468 certo
880 5431 928 5485 ge·
953 5412 1103 5485 sepone:
1122 5409 1231 5466 Sufficit
1248 5407 1337 5476 nobis,
1355 5407 1450 5462 divine
1464 5406 1589 5478 potentie
1607 5422 1641 5462 ex
1657 5407 1752 5464 enime
1762 5413 1791 5463 et

89 5512 158 5552 nere
172 5497 245 5552 ends
251 5496 405 5552 formaliter
418 5496 604 5568 constituitur,
615 5514 689 5570 quae
699 5492 822 5556 delinitio
836 5497 928 5572 esst
955 5516 1070 5572 corpore
1087 5506 1221 5572 tunquam
1232 5494 1341 5553 duabus
1359 5493 1523 5549 substentiis
1542 5494 1683 5565 oppositus
1701 5492 1790 5567 queli-
