3984 6022
722 302 775 358 DE
793 301 1007 363 asamona
1027 301 1157 360 SACRA.
1725 314 1784 372 211

93 448 259 507 habebimus
294 449 423 508 articulos
462 453 540 519 fidei,
583 456 632 512 sed
667 456 771 527 placita
807 459 930 514 rationis.
957 457 1061 527 majore
1079 457 1292 529 conspiciuntur,
1311 458 1374 512 ideo
1392 458 1458 529 quia
1475 475 1509 513 ea
1526 476 1582 513 non
1600 460 1743 529 conspexit
1759 461 1788 514 in

93 534 221 593 Rationis
253 537 374 611 cogitata
402 546 429 595 et
454 538 540 597 effata
566 541 639 597 intra
665 543 809 615 sphaeram
838 561 930 601 earum
956 541 1018 598 luce
1043 541 1162 608 minore,
1192 543 1216 597 is
1245 544 1369 599 abutitur
1394 542 1484 599 officio
1510 549 1540 598 et
1562 544 1696 600 beneficio
1719 545 1789 600 lucis

94 639 194 694 rernm,
216 640 288 697 quae
306 622 420 680 rationis
434 625 542 696 judicio
561 627 712 698 subjectae,
732 630 932 685 colrcendaet
956 627 1084 696 minoris3
1111 627 1151 682 ita
1176 644 1287 700 quoque
1316 629 1362 701 qni
1388 628 1455 684 tidei
1478 630 1609 699 mysteria
1632 630 1662 684 in
1687 630 1789 686 lumine
1855 686 1861 695 ,

93 708 299 782 restringenda,
325 728 381 766 non
408 718 502 767 autem
525 713 699 769 extendenda
724 715 761 770 ad
786 715 930 787 sphaeram
956 713 1063 783 gratiae
1091 714 1213 769 revelata
1240 720 1326 786 negat
1349 715 1394 770 vel
1417 715 1617 786 impugnator
1640 732 1685 783 eo,
1714 716 1789 787 quod

12 837 16 847 ,
94 813 190 852 carum
213 813 326 865 rerum,
362 814 434 869 quas
469 806 534 853 sunt
567 799 642 854 ultra
675 817 783 857 omnem
816 802 930 857 rationis
956 815 1011 852 non
1037 806 1192 870 congruant
1215 816 1277 854 cum
1298 800 1405 856 ratione
1430 817 1463 856 ex
1487 800 1590 856 lumine
1612 809 1742 867 naturae,
1767 800 1790 855 is

93 888 206 954 captum
231 883 334 954 posita,
361 883 431 939 alias
454 884 478 939 si
502 884 673 955 accipiantur
695 893 826 958 tanquam
851 887 930 943 abso-
956 881 1052 938 itidem
1076 883 1261 940 beneficiost
1284 885 1376 940 officio
1398 886 1512 963 rationis
1529 903 1562 941 ac
1582 886 1692 940 luminis
1712 893 1790 942 natu·

93 967 153 1024 lute
168 978 171 982 ’
187 967 354 1024 universalia
392 976 420 1024 ct
454 970 592 1041 mysteriis
627 971 693 1026 iidei
727 980 932 1045 oppugnantur,
956 969 1023 1022 ralis
1046 969 1177 1025 abutitur.
1214 977 1238 1026 4.
1258 972 1370 1040 Relipio
1390 973 1476 1026 malla
1495 974 1577 1026 hulst
1594 990 1696 1042 111)το,
1719 973 1791 1024 nito

92 1053 207 1126 pariunt
231 1052 384 1117 ἀναθέσεις
411 1056 598 1132 ψευδωνύμου
623 1058 751 1128 γνώσεως
777 1066 798 1115 1,
816 1059 887 1114 Tim,
907 1062 930 1129 a,
957 1070 1020 1108 vero
1042 1063 1140 1110 contro
1160 1057 1304 1111 rationem.
1339 1056 1422 1127 Resp.
1446 1057 1556 1112 articuli
1572 1056 1638 1111 fidei
1660 1057 1689 1110 in
1707 1073 1736 1111 se
1757 1072 1790 1111 ac
1816 1051 1820 1063 ’

93 1158 120 1196 v.
135 1146 185 1197 120.
235 1147 259 1197 2.
286 1143 369 1198 Nilo
393 1145 575 1215 medendum,
612 1147 689 1215 quod
710 1154 802 1202 111111
825 1149 930 1201 ratione
956 1156 1007 1209 per
1023 1157 1053 1195 se
1069 1158 1125 1196 non
1143 1149 1208 1196 sunt
1225 1151 1320 1197 contra
1336 1143 1477 1211 rationem,
1496 1145 1545 1197 sed
1558 1143 1694 1198 duntaxat
1707 1159 1792 1212 supra

94 1229 271 1283 menemus.
305 1227 388 1299 Resp.
412 1229 637 1302 dhtinguendum
660 1231 732 1286 inter
749 1232 884 1288 rationem
901 1232 930 1286 in
956 1224 1097 1282 rationem.
1123 1227 1177 1282 Per
1194 1229 1323 1283 accidens
1342 1245 1406 1283 vcro
1425 1230 1569 1300 contingit
1588 1236 1621 1283 nt
1637 1229 1692 1284 sint
1708 1229 1791 1283 etiam

94 1311 205 1370 homine
227 1321 291 1370 ante
308 1314 416 1386 lapsum
435 1321 464 1372 et
482 1320 547 1387 post
564 1317 680 1388 lapsum.
716 1316 777 1383 Illa,
792 1325 931 1389 ,quatenus
956 1317 1051 1367 contra
1070 1315 1217 1383 rationem,
1242 1315 1353 1384 quando
1376 1314 1481 1370 scilicet
1498 1315 1570 1368 ratio
1584 1315 1720 1385 judicium
1737 1315 1791 1369 sibi

94 1397 159 1453 talis
182 1417 325 1472 nunquam
348 1395 495 1456 seveiae
516 1402 615 1458 suisset
634 1403 744 1459 divinae
761 1404 930 1474 revelationi,
957 1397 991 1452 de
1009 1397 1063 1452 iilis
1082 1400 1167 1453 sumit
1184 1415 1217 1454 ex
1234 1399 1291 1454 suis
1310 1399 1467 1471 principiis,
1492 1418 1542 1456 nec
1561 1400 1685 1472 sequitur
1702 1401 1792 1456 lucem
1834 1389 1838 1404 ¹

93 1483 163 1541 haec
179 1484 247 1540 vitio
264 1486 446 1558 corruptionis
463 1488 626 1543 adversatur
637 1488 804 1559 saepissime.
826 1490 930 1544 Distin·
956 1485 1048 1553 verbi,
1070 1485 1119 1539 sed
1138 1485 1249 1540 cosdem
1266 1493 1352 1556 negm
1368 1494 1396 1541 et
1414 1487 1566 1558 impugnet.
1600 1487 1710 1542 Deinde
1728 1487 1792 1541 erti-

94 1570 238 1644 guendum
264 1573 347 1629 edam
372 1573 443 1628 inter
464 1572 598 1628 radonem
614 1573 731 1630 hominis
750 1576 872 1631 nondum
889 1593 930 1631 re-
956 1569 1013 1623 culi
1035 1569 1100 1624 fidei
1118 1587 1173 1624 non
1196 1576 1260 1624 sunt
1279 1579 1389 1641 contra,
1416 1574 1465 1626 sed
1482 1579 1590 1626 tantum
1608 1589 1692 1642 supra
1710 1574 1792 1630 ratio·

95 1656 156 1713 nati
183 1664 213 1713 et
239 1657 373 1713 rationem
400 1657 516 1713 hominis
541 1659 666 1732 regeniti.
707 1660 761 1715 illa
781 1660 848 1732 fidei
871 1679 930 1733 my·
956 1673 1032 1725 nem,
1061 1662 1196 1728 quatenus
1220 1657 1290 1712 ratio
1311 1665 1379 1727 =ante
1397 1659 1504 1731 lapsum
1522 1659 1644 1714 nondum
1661 1659 1716 1714 fuit
1732 1676 1790 1714 cor·

96 1744 182 1799 steria
202 1742 313 1815 judicat
335 1743 495 1814 stultitiam,
523 1744 592 1801 haec
615 1763 681 1802 sero
703 1753 840 1818 qnatenus
865 1747 930 1803 talis
956 1749 1039 1813 rupta
1056 1750 1084 1797 et
1101 1743 1260 1813 depravata,
1280 1744 1330 1799 sed
1342 1751 1405 1814 post
1419 1746 1526 1814 lapsum
1539 1752 1604 1799 sunt
1616 1761 1671 1799 non
1683 1751 1790 1801 tantum

94 1828 194 1885 iisdem
218 1847 274 1885 non
298 1830 463 1885 obluctatur.
498 1830 578 1886 'Iunc
600 1849 665 1888 vero
691 1839 719 1887 et
736 1833 844 1888 tamdiu
866 1833 931 1889 talis
956 1846 1053 1898 nepes,
1069 1831 1121 1882 ssd
1135 1831 1218 1882 etiam
1237 1839 1334 1884 contra
1348 1832 1485 1884 rationem
1503 1837 1668 1901 corruptam,
1687 1833 1792 1903 quippe

95 1921 146 1986 est,
167 1915 278 1987 quando
297 1922 325 1970 et
345 1915 477 1987 quamdiu
494 1917 571 1972 verbi
590 1917 680 1972 lucem
698 1919 831 1991 sequitu,
850 1920 931 1976 etde
958 1931 1029 1984 quae
1046 1920 1181 1986 quatenns
1200 1915 1265 1971 talis
1281 1933 1337 1970 non
1355 1922 1447 1987 potest
1466 1916 1520 1970 sibi
1538 1925 1706 1987 temperare,
1725 1933 1792 1989 quo-

94 1998 162 2057 tidei
180 2000 319 2073 mysteriis
343 2018 399 2055 non
416 2019 449 2057 er
466 2002 523 2057 suis
540 2001 696 2074 principiis,
722 2004 772 2060 sed
790 2022 824 2060 ex
846 2005 931 2060 saeris
958 1999 1048 2053 minus
1085 2000 1120 2053 de
1155 1999 1210 2054 illis
1240 2016 1273 2055 cx
1304 2002 1361 2055 suis
1392 2002 1535 2073 principiis
1563 2003 1631 2058 velit
1655 2004 1791 2074 judicare.

10 2086 183 2144 aalaliteris
196 2088 313 2161 judicat.
354 2089 591 2161 Distinguendum
608 2108 689 2163 porro
709 2091 780 2146 inter
798 2093 932 2147 rationem
960 2091 982 2139 5-
1014 2087 1114 2139 Verum
1136 2086 1288 2155 theoloyice
1309 2105 1365 2140 aon
1385 2096 1477 2156 potest
1500 2105 1558 2141 sess
1575 2091 1685 2154 fulsum
1697 2090 1799 2158 pitito:

94 2173 244 2229 rocuficari
265 2175 295 2229 in
319 2174 371 2230 110
392 2175 449 2230 nte
467 2181 593 2248 coeptam
609 2183 638 2232 et
655 2178 735 2248 plene
752 2177 932 2233 manfiestum
959 2172 1077 2240 sopitos,
1099 2173 1167 2241 esis
1183 2173 1286 2226 veritas
1304 2181 1425 2227 111111.
1456 2172 1537 2244 Rssp.
1556 2191 1607 2244 per
1625 2191 1654 2230 11
1672 2181 1700 2229 et
1717 2176 1745 2229 in
1762 2192 1793 2231 se

94 2259 124 2315 in
152 2260 212 2314 vita
240 2259 334 2316 altera.
381 2260 435 2315 Illa
463 2262 586 2316 nondum
615 2262 654 2317 ita
681 2263 764 2333 plene
794 2269 933 2331 renovata,
958 2257 1036 2311 nulla
1063 2258 1255 2327 contrarietas,
1281 2258 1358 2312 nulla
1382 2259 1563 2315 contradictio
1586 2260 1658 2315 inter
1673 2261 1792 2330 philoso-

94 2344 238 2402 illustrsu
262 2355 289 2402 et
312 2346 478 2418 rectificare,
504 2346 694 2404 1111111101
712 2349 761 2419 sit,
789 2365 850 2404 erm
868 2349 933 2405 fidei
960 2343 1053 2413 phium
1079 2349 1108 2399 11
1131 2344 1311 2415 1110101111,
1341 2343 1407 2415 qun
1433 2362 1504 2416 quse
1531 2347 1566 2401 de
1590 2349 1703 2401 summis
1727 2347 1792 2404 fidei

96 2433 222 2488 articulis
248 2433 388 2489 adversari
412 2450 514 2504 eosque
537 2434 711 2506 impugnare,
740 2436 764 2489 si
786 2453 866 2490 suum
893 2452 933 2490 se·
960 2429 1099 2501 mysteriis
1115 2430 1255 2502 theologia
1270 2430 1401 2500 proponit
1418 2447 1450 2486 ex
1466 2432 1645 2501 revelatione,
1667 2432 1715 2486 ilia
1731 2433 1791 2503 phi-

97 2520 212 2592 quatur'
227 2519 349 2575 ductum.
398 2520 637 2586 Quemadmodum
668 2522 741 2577 enim
771 2522 800 2575 in
830 2522 934 2577 renatis
961 2515 1086 2587 losophia
1112 2517 1203 2571 sanior
1232 2532 1265 2571 sc
1293 2517 1401 2572 sincera
1427 2518 1504 2572 novit
1530 2535 1585 2572 non
1613 2535 1673 2572 esse
1700 2519 1791 2573 discu-

96 2611 192 2661 manet
215 2607 290 2660 lucta
310 2607 406 2660 camis
424 2616 449 2661 a
464 2607 595 2678 ppiritm,
615 2624 666 2679 per
683 2624 766 2679 qum
786 2607 933 2663 sollicitan-
960 2602 1056 2656 11811118
1081 2609 1110 2657 ei
1131 2600 1304 2657 &militanda
1321 2619 1354 2657 01
1371 2603 1516 2674 principiifi
1532 2605 1660 2675 1811οΠ18,
1690 2623 1726 2660 nc
1743 2605 1793 2662 fili

96 2696 144 2746 tur
168 2691 206 2746 ad
229 2699 389 2763 moenum:
419 2692 459 2746 sic
485 2698 580 2748 manet
602 2693 631 2747 in
657 2693 711 2748 illis
729 2694 805 2748 lucta
821 2692 887 2749 fidei
906 2702 935 2748 et
959 2687 1248 2760 pertemescatis
1268 2696 1363 2760 γένος,
1382 2707 1451 2745 neve
1474 2689 1679 2746 confundantur
1697 2693 1792 2746 distin·

96 2776 226 2849 rationis,
254 2785 391 2850 quatenus
415 2795 448 2833 ea
470 2779 593 2833 nondum
616 2780 698 2850 piene
724 2787 766 2836 111
788 2787 933 2851 renovata,
959 2781 1066 2829 starum
1085 2775 1293 2846 disciplinarum
1310 2777 1447 2846 principia
1459 2776 1599 2832 distincta
1620 2778 1664 2832 Sic
1681 2780 1802 2856 quando,

95 2862 165 2920 haec
194 2880 259 2920 vero
287 2880 394 2919 omnem
423 2866 635 2937 repugnantiam
664 2865 732 2923 fidei
762 2873 792 2921 et
819 2867 932 2922 rationis
958 2859 1100 2932 theologis
1117 2861 1207 2931 docet,
1226 2861 1343 2919 Mariam
1359 2864 1502 2934 peperisse
1518 2872 1546 2919 et
1564 2865 1699 2936 virginem
1716 2882 1791 2921 man-

95 2948 226 3006 excludit.
274 2948 510 3021 Distinguendum
545 2950 657 3022 insuper
691 2951 763 3008 inter
798 2953 932 3009 rationem
959 2946 1035 3016 sisse,
1054 2945 1147 3001 sanior
1164 2946 1338 3017 philosophia
1355 2964 1412 3003 non
1431 2948 1507 3019 dicit,
1528 2950 1581 3004 hoc
1598 2958 1733 3005 assertum
1750 2969 1792 3008 re·

94 3042 202 3091 rectam
226 3053 290 3093 rere
314 3045 344 3091 et
366 3037 476 3112 proprie
499 3036 538 3093 sio
564 3038 682 3107 dictam,
709 3042 738 3092 ct
761 3039 833 3095 inter
849 3041 932 3094 ratio·
959 3049 1084 3104 pugnare
1102 3049 1170 3088 suae
1189 3032 1372 3102 conclusioni,
1393 3034 1467 3104 quod
1487 3035 1621 3105 virginem
1639 3053 1737 3107 parcre
1755 3037 1793 3090 sit

93 3138 158 3179 nem
173 3126 277 3178 rectam
296 3140 329 3179 ex
346 3123 565 3179 adversariorum
580 3123 808 3180 Photinianorum
827 3125 933 3182 scilieet
959 3118 1110 3189 1111111101,
1137 3119 1203 3191 quia
1223 3119 1300 3174 novit
1323 3121 1525 3175 conclusionem
1544 3121 1620 3175 illam
1637 3123 1792 3178 necessario

94 3226 129 3264 ao
147 3208 372 3266 calvinianornm
398 3228 481 3266 sensu
507 3210 657 3265 definitam.
692 3211 776 3266 Ratio
794 3219 884 3280 recte,
907 3211 931 3266 si
958 3221 1022 3260 cum
1048 3205 1102 3260 hac
1128 3205 1293 3260 limitatione
1317 3205 1520 3277 accipiendam,
1555 3209 1629 3278 quod
1657 3209 1792 3280 virginem

93 3311 160 3351 sere
184 3302 212 3352 et
228 3297 339 3369 proprie
358 3297 398 3351 sic
416 3298 492 3352 dicta
509 3297 675 3368 accipiatur,
699 3315 750 3368 pro
767 3313 801 3353 11
818 3297 932 3369 scilicet,
958 3291 1123 3346 natumiiter
1139 3307 1237 3362 parere
1253 3295 1282 3346 et
1296 3291 1381 3346 talem
1398 3308 1510 3348 manere
1527 3295 1563 3346 sit
1581 3293 1727 3365 ἀδύνατον,
1745 3312 1792 3351 cu·

95 3398 169 3455 qnae
198 3384 271 3439 intra
294 3383 426 3439 terminos
452 3384 495 3437 sui
519 3383 619 3454 objecti
639 3399 699 3439 sese
716 3384 852 3456 continet,
880 3401 931 3440 nec
955 3379 1002 3448 ju!
1032 3376 1200 3432 consanum
1231 3376 1372 3449 th00108i³
1396 3394 1453 3433 11011
1479 3381 1593 3448 asserit,
1626 3380 1694 3436 dicit
1719 3382 1793 3437 enim

89 3468 230 3540 judicium
256 3469 291 3524 de
316 3469 384 3524 fidei
407 3470 546 3541 mysteriis
569 3470 622 3525 sibi
644 3476 769 3542 arrogat,
792 3473 835 3526 rel
859 3488 931 3543 qnae
958 3464 1160 3534 supemaotraii
1177 3472 1206 3519 et
1224 3463 1319 3518 divina
1338 3464 1440 3519 virtute
1458 3482 1518 3520 esse
1536 3465 1648 3533 iactum,
1667 3475 1699 3522 ut
1713 3469 1791 3540 virgo

92 3556 173 3611 verbi
196 3555 258 3611 luce
279 3556 439 3611 collustrata
462 3564 490 3611 et
507 3573 524 3611 1
542 3554 647 3627 Spiritu
667 3561 762 3610 sancto
779 3555 931 3612 rectificeta
958 3556 1076 3620 pareret·
1122 3550 1239 3616 Quando
1267 3567 1333 3605 vero
1360 3551 1581 3623 philosophaster
1609 3554 1709 3625 aliquis
1742 3573 1793 3611 sna

93 3641 124 3695 in
152 3641 290 3715 mysteriis
317 3642 382 3697 fidei
406 3659 461 3697 non
487 3659 538 3697 sua
562 3648 684 3697 sectatur
705 3641 854 3712 principia,
882 3642 930 3698 sed
958 3637 1095 3692 axiomata
1118 3644 1147 3692 et
1170 3638 1255 3694 effata
1277 3638 1339 3692 vult
1362 3656 1422 3695 esse
1447 3647 1504 3693 tam
1527 3641 1680 3712 generalia,
1705 3651 1736 3696 ut
1759 3660 1792 3698 ex

92 3728 172 3782 111111
190 3728 280 3783 iucem
298 3736 326 3783 et
336 3728 454 3799 Spiritus
467 3729 556 3784 sancti
571 3729 693 3797 ductum,
705 3728 820 3783 illanon
835 3726 930 3784 adver·
957 3723 1011 3777 illis
1029 3725 1112 3778 ctiam
1131 3724 1165 3778 dc
1182 3724 1294 3778 summis
1312 3723 1377 3778 fidei
1396 3726 1534 3796 mysteriis
1552 3728 1587 3780 sit
1599 3728 1791 3798 judicandum,

92 3821 171 3870 satur
197 3813 269 3870 fidei.
311 3814 365 3871 Sed
392 3814 541 3870 adversarii
566 3822 658 3870 rectae
684 3814 798 3869 rationis
821 3814 931 3870 nomine
958 3816 986 3863 et
1010 3810 1050 3865 sic
1075 3809 1144 3863 fines
1168 3810 1272 3865 alienos
1289 3809 1410 3880 invadit,
1436 3817 1502 3866 tunc
1521 3829 1554 3866 ex
1572 3814 1709 3868 accidenti
1728 3832 1791 3868 con-

91 3901 234 3972 accipinnt
259 3918 336 3970 eam,
366 3919 438 3972 quae
461 3901 496 3955 de
520 3900 586 3956 fidei
610 3901 746 3971 mysteriis
765 3900 876 3971 judicat
896 3919 929 3957 ex
956 3895 1052 3968 tingit,
1080 3895 1113 3952 ut
1130 3913 1225 3951 verum
1243 3896 1401 3969 theologice
1426 3897 1528 3954 falsum
1547 3899 1656 3954 dicatur
1672 3901 1791 3970 philoso-

95 3987 152 4041 suis
168 3986 321 4059 principiis,
340 3992 372 4041 ut
389 3989 450 4057 ipsa
468 3987 561 4058 praxis
578 3987 707 4042 ostendit.
742 3987 869 4058 Denique
890 3987 928 4041 di·
956 3982 1046 4054 phicc,
1065 3989 1192 4055 respectu
1211 3983 1317 4039 scilicet
1333 3984 1428 4039 habito
1447 4003 1502 4041 non
1520 3987 1556 4040 ad
1568 4005 1663 4041 verum
1676 3989 1791 4043 sanioris

94 4073 291 4145 stingucndnm
310 4074 381 4128 inter
401 4089 447 4142 ea,
473 4089 544 4143 quae
562 4079 627 4126 sunt
644 4089 735 4127 merae
755 4073 929 4128 revelationis
956 4070 1146 4140 philosophiae
1174 4087 1269 4140 nsum,
1301 4071 1350 4125 scd
1380 4073 1417 4126 ad
1447 4074 1636 4143 turpissimum
1666 4075 1790 4145 ejusdem

92 4165 124 4215 et
145 4177 232 4231 purae
255 4157 333 4223 fidei,
363 4163 392 4212 et
417 4175 462 4227 ea,
490 4174 562 4229 quae
585 4158 699 4212 rationis
722 4160 843 4213 acumini
864 4164 930 4213 sunt
956 4157 1082 4211 abusum.
1117 4156 1164 4213 Sic
1184 4157 1296 4226 justitia
1320 4166 1349 4211 et
1365 4158 1436 4228 juris
1454 4159 1525 4212 ratio
1545 4167 1587 4213 cst
1604 4161 1709 4231 ubique
1727 4177 1790 4228 una,

92 4244 213 4315 objecta.
253 4245 288 4300 In
314 4244 510 4317 posterioribus
540 4244 645 4317 aliquid
672 4245 799 4321 relictum
829 4245 929 4300 rationi
956 4244 985 4297 in
1004 4250 1141 4313 conceptu
1160 4243 1421 4314 scilicetgenerali,
1440 4245 1549 4299 interim
1567 4253 1659 4301 tamen
1676 4247 1724 4316 jus
1742 4247 1790 4300 hu·

92 4330 176 4401 lncis,
202 4330 295 4403 priora
319 4349 383 4385 cum
407 4332 462 4386 sint
488 4330 557 4402 ὑπὲρ
575 4336 658 4395 Ι1011,
685 4331 754 4403 ὑπὲρ
780 4330 865 4402 λόγον
883 4335 927 4385 καὶ
953 4331 1000 4399 jus
1026 4328 1186 4399 provinciae
1211 4346 1266 4383 non
1286 4337 1329 4384 est
1347 4330 1420 4385 idem
1439 4348 1502 4386 cum
1517 4333 1581 4401 jure
1598 4333 1710 4387 alterius
1727 4350 1789 4402 pro-

91 4417 164 4492 ὑπὲρ
183 4419 279 4472 πᾶσαν
296 4417 458 4488 κατάληψιν,
477 4434 532 4472 non
549 4425 614 4473 sunt
629 4419 736 4477 ratione
748 4418 930 4488 discutienda,
956 4414 1073 4485 vinciae,
1092 4416 1140 4470 sed
1152 4414 1295 4485 quaelibet
1306 4416 1464 4487 respublica
1476 4418 1532 4471 suis
1544 4418 1709 4487 specialibus
1723 4416 1793 4473 vivit
1803 4438 1831 4480 11.
1846 4437 1890 4480 ssa

91 4505 144 4560 sed
163 4503 219 4560 fide
238 4505 416 4575 acceptanda
453 4511 475 4560 3.
505 4506 539 4558 111
553 4525 646 4575 parva
665 4508 712 4559 luc
729 4523 862 4575 mopsos,
889 4507 930 4559 sic
957 4500 1073 4572 legibus.
1109 4501 1154 4556 Ita
1177 4502 1279 4557 veritas
1304 4510 1346 4558 est
1371 4521 1427 4557 una
1450 4503 1479 4557 in
1503 4514 1638 4575 conceptu
1658 4505 1789 4576 generali,

89 4591 169 4648 rasio
196 4591 359 4661 Scripturas
385 4610 441 4645 non
469 4601 507 4645 sat
534 4593 685 4646 contraria.
721 4591 804 4664 Resp.
828 4608 929 4663 perse
956 4587 1065 4641 interim
1079 4587 1220 4658 quaelibet
1231 4588 1377 4660 disciplina
1392 4606 1442 4644 sua
1455 4591 1540 4645 habet
1551 4592 1695 4660 axiomata,
1717 4609 1789 4663 quae

89 4675 173 4732 nulla
200 4675 245 4731 hic
274 4675 468 4744 contrarietas,
505 4677 555 4731 scd
585 4695 636 4749 per
665 4677 803 4734 accidens.
848 4677 930 4732 Ratio
956 4674 1233 4729 nonsunttrahenda
1251 4674 1280 4729 in
1293 4675 1480 4745 aliudforum,
1499 4677 1548 4732 sed
1567 4679 1596 4731 in
1609 4678 1791 4748 suasphaera

89 4760 167 4818 111111
192 4762 338 4834 sphamem
361 4779 439 4817 suam
464 4779 524 4817 sese
547 4763 689 4819 continens
713 4779 770 4817 non
793 4769 835 4817 est
858 4763 929 4819 Scri·
955 4760 1145 4830 relinquenda,
1166 4760 1686 4843 11111111άρ101εῖςᾶλλογένος,
1707 4780 1790 4835 quam

31 4883 43 4892 -
87 4855 193 4921 ptmae
220 4849 357 4903 coenaria
383 4848 431 4903 scd
458 4849 569 4919 quando
595 4849 740 4919 sphaeram
766 4864 845 4902 suam
869 4849 930 4903 vult
955 4845 1018 4916 ipsa
1035 4845 1126 4900 sanior
1137 4845 1312 4917 philosophia
1322 4848 1459 4917 repudiat

88 4941 269 5010 μεταβαίνειν
292 4939 339 4988 acl
358 4934 536 5008 ὑπερβαίνειν
560 4941 588 4989 et
608 4935 643 4990 de
661 4935 773 4989 summis
790 4933 855 4989 fidei
871 4951 929 5004 my·
991 4938 1049 4987 116.
1086 4931 1262 5003 Argumenta
1293 4933 1453 4991 Schmaltrii
1483 4935 1592 5006 potiora
1620 4936 1689 4992 hacc
1712 4944 1790 4992 sunt:
1803 4956 1874 5008 Argu-

89 5020 184 5076 steriis
207 5037 240 5077 ex
265 5038 376 5077 suorum
399 5020 598 5092 principiorum
623 5020 771 5075 dictamine
793 5021 929 5090 judicare,
958 5027 979 5076 1.
1008 5021 1119 5073 Doceat
1144 5019 1294 5073 stancius
1318 5021 1363 5072 ocl
1391 5021 1482 5089 quivis
1510 5022 1597 5092 aliua,
1626 5040 1711 5076 unam
1737 5025 1791 5080 oli·
1804 5013 1921 5103 iffi„

90 5112 162 5162 tnnc
184 5122 235 5178 per
257 5107 386 5162 accidens
405 5107 564 5177 Scripturas
585 5107 619 5161 de
639 5106 703 5160 fidei
722 5107 859 5176 mysteriis
880 5124 929 5162 nos
955 5122 1040 5175 psam
1061 5106 1224 5160 assimilem
1249 5122 1396 5158 samaram
1422 5107 1569 5160 literarum
1582 5125 1713 5179 paquara
1729 5129 1790 5168 eam
1804 5124 1892 5156 nomm.

90 5192 252 5249 informsnti
278 5193 449 5248 adversatur.
491 5192 728 5258 Quemadmodum
754 5209 858 5264 magna
883 5194 930 5247 iux
955 5192 1079 5261 ratione,
1105 5200 1132 5245 et
1153 5199 1217 5246 amc
1237 5192 1312 5246 ratio
1336 5177 1428 5246 taient
1449 5194 1480 5246 in
1503 5195 1629 5250 ecclesia.
1664 5196 1745 5269 Disp.
1763 5205 1789 5257 1,

89 5280 206 5354 saepius
232 5279 337 5335 revelat
356 5294 403 5347 ea,
430 5295 502 5351 quae
519 5278 548 5332 in
568 5279 629 5334 luce
647 5294 735 5349 parva
753 5276 866 5334 fuerunt
883 5279 929 5334 ab·
956 5297 983 5349 p.
1010 5285 1066 5334 111.
1097 5277 1179 5349 Resp.
1209 5287 1233 5335 l.
1257 5277 1327 5333 Cum
1349 5279 1456 5335 ratione
1476 5280 1550 5335 intra
1571 5282 1703 5337 terminos
1726 5300 1789 5341 suos

90 5366 238 5436 scondita3
257 5365 308 5420 sie
333 5365 381 5419 lux
404 5365 511 5438 gratiae
538 5367 567 5419 in
593 5364 676 5419 serbo
700 5364 782 5419 nobis
805 5382 929 5435 accensa,
956 5381 1016 5420 sese
1043 5364 1203 5422 continente
1225 5363 1302 5419 nulla
1326 5381 1465 5421 sacrmum
1489 5367 1631 5423 literarium
1655 5370 1791 5426 sententia

90 5451 256 5509 mmiiestat
269 5468 313 5518 es,
332 5466 405 5523 quas
423 5457 488 5506 sunt
505 5450 669 5506 abscondita
685 5449 715 5504 in
728 5451 790 5507 luce
804 5457 929 5509 caunas.
957 5460 1078 5524 pugnat,
1103 5453 1154 5507 sed
1176 5467 1240 5507 oum
1261 5451 1369 5508 rstiom
1391 5453 1522 5508 terminos
1546 5472 1610 5511 suos
1632 5458 1792 5528 egrediente

88 5536 176 5608 Quos
200 5528 225 5594 si
249 5536 336 5614 igitur
360 5536 422 5610 quis
445 5552 548 5612 negare
569 5535 638 5593 velit
661 5552 707 5608 ea,
733 5550 806 5611 quae
822 5537 851 5593 in
868 5537 930 5596 luce
957 5539 1051 5595 omnia
1080 5538 1146 5596 fidei
1180 5541 1312 5612 mysteria
1337 5548 1479 5614 pugnant,
1513 5547 1546 5601 st
1573 5544 1791 5600 ex'inductione

131 5648 134 5653 ·
197 5638 201 5667 ¹
231 5636 263 5649 ”
297 5650 300 5655 ·
1412 5641 1462 5703 11·
