3984 6022
563 301 616 360 DE
634 299 886 362 SANCTISSIMO
899 298 1121 359 temerans
1138 301 1340 360 MYSTERIO.
1732 313 1791 370 eet

99 454 250 526 designant
274 455 328 511 tria
345 454 406 513 Deo
430 458 570 514 atbibuta.
607 460 677 516 Nam
697 461 726 513 in
743 460 822 531 virga
839 464 933 530 poten·
960 466 1033 514 sant.
1071 460 1146 513 Nam
1163 460 1273 512 serbiam
1288 461 1350 527 rjais
1363 460 1523 528 perfectam
1540 459 1673 513 misteria
1693 465 1719 512 et
1736 459 1795 521 toe-

96 541 140 596 tia
160 541 233 610 ejus3
259 541 288 595 in
304 542 421 608 tabulis,
445 545 474 599 in
492 546 593 617 quibua
616 554 675 601 erat
692 547 737 600 lex
755 562 873 617 magnae
890 561 933 599 sa·
959 547 1080 598 canaram
1094 553 1120 597 ct
1132 546 1229 613 opifer
1243 546 1354 614 tapsum
1365 545 1551 608 infoecunda
1562 553 1669 598 natara
1682 553 1708 597 et
1721 562 1795 613 aqna

97 625 235 696 pientiae,
259 627 385 699 signatur
401 630 456 687 Dei
474 632 625 702 sapientia3
650 632 678 686 in
694 648 811 687 mannae
840 630 933 685 dulce
958 631 1101 692 foecunda
1110 631 1271 700 protitcam
1283 631 1351 692 fecit
1369 647 1479 699 aptam
1509 628 1689 701 'Ibismegesti
1707 631 1795 701 philo-

98 711 166 766 dine
183 712 292 768 bonitas
310 717 377 785 ejus.
414 717 544 772 Potentia
561 718 693 775 tribuitur
712 719 805 786 Patri,
823 718 932 789 sapien·
958 715 1084 786 sophiam
1107 723 1220 772 secutus
1245 717 1327 772 Plato
1356 717 1385 770 iu
1410 715 1538 787 epistola·
1556 717 1593 771 ad
1620 715 1813 809 Dionysium,⁸

97 798 141 852 tia
157 798 241 868 Filio,
265 800 374 856 bonitas
393 802 506 874 Spiritui
530 811 632 859 sancta
677 804 757 873 Quod
779 804 865 860 lirod
889 809 931 872 23,
958 800 1006 873 qui
1025 818 1088 857 eum
1106 802 1142 857 da
1166 808 1265 857 natura
1283 802 1338 857 Dei
1360 807 1557 872 percunctatus
1574 800 1674 870 marat,
1693 802 1733 859 sic
1752 820 1793 858 re·

95 902 124 939 n
146 892 184 941 rt.
219 885 362 944 lsratlitas
380 899 422 944 ter
438 893 467 944 ia
487 911 561 947 anno
580 894 608 946 in
627 893 715 948 tribus
738 910 775 947 sc.
792 893 871 948 iestis
888 909 931 948 so·
958 889 1090 959 spondet:
1125 892 1171 942 lta
1193 898 1299 943 naara
1321 891 1411 959 primi
1435 891 1605 958 loquendam
1631 897 1673 943 est
1704 898 1794 943 secem

97 970 270 1029 lennioribus
289 992 379 1030 coram
400 977 461 1032 Deo
478 995 637 1050 comparere
657 979 840 1051 cogebantur,
861 979 931 1033 illud
953 991 1009 1044 per
1032 977 1206 1044 aeniprnata,
1230 982 1283 1030 ets.
1321 976 1369 1030 Sic
1393 977 1476 1030 babet
1491 992 1551 1043 res,
1577 976 1656 1030 caca
1673 976 1794 1030 maniam

95 1056 217 1114 Basilius
241 1060 271 1114 in
296 1077 319 1116 c.
346 1069 368 1117 1.
397 1063 469 1118 Esai.
492 1066 528 1120 ad
551 1065 702 1122 trinitatem
732 1067 929 1122 accommodat,
958 1077 1049 1128 repam
1071 1062 1165 1115 amaia
1188 1071 1253 1116 artat
1278 1072 1304 1115 et
1328 1063 1408 1116 illias
1425 1063 1521 1135 gratia
1539 1062 1672 1116 emittant
1690 1063 1793 1130 mania,

95 1144 207 1215 Fidem,
226 1146 324 1218 inquit,
346 1168 382 1203 ss.
400 1152 629 1206 trinitatisDeas
647 1154 737 1222 stipa,
756 1172 831 1220 nam,
847 1161 877 1206 at
889 1154 931 1206 ait
957 1147 1059 1216 illeque
1083 1157 1123 1200 est
1149 1166 1236 1201 caasa
1259 1150 1381 1202 cananiam
1402 1149 1549 1217 bonoram,
1571 1149 1721 1202 semmdam
1743 1164 1792 1200 aa·

95 1231 207 1299 plasea,
226 1233 256 1286 in
271 1236 407 1303 paschate,
424 1238 585 1291 immolatur
603 1239 709 1306 sattim,
730 1240 761 1292 in
773 1247 930 1310 pentecoste
956 1240 1010 1285 tem
1028 1235 1105 1287 eirea
1123 1237 1275 1289 secandam
1299 1243 1324 1289 et
1347 1236 1460 1289 tertiam
1478 1235 1558 1288 eirca
1576 1235 1693 1288 tertiam.
1707 1232 1791 1288 Ploti-

97 1321 185 1373 datar
205 1319 329 1390 Spiritus
346 1342 378 1390 a,
397 1324 426 1376 ia
445 1325 562 1380 collecta
573 1327 695 1394 fraqam
707 1326 836 1394 patentia
854 1342 929 1378 area·
955 1336 1008 1373 nus
1043 1319 1222 1392 philosophus
1256 1320 1416 1378 Platonicus
1452 1320 1563 1391 scripsit
1595 1320 1697 1376 librum
1728 1324 1793 1390 aspi

95 1407 168 1460 toris
196 1408 294 1461 Patris
322 1409 504 1480 sipnt‘ficatar.
549 1412 631 1468 Num.
662 1417 700 1467 15.
728 1412 872 1467 lsraiilitae
901 1412 929 1465 in
956 1408 1039 1477 τριῶν
1057 1406 1178 1478 &plancis
1197 1408 1391 1476 ὑποστάσεων,
1409 1409 1490 1478 cujus
1508 1406 1573 1462 libri
1592 1406 1717 1463 meminit
1733 1405 1792 1461 Au·

95 1491 206 1565 angulis
236 1494 383 1564 palliorum
411 1514 522 1552 suorum
548 1497 689 1553 hebebant
713 1497 853 1554 fimbrias.
880 1515 931 1568 per
956 1497 1028 1563 gust.
1048 1494 1212 1550 Damascius
1230 1495 1390 1550 Platonicus
1407 1493 1511 1561 scabit,
1529 1495 1683 1564 Aeppptios
1696 1494 1809 1561 primo.
1843 1558 1846 1563 Ι

95 1594 167 1649 quas
202 1578 257 1634 Dei
298 1587 327 1636 et
368 1583 561 1638 mandatorum
604 1586 664 1654 ejus
705 1584 930 1648 admonerentur,
952 1580 1097 1648 principio
1115 1590 1157 1635 ter
1169 1583 1264 1646 saissa
1284 1583 1444 1636 acclamare
1461 1581 1568 1635 soreos.
1605 1580 1690 1635 Arist.
1713 1585 1734 1634 1.
1757 1578 1792 1634 de

96 1670 177 1719 mant
203 1665 268 1722 illae
292 1672 410 1739 quatuor
432 1667 550 1723 filiorum
575 1671 623 1725 scd
652 1669 873 1740 duplicatorum,
900 1669 929 1723 in
955 1664 1033 1721 coelo
1057 1671 1085 1722 et
1109 1668 1212 1723 mundo
1229 1668 1339 1733 scribit,
1367 1667 1571 1736 Pyttaparicos
1589 1668 1619 1720 in
1636 1666 1725 1720 tribas
1741 1682 1792 1734 po·

96 1752 237 1823 superiore
271 1755 383 1825 quidem
419 1757 462 1810 sui
496 1763 574 1827 parte
610 1764 665 1812 tres
700 1758 788 1813 nodos
826 1757 930 1812 haben-
955 1754 1044 1806 saissa
1064 1757 1265 1823 persactsbnem
1291 1773 1386 1808 ramam
1411 1755 1485 1808 seirat
1507 1754 1668 1824 principio,
1700 1752 1792 1806 ηιοᾶἑο

96 1845 157 1907 tes,
196 1839 225 1894 in
267 1840 390 1896 inferiori
428 1859 493 1899 vero
537 1846 614 1899 duos.
662 1844 716 1899 Per
751 1850 806 1899 tres
843 1842 929 1898 nodos
956 1847 982 1892 et
998 1841 1073 1908 fine,
1100 1841 1180 1895 etin
1204 1843 1318 1897 deorum
1345 1841 1431 1896 sacris
1455 1856 1600 1895 numerum
1623 1839 1697 1895 hunc
1713 1854 1791 1893 usur-

97 1924 251 1994 snperiores
280 1927 389 1983 trinitas
417 1946 614 1999 pamonarum,
657 1947 707 2000 per
737 1930 806 1984 duos
837 1936 928 1984 autem
955 1926 1015 1996 pari
1045 1927 1156 1983 solitum
1186 1928 1326 2000 colligitur
1358 1944 1392 1982 ex
1420 1927 1468 1984 illo
1496 1926 1630 1983 Maronis:
1668 1927 1791 1979 Namara

34 2017 67 2061 tt
96 2008 240 2068 interiores
259 2013 314 2069 duo
332 2013 506 2070 insinuantur
524 2021 696 2072 testamenta.
729 2017 801 2071 Dan.
820 2024 843 2071 5.
861 2034 887 2069 v.
905 2023 927 2072 5.
956 2016 1024 2067 aaa
1049 2015 1159 2083 impare
1183 2016 1293 2081 paartet.
1337 2014 1483 2070 Reuchlin.
1504 2014 1533 2069 in
1551 2019 1642 2069 annot.
1662 2012 1745 2082 adq.
1766 2018 1787 2065 t.

97 2098 301 2169 praefiguratum
331 2101 439 2156 trinitas
470 2102 590 2157 Danieli.
636 2102 705 2158 Tres
738 2103 819 2174 digiti
846 2103 928 2157 unius
954 2099 1100 2154 Athenas:
1127 2101 1243 2169 Papani
1265 2102 1341 2154 circa
1363 2101 1498 2154 natatem
1517 2100 1632 2157 deitatis
1657 2099 1789 2153 laborem
1802 2102 1842 2142 111.
1855 2101 1901 2145 Μ·

97 2199 197 2239 manus
223 2186 349 2241 scribunt
374 2186 402 2241 in
421 2189 526 2258 pariete
542 2195 638 2243 contra
655 2189 754 2244 faciem
773 2189 847 2261 regis
864 2188 927 2244 Bel·
955 2194 995 2239 tas
1021 2188 1262 2255 deprehenderant
1285 2188 1413 2256 stipam
1436 2188 1634 2256 parratitatem
1659 2185 1788 2239 asisten-

97 2286 177 2324 saaer
194 2272 378 2340 convivantis,
400 2279 456 2328 tres
481 2273 522 2328 illi
546 2274 628 2346 digiti
645 2282 743 2330 notant
762 2281 818 2329 tres
835 2291 928 2346 perso-
953 2281 1008 2325 tem
1033 2290 1122 2343 aspra
1148 2289 1241 2326 omnes
1269 2275 1345 2327 deos.
1390 2274 1569 2327 Fabataatar
1595 2274 1667 2326 enim
1690 2273 1789 2326 Jousm

96 2373 148 2411 nas
167 2356 311 2425 trinitatis,
338 2359 491 2430 dequibus
513 2360 625 2415 dicitur:
654 2361 723 2423 Qaie
741 2363 928 2432 apprehendit
953 2378 1039 2412 anam
1063 2368 1089 2414 et
1112 2359 1369 2414 emaiimtissimam
1401 2361 1484 2413 itesam
1505 2360 1567 2412 sine
1591 2359 1654 2413 alla
1680 2361 1788 2413 cornmi-

96 2445 197 2497 molem
212 2453 304 2498 arrae
324 2447 412 2500 tribus
432 2446 551 2515 digitis!
567 2446 630 2501 Esa.
649 2454 690 2516 40,
707 2465 732 2501 v.
754 2454 792 2515 12,
811 2449 862 2504 loc
879 2457 927 2517 est,
954 2447 1041 2499 stione
1059 2446 1150 2500 sobam
1167 2463 1200 2499 ca
1219 2446 1312 2515 capite
1330 2463 1381 2499 sao
1394 2445 1555 2519 Minervam
1568 2445 1700 2512 permees,
1719 2461 1790 2514 artae

96 2537 231 2583 sustentat
254 2534 386 2586 mantiam
408 2534 509 2586 uirtute
531 2535 616 2588 triam
631 2552 830 2603 personarum,
856 2551 927 2603 qaae
954 2541 1025 2585 certe
1040 2532 1209 2601 praevaleat
1226 2532 1284 2585 diis
1310 2533 1444 2586 omnibns.
1480 2531 1505 2584 A
1525 2530 1597 2585 Jove
1614 2538 1640 2585 et
1658 2531 1790 2584 Minerva

98 2624 163 2669 seint
187 2634 257 2671 anas
274 2621 366 2686 Deae,
397 2639 454 2673 aaa
477 2638 576 2674 manas
599 2622 629 2674 in
652 2624 771 2676 secata
797 2630 825 2674 et
840 2624 927 2676 ris-tas
949 2622 1119 2688 prodactam
1134 2627 1235 2689 postea
1252 2620 1348 2673 ‹toant
1366 2619 1473 2685 Balsa,
1495 2619 1530 2673 ia
1550 2627 1605 2689 eat,
1633 2618 1788 2687 cometissa,

97 2703 207 2771 diuina,
226 2721 297 2773 qaae
316 2708 346 2758 ia
365 2715 480 2760 mentem
501 2708 628 2761 inscribit
645 2706 808 2775 barnan'am,
828 2710 928 2762 excitat
956 2724 1027 2775 qttaa
1044 2708 1101 2760 dae
1119 2707 1264 2775 aequatem
1286 2707 1385 2760 babent
1405 2723 1466 2759 mam
1480 2713 1564 2774 patre
1577 2713 1744 2775 potestatem
1764 2711 1791 2756 st

95 2807 183 2843 novos
196 2800 293 2860 motas,
307 2795 470 2861 ponderare
480 2796 553 2859 facit
568 2797 733 2863 pravitatem
740 2804 926 2864 precentomm,
955 2793 990 2844 ab
1014 2793 1141 2846 Hesiodo
1167 2793 1197 2845 in
1223 2793 1384 2862 Theogonis
1406 2800 1542 2846 recantas·
1559 2794 1616 2847 dao
1637 2792 1791 2862 prudentes

96 2883 150 2934 etc.
193 2877 266 2943 Quid
292 2879 328 2934 de
352 2879 428 2935 hisce
456 2881 594 2953 allegoriis
620 2882 816 2936 ambiendum?
844 2883 926 2953 Resp.
951 2886 1053 2946 partae
1080 2879 1169 2933 «Iovia
1223 2877 1395 2934 Mehumetee
1421 2879 1451 2933 in
1479 2878 1588 2934 Corano
1622 2894 1722 2933 azoara
1748 2882 1789 2933 ²4·

96 2963 170 3018 idem
196 2964 271 3035 quod
293 2966 328 3021 de
354 2967 482 3020 adductis
506 2968 770 3039 comparationibus,
799 2974 830 3023 ut
856 2969 928 3023 enim
954 2965 993 3017 sic
1018 2964 1176 3034 loquentem
1195 2965 1287 3019 Deum
1305 2966 1468 3020 introducit:
1497 2968 1563 3020 Noa
1583 2974 1624 3019 est
1643 2967 1790 3035 pacatam

95 3049 163 3104 illae
180 3056 246 3105 sunt
263 3051 455 3108 similitudines
472 3047 576 3124 petitae
596 3071 630 3108 ex
648 3055 719 3110 libro
736 3062 864 3121 naturae,
890 3056 929 3109 ita
954 3069 973 3103 a
991 3052 1070 3105 nobis
1088 3052 1289 3120 absconditam,
1306 3053 1355 3121 pri
1373 3061 1478 3106 certam
1489 3054 1602 3106 modam
1619 3059 1702 3120 atqae
1716 3069 1791 3106 men·

95 3143 123 3190 et
140 3135 194 3191 hae
213 3142 279 3191 sunt
299 3138 424 3209 picturae
441 3157 473 3194 er
491 3141 562 3195 libro
580 3140 746 3213 scripturae.
779 3148 801 3198 1.
820 3140 848 3197 Si
866 3158 930 3196 con·
954 3155 1050 3190 aarum
1072 3138 1172 3208 estimas
1190 3156 1333 3192 servamus
1352 3140 1439 3192 aenas
1458 3139 1628 3206 ineptes-antes
1645 3145 1672 3191 et
1688 3138 1791 3191 imbres

95 3239 182 3294 gruae
206 3223 272 3293 sint,
296 3231 325 3280 et
342 3226 477 3281 concinna
494 3233 626 3282 coornent
650 3234 678 3283 et
699 3227 846 3296 illustrant,
873 3244 929 3282 non
954 3222 996 3277 ad
1021 3240 1115 3277 rernm
1140 3225 1337 3291 vegetationem
1364 3241 1378 3276 e
1405 3225 1481 3278 costo
1509 3223 1678 3277 dimittentes
1703 3224 1790 3277 atam

94 3310 221 3379 probant.
259 3308 341 3365 Luth.
366 3312 395 3366 in
417 3330 440 3367 c.
465 3319 503 3368 18.
524 3314 624 3371 Genea.
643 3333 671 3386 p.
692 3320 756 3370 21οτ
780 3316 928 3378 Defenda-
955 3312 1056 3364 darnae
1084 3318 1110 3363 et
1138 3319 1254 3363 mortem
1283 3311 1448 3364 induamus.
1497 3310 1572 3382 Nos,
1587 3310 1725 3364 bominem
1753 3313 1789 3365 de

95 3413 157 3448 miss
175 3399 304 3450 doctores
320 3406 431 3452 nostras
451 3408 549 3454 contra
566 3400 720 3454 virulentas
739 3401 862 3470 linpaas,
882 3401 931 3469 qai
955 3405 1032 3450 terra
1057 3404 1081 3450 et
1104 3397 1162 3450 lato
1183 3397 1404 3466 piasmaaimas;
1433 3394 1484 3465 (sic
1510 3411 1589 3467 ergo,
1618 3394 1666 3466 qui
1694 3412 1789 3466 parem

95 3483 206 3536 secrato
229 3500 311 3537 sensa
343 3485 448 3537 adisse
478 3486 671 3539 Abrabamam
706 3488 860 3540 trinitatem
887 3488 930 3540 ‹ti-
955 3499 1010 3536 non
1032 3482 1119 3537 habet
1140 3483 1212 3538 inter
1232 3483 1346 3553 angelos
1369 3481 1413 3537 vel
1436 3486 1577 3537 creaturas
1593 3482 1728 3553 reliquas,
1754 3482 1789 3539 de

94 3578 175 3632 caat,
199 3571 336 3638 siqnidem
355 3572 437 3624 Deae
461 3573 487 3624 ei
512 3574 646 3641 apparuit
666 3590 721 3626 aaa
739 3575 769 3625 in
784 3574 929 3642 pauciori·
955 3585 984 3621 ee
997 3569 1057 3639 ipso
1068 3569 1097 3621 in
1111 3568 1213 3638 plurali
1231 3569 1359 3640 loquitur,
1378 3584 1449 3640 quae
1466 3584 1531 3622 vero
1547 3569 1597 3623 illa
1613 3569 1787 3640 pluralitasi)

95 3656 146 3707 bars
169 3672 219 3708 nec
238 3657 369 3724 pluritas
389 3659 520 3726 personia
545 3677 629 3727 quara
648 3659 749 3721 tribisa,
770 3668 843 3712 reae
864 3677 929 3728 erpo
954 3671 1054 3710 azoara
1071 3662 1120 3711 25:
1140 3658 1208 3726 Ipse
1220 3675 1339 3727 namque
1351 3658 1432 3710 Dens
1444 3663 1469 3709 et
1484 3655 1609 3725 Spiritus
1626 3674 1693 3709 assas
1711 3657 1788 3710 bene·

94 3741 148 3794 tac
171 3741 233 3795 ioco
246 3751 347 3812 patres
370 3745 416 3797 asi
437 3753 514 3810 siant,
537 3744 621 3798 alind
642 3753 794 3801 tumescat
806 3747 930 3814 probare
954 3744 1046 3796 dictsa
1082 3743 1154 3796 banc
1190 3743 1293 3796 libram
1327 3744 1532 3797 veracissimam
1567 3751 1787 3812 composuerant.

95 3828 181 3880 aliud
197 3845 306 3882 ornare.
344 3836 366 3885 2.
387 3830 436 3887 Sin
453 3846 518 3884 vero
535 3830 625 3884 minna
642 3835 724 3901 aptae
742 3846 775 3885 ac
791 3830 929 3895 decentes,
955 3829 1053 3893 (habes
1082 3828 1244 3884 dualitatem
1271 3846 1464 3899 personarum,
1491 3830 1521 3884 in
1548 3829 1649 3884 divinis
1677 3829 1788 3885 additur

94 3913 197 3969 eruditi
215 3931 261 3969 eas
284 3921 472 3984 contemnunt,
501 3916 649 3971 advenarii
666 3915 804 3985 derident,
829 3917 928 3973 infirmi
953 3924 1046 3972 autem
1077 3916 1160 3971 etism
1187 3915 1322 3983 Verbum)
1354 3932 1454 3970 azoara
1482 3922 1526 3971 tl:
1557 3918 1644 3970 Jesas
1671 3917 1788 3971 Mariae

93 3999 194 4055 iisdem
212 3999 396 4056 offenduntur.
948 4004 1044 4072 filias,
1073 4004 1132 4056 Dei
1155 4004 1281 4069 numm,
1311 4021 1431 4073 saaspas
1460 4003 1585 4073 Spiritus
1613 4012 1638 4057 et
1670 4005 1788 4059 Verbum
1886 4010 1897 4035 ⁴

131 4093 170 4142 30.
190 4087 241 4152 Qu.
262 4092 284 4141 2.
306 4088 382 4150 Quid
398 4089 434 4140 de
453 4089 625 4157 testimoniis,
644 4105 715 4158 praee
729 4105 762 4142 ea
778 4090 929 4157 gentilitas
955 4090 1071 4142 Mariae
1089 4090 1205 4142 castitas
1221 4090 1342 4142 masam.
1363 4092 1409 4154 (cn
1419 4089 1504 4160 igitur
1520 4089 1683 4158 mittentem,
1702 4090 1787 4160 Spiri-

95 4174 277 4243 scrrptoribas
295 4191 348 4242 pro
367 4176 542 4228 adstruendo
560 4176 698 4228 trinitatis
714 4177 845 4243 mysterio
860 4192 928 4244 pro·
953 4183 1012 4229 tum
1031 4181 1059 4229 et
1076 4173 1215 4241 Verbum,
1240 4175 1290 4229 sed
1311 4191 1411 4229 anema
1436 4179 1475 4230 12.
1499 4176 1593 4229 statim
1609 4174 1787 4248 subjungitur

86 4262 235 4329 serantur,
247 4261 444 4329 judicandam.
491 4261 633 4326 Quaedam
660 4261 768 4316 illorum
794 4278 827 4315 ex
854 4261 924 4315 Lud.
954 4261 1130 4327 contrarium)
1153 4260 1225 4325 Quid
1249 4276 1316 4332 ergo
1340 4262 1376 4317 de
1396 4262 1499 4317 talibus
1519 4261 1683 4316 testimoniis
1699 4266 1785 4317 statii·

92 4345 178 4414 Vive,
202 4346 345 4415 Mornaeo,
373 4347 478 4411 Pansa,
502 4347 613 4415 Ficino,
636 4347 788 4418 scaligero,
811 4347 926 4418 Georgi·
953 4347 1075 4403 endum?
1109 4353 1131 4401 1.
1150 4347 1184 4400 In
1203 4346 1367 4417 quibusdam
1392 4349 1527 4402 duntaxat
1553 4347 1654 4401 similia
1673 4346 1784 4418 habent,

91 4432 275 4501 veniosae.
291 4433 563 4488 commemoravimus
587 4432 616 4487 in
638 4433 688 4487 loc.
715 4430 742 4507 ξ.
768 4441 807 4491 73.
842 4434 927 4488 Plura
953 4451 1007 4488 non
1025 4451 1090 4488 vero
1108 4433 1204 4488 eadem
1222 4450 1286 4487 curn
1303 4434 1427 4490 doctrina
1444 4434 1608 4489 Christiana.
1643 4434 1677 4488 In
1691 4432 1785 4490 verbis

91 4524 204 4575 meant
231 4519 306 4590 apud
329 4518 463 4590 Cyrillum
491 4518 537 4574 lib.
564 4525 586 4575 8.
613 4528 710 4575 conas
731 4520 873 4577 Julianum
900 4527 927 4575 et
953 4520 1093 4576 nobiscum
1112 4519 1299 4588 consentiunt,
1325 4522 1354 4574 in
1371 4521 1517 4575 verborum
1535 4521 1650 4575 istorum
1667 4518 1785 4591 explice-

93 4604 244 4661 Steuobum
270 4605 317 4660 lib.
337 4612 360 4663 2.
389 4607 424 4660 de
454 4623 546 4676 peren.
577 4606 653 4677 phil,
679 4607 780 4677 quibus
805 4613 834 4662 et
859 4607 926 4661 haec
952 4606 1026 4661 tione
1053 4623 1086 4661 ac
1110 4622 1193 4660 sensu
1217 4607 1396 4674 dissentiunt,
1422 4607 1496 4661 unde
1516 4606 1591 4677 Aug.
1612 4613 1650 4662 10.
1679 4606 1714 4661 de
1732 4606 1783 4661 civ.
1870 4640 1879 4653 ·

91 4692 225 4763 conjungi
249 4698 371 4763 possunt.
409 4691 508 4746 Suidae
533 4692 568 4745 de
589 4692 777 4763 Trismegisto.
819 4693 926 4748 Mercu·
952 4693 1005 4748 Dei
1030 4709 1053 4746 c.
1075 4698 1114 4747 29.
1141 4692 1177 4748 de
1193 4692 1248 4746 illis
1266 4693 1439 4763 pronuntiat,
1467 4693 1541 4764 quod
1559 4694 1786 4764 melioremne

90 4780 151 4834 rius
162 4778 367 4850 'l'rismegistua
385 4777 413 4830 id
426 4784 475 4845 est,
487 4785 529 4832 ter
541 4780 681 4843 maximus,
700 4781 726 4832 ia
740 4781 798 4844 tait
813 4781 927 4849 sapiens
953 4789 977 4833 et
999 4798 1053 4849 per
1084 4781 1225 4848 quaedam
1252 4783 1342 4833 tanais
1370 4780 1583 4848 imaginationis
1611 4780 1784 4849 umbracula,

91 4866 256 4935 Aepyptias.
295 4865 408 4918 itcrat
425 4872 517 4916 antem
534 4875 600 4919 ante
616 4865 803 4919 Pharaonem.
822 4867 926 4934 Appel-
953 4884 1007 4935 qao
1031 4867 1175 4919 nitendum
1199 4869 1250 4935 sit,
1276 4868 1405 4920 viderint.
1451 4872 1474 4921 2.
1503 4866 1536 4920 In
1562 4866 1663 4937 quibus
1687 4852 1785 4921 eedem

91 4954 170 5007 tatas
188 4961 228 5005 est
247 4961 289 5005 ter
313 4952 462 5017 martarus,
484 4952 615 5018 proriam
633 4955 667 5004 da
684 4953 810 5005 trinitate
826 4954 928 5006 edidit—
952 4952 1066 5016 docent,
1092 4951 1141 5005 illa
1164 4951 1314 5007 hauserunt
1342 4959 1363 5007 1.
1384 4952 1484 5022 partim
1507 4969 1540 5007 ex
1558 4951 1716 5022 Scripturas
1741 4968 1784 5007 sa-

91 5039 239 5094 cruentam
262 5040 357 5091 diceas
379 5039 406 5090 in
425 5038 551 5090 trinitate
569 5055 654 5090 msam
672 5055 730 5091 asse
753 5039 925 5092 divinitatem
952 5055 1014 5092 crae
1035 5038 1162 5103 lectione)
1182 5039 1284 5094 dustin.
1302 5038 1417 5108 Martyr.
1443 5039 1472 5094 in
1494 5055 1605 5109 paraen.
1623 5038 1660 5092 ad
1677 5045 1784 5110 gentes,

91 5127 137 5179 bia
169 5126 277 5178 emta:
305 5126 379 5177 Erat
408 5125 499 5177 tarsen
528 5124 715 5178 intellectuale
741 5133 805 5179 ante
834 5094 1088 5179 lameniEusebius
1111 5124 1139 5178 in
1162 5124 1209 5179 lib.
1227 5125 1261 5179 de
1280 5130 1434 5194 praeparat.
1455 5139 1553 5194 evang.
1574 5129 1602 5178 et
1618 5122 1783 5181 'l'heodoret

90 5211 292 5277 intellectuale,
317 5220 343 5263 et
363 5220 424 5264 erat
443 5225 551 5278 seraper
568 5227 645 5264 mens
662 5211 760 5264 inentis
778 5213 923 5265 luminosa.
950 5210 979 5262 in
997 5210 1068 5265 libro
1086 5211 1121 5264 de
1140 5213 1307 5264 Graecorum
1326 5208 1416 5264 affect.
1436 5209 1579 5265 Platonem
1596 5226 1630 5265 ex
1643 5208 1784 5266 Hebraeo-

92 5298 132 5350 Et
149 5297 222 5350 ‚aaa
239 5298 322 5350 alind
344 5306 404 5350 erat
423 5314 507 5365 qaam
527 5297 624 5349 tamam
642 5298 737 5349 aestas
755 5307 781 5350 et
802 5298 924 5366 Spiritus
949 5313 1011 5349 rum
1029 5296 1106 5351 libris
1126 5298 1213 5350 multa
1232 5298 1261 5350 in
1281 5314 1344 5351 suos
1361 5296 1535 5352 transtulisse
1553 5297 1680 5368 probant
1711 5297 1785 5353 Hine

91 5384 187 5437 arania
213 5385 362 5439 contineas.
400 5385 491 5436 arara
514 5383 584 5436 bane
607 5400 663 5435 non
681 5385 774 5453 Deus,
801 5403 856 5437 aaa
875 5404 923 5437 an·
950 5383 1102 5439 Numenius
1131 5384 1310 5454 philosophus
1341 5384 1454 5440 dicebat
1480 5391 1510 5438 st
1539 5384 1596 5439 tara
1622 5386 1741 5440 uterer
1766 5386 1784 5452 ἢ

90 5471 177 5538 petas,
195 5486 250 5523 nan
269 5470 424 5523 mennatis
444 5470 507 5523 ralla
525 5469 594 5524 ata.
632 5471 760 5523 Omnium
776 5470 848 5523 enain
863 5473 923 5525 Do·
949 5472 1072 5538 Μωυσῆς
1089 5469 1242 5540 incestas,
1271 5470 1309 5527 Et
1326 5471 1502 5529 Aristobulus
1520 5471 1646 5529 iudaeus
1663 5473 1700 5528 ad
1717 5470 1782 5526 Phi-

89 5556 291 5611 atsasl'sar
316 5555 922 5626 aDaa·aomntcaaetpsosstsapso
947 5556 1783 5630 amanus.1.aanaame.1qm,nqssae0
