3984 6022
205 245 264 307 tes
817 267 823 278 ·
886 243 1008 304 Locus
1028 243 1207 314 QUARTUS

202 402 308 472 sehse.
349 400 432 456 Eune
456 399 602 457 immanem
628 419 748 458 errorem
772 403 981 475 excogitarunt,
1009 409 1040 459 ut
1066 408 1196 471 peccato,
1223 419 1279 457 non
1304 409 1398 458 tamen
1424 404 1526 459 desinit
1556 410 1705 480 propterea
1732 406 1813 463 nobis
1838 426 1901 466 esse

208 489 283 544 viam
300 488 455 560 argumenti
474 487 599 542 Otreres
617 498 659 545 est
673 492 818 561 proprius,
840 491 996 559 ussipeus'tus
1014 498 1040 544 et
1065 485 1220 561 ὁμοοόσιος.
1255 496 1280 544 5.
1304 489 1385 556 Quod
1406 489 1435 544 in
1453 492 1633 563 conceptione
1644 491 1750 548 Christi
1771 494 1826 551 dno
1844 497 1900 552 sint

207 576 349 630 naturalis
366 577 450 629 DEI
464 577 565 645 bilius,
583 595 649 646 erpo
666 596 747 632 osne
766 581 854 645 Decus,
874 595 1040 649 quocunque
1065 573 1276 644 consideranda,
1300 591 1384 630 causa
1407 575 1529 632 efficiens
1552 584 1581 632 et
1601 579 1727 636 matema
1764 582 1900 652 nepum

208 660 288 717 modo
312 660 473 733 effugerent
517 663 689 734 Opponimus
713 671 806 721 autem
830 666 856 721 ei
882 664 1039 737 boc'argn·
1066 677 1168 714 cumae
1190 662 1339 725 efficient&
1362 670 1406 716 est
1428 662 1575 718 disssrimen
1596 664 1669 721 inter
1694 667 1899 738 conceptiones

208 753 343 804 mentum:
367 746 486 803 Materia
509 749 612 806 illaad
629 768 729 822 corpus
747 751 850 807 Christi
868 752 1040 824 gignendum
1065 744 1168 801 Christi
1194 752 1222 802 et
1245 754 1381 817 nostrum,
1408 749 1474 820 qnia
1499 750 1618 821 Spiritus
1640 772 1662 807 a
1688 754 1818 824 guttulas
1843 754 1898 811 illas

207 833 301 890 aDso
322 834 408 889 allata
425 841 474 889 aut
490 834 545 891 fuit
565 853 597 890 ex
614 837 676 907 ipsa
693 836 747 893 Dei
765 838 895 905 essentia,
922 855 977 909 qua
995 854 1038 892 ra·
1057 831 1215 917 ⁴ssuugninis,
1235 850 1268 888 ex
1282 833 1383 904 quibus
1395 852 1494 906 corpus
1508 836 1610 893 Christi
1626 837 1780 895 formatam
1799 848 1850 908 est,
1866 843 1897 896 ab

208 922 282 977 tione
302 921 379 978 Deus
403 928 540 978 statuetur
564 941 725 994 corporeus,
746 930 774 979 et
791 941 840 997 per
858 941 967 996 conseq.
984 939 1040 979 non
1065 918 1139 972 omni
1157 918 1221 973 labo
1246 920 1355 990 peccati
1374 921 1520 977 mundarit
1539 930 1567 978 st
1585 940 1722 979 vencnum
1741 927 1853 996 peccati
1870 946 1898 984 ex

207 1008 259 1063 erit
277 1008 396 1064 umentia
413 1009 578 1080 spiritualis,
603 1010 816 1081 simplicissima,
842 1010 963 1082 infinita3
991 1018 1040 1065 aut
1065 1004 1119 1058 illis
1140 1005 1276 1074 abstersit,
1296 1025 1360 1062 cnm
1376 1026 1425 1062 nos
1442 1027 1476 1063 ex
1493 1009 1634 1066 immundo
1651 1011 1845 1082 concipimur
1861 1032 1897 1071 se

206 1093 243 1149 ab
262 1110 295 1149 cs
313 1093 460 1164 distincta,
490 1100 519 1149 et
536 1094 577 1150 sic
594 1095 668 1150 illius
685 1104 813 1167 respectu
830 1095 956 1151 Christus
973 1114 1039 1152 non·
1065 1090 1500 1162 min03Psa1m.51,v.7.J0b‚
1523 1102 1562 1165 1⁴,
1579 1114 1605 1150 v·
1624 1104 1648 1153 4·
1683 1099 1826 1167 13⁶⁸pr
1844 1120 1897 1155 mu·

205 1181 271 1235 dum
296 1178 349 1236 erit
370 1180 425 1235 Dei
450 1180 537 1235 Filius
560 1198 594 1235 ex
616 1179 677 1236 Deo
700 1180 819 1252 genitus,
857 1186 881 1235 h,
903 1182 1041 1235 Flaviani
1066 1177 1153 1229 terias
1173 1184 1216 1232 est
1234 1179 1434 1245 convenientia,
1456 1181 1522 1251 quia
1537 1181 1624 1236 Filius
1637 1181 1693 1240 Dei
1713 1200 1749 1238 ex
1768 1187 1898 1258 sangnine

205 1266 301 1322 itidem
325 1265 464 1322 chuerum
491 1266 571 1322 nobis
600 1266 757 1340 ἑτεροὺσιον
783 1269 968 1324 introducunt
1009 1268 1039 1323 Si
1064 1268 1092 1316 Oi
1115 1261 1270 1319 substantia
1289 1264 1395 1320 Mariae
1418 1266 1499 1322 nobis
1516 1268 1658 1340 ὁμοουσίῳ
1676 1286 1774 1325 veram
1793 1288 1897 1329 curnem

204 1352 277 1408 enim
303 1359 448 1422 peccatum
474 1359 516 1406 est
542 1352 604 1424 ipsa
629 1353 747 1408 bominis
771 1354 940 1423 substantia,
972 1371 1038 1426 ergo
1064 1349 1200 1404 muniit.
1237 1350 1472 1422 Distinguendum
1494 1353 1579 1425 igitur
1605 1356 1679 1409 iuter
1695 1357 1742 1426 id,
1771 1361 1849 1428 quod
1864 1363 1897 1429 fit

204 1437 279 1494 filius
295 1438 350 1494 Dei
373 1455 428 1493 non
453 1440 582 1494 assumsit
605 1445 733 1494 naturam
751 1447 861 1495 nostras
878 1439 1037 1510 ὀμοούσιον,
1065 1435 1356 1502 disterminans
1377 1438 1478 1493 Christi
1497 1447 1596 1495 natura
1616 1460 1672 1496 non
1692 1443 1772 1498 faeta
1790 1453 1833 1500 est
1850 1447 1895 1502 ali·

205 1523 272 1595 quia
288 1542 343 1580 non
358 1526 488 1580 assumsit
506 1531 659 1595 peccatum.
685 1525 877 1596 Respondent:
897 1528 1038 1580 Naturam
1064 1521 1103 1574 ud
1123 1521 1305 1578 essentialiter
1324 1533 1452 1580 anostra
1467 1535 1568 1582 natura
1586 1527 1743 1600 diversum,
1759 1531 1824 1586 licet
1841 1534 1897 1588 sine

207 1611 315 1665 Christi
330 1612 482 1666 humanum
498 1628 557 1666 esse
574 1614 700 1681 ejusdem
718 1612 823 1680 speciei
838 1630 900 1665 mem
915 1613 969 1667 Clu
988 1631 1037 1666 ou-
1064 1607 1255 1664 commixtione
1273 1609 1356 1663 maris
1374 1618 1402 1665 st
1426 1611 1545 1667 femmae
1562 1612 1646 1669 fuerit
1664 1625 1812 1688 concepta,
1841 1637 1897 1674 om·

204 1707 282 1765 tura,
313 1716 397 1768 quam
423 1699 550 1752 Adamas
576 1700 672 1753 habuit
700 1707 765 1752 ame
790 1699 910 1767 lapsuum,
950 1699 1038 1770 Atqui
1064 1692 1105 1746 nis
1129 1695 1239 1765 peccati
1264 1713 1360 1766 expers
1386 1704 1414 1752 et
1438 1698 1577 1754 divinitati
1603 1702 1790 1771 personaliter
1806 1704 1896 1776 unita,

204 1784 370 1856 principium
389 1785 494 1856 petitur
510 1785 540 1839 in
555 1801 596 1849 eo,
615 1784 690 1855 quod
706 1784 762 1839 alia
775 1790 875 1839 natura
887 1785 916 1838 in
928 1785 1037 1840 Adamo
1064 1796 1096 1833 tu
1118 1783 1191 1834 inter
1207 1783 1247 1850 id,
1268 1786 1345 1851 quod
1356 1787 1394 1852 fit
1411 1786 1471 1841 ulio
1491 1789 1574 1841 inodo
1593 1805 1623 1842 se
1641 1789 1758 1857 haum,
1777 1793 1852 1863 quod
1864 1794 1897 1850 ds
1908 1808 1936 1848 m

206 1871 336 1926 statuitur
364 1870 450 1927 fnisse
475 1876 540 1927 ante
567 1872 677 1942 lapsum
696 1878 724 1926 et
740 1877 805 1942 post
821 1872 938 1942 lapsum.
974 1871 1037 1926 Fla·
1063 1864 1184 1920 humana
1201 1865 1303 1923 Christi
1320 1876 1420 1926 natura
1437 1871 1493 1926 dici
1510 1880 1609 1943 potest.
1641 1873 1702 1930 Ieo
1722 1892 1805 1931 serm.
1825 1884 1848 1934 2
1865 1880 1897 1936 de

205 1957 265 2013 cius
284 1957 313 2011 in
333 1957 401 2014 orth.
422 1956 538 2013 confess.
557 1976 583 2028 p.
604 1963 659 2014 183.
680 1965 709 2013 et
726 1958 757 2013 in
774 1958 853 2013 solid.
872 1957 953 2013 refut.
976 1975 999 2012 o.
1013 1965 1037 2013 3:
1064 1953 1148 2007 nativ.
1171 1953 1222 2008 col
1239 1959 1283 2010 38:
1312 1957 1399 2025 Origo
1423 1959 1585 2027 dissimilis,
1611 1963 1663 2013 sed
1687 1971 1796 2017 umisa
1812 1967 1896 2018 cousi·

206 2043 378 2097 Humanitas
408 2041 515 2097 Christi
544 2060 600 2098 eoa
625 2051 666 2098 est
685 2061 806 2113 prorsum
829 2045 952 2114 ejusdem
976 2061 1036 2114 sps·
1064 2037 1147 2091 reith.
1202 2040 1237 2094 ss·
1267 2044 1409 2096 ueritatem
1444 2045 1572 2113 quaeris,
1606 2046 1749 2102 humanas
1785 2060 1896 2105 neturus

205 2130 259 2182 ciui
287 2146 350 2182 eum
376 2137 473 2184 nostra
501 2146 585 2183 cam
611 2128 643 2184 in
667 2130 814 2200 summa,
854 2130 986 2186 heuneus
1008 2131 1037 2184 in
1064 2143 1195 2192 cognosce
1215 2129 1374 2199 αιαιονίαηι,
1400 2129 1427 2182 su‘
1451 2132 1587 2184 rationem
1613 2136 1755 2188 scrutaris
1776 2138 1895 2206 oripias's,

205 2215 309 2285 scripto
327 2212 457 2271 Gap-mm
481 2216 556 2288 quod
579 2215 727 2270 articulum
752 2224 774 2274 1,
797 2217 827 2271 in
842 2217 935 2274 Form,
954 2217 1037 2273 Cone,
1064 2211 1163 2265 virtulo
1181 2215 1310 2280 confitere
1328 2215 1462 2268 divinam·
1488 2222 1510 2271 6.
1531 2216 1613 2281 QUOd
1631 2227 1713 2273 actm
1727 2224 1895 2292 peremit,

206 2300 351 2357 examinat
384 2301 423 2355 lit.
452 2301 492 2369 Y,
533 2302 674 2357 Christum
704 2311 835 2356 saturum
865 2305 1036 2372 assumsisse,
1065 2313 1147 2367 quem
1162 2299 1283 2354 humans
1301 2306 1401 2355 natura
1418 2318 1451 2356 ex
1469 2302 1619 2371 purissima
1633 2311 1662 2359 et
1684 2308 1842 2364 arctissima
1863 2310 1894 2364 ad

205 2404 278 2456 quus
298 2395 410 2457 eccepto
424 2396 541 2456 peceato
559 2389 595 2441 sit
613 2390 737 2458 ejusdem
754 2391 873 2457 perceris,
892 2389 996 2459 speciei
1013 2396 1041 2442 et
1065 2381 1164 2453 Λόγον
1173 2385 1274 2439 unione
1285 2386 1381 2440 sortita
1400 2393 1449 2454 est,
1465 2404 1520 2441 non
1532 2387 1613 2442 tollat
1625 2399 1722 2446 ectum
1735 2397 1896 2462 naturalem,

205 2475 375 2529 munatius
392 2493 455 2528 cum
472 2483 585 2543 metra,
607 2492 700 2529 vemm
720 2484 760 2529 est
773 2476 897 2545 physice,
915 2477 966 2529 sed
982 2494 1038 2529 noo
1065 2488 1147 2540 quem
1165 2488 1198 2525 ex
1218 2471 1411 2527 essentialibus
1427 2473 1570 2544 principiis
1588 2491 1621 2529 uc
1638 2477 1770 2546 partibus
1788 2482 1895 2535 suisob·

206 2561 359 2629 theutmire
377 2568 403 2614 et
429 2563 579 2614 secumdum
607 2562 787 2630 Sempturam
813 2562 975 2635 κυριοιέρως
999 2563 1037 2615 lo·
1065 2556 1143 2627 unet,
1160 2575 1193 2611 ac
1210 2560 1328 2628 proinde
1343 2576 1394 2629 per
1410 2576 1546 2614 summam
1562 2560 1639 2616 illam
1653 2564 1767 2620 unionis
1785 2568 1894 2638 gloriam

110 2694 113 2707 ,
205 2649 333 2717 pressior
351 2647 392 2701 lit
410 2663 453 2703 ae.
473 2654 496 2702 3.
525 2647 654 2701 Christus
672 2651 824 2702 secuudum
841 2649 1038 2703 humanitatem
1065 2659 1120 2696 non
1147 2644 1248 2699 desinit
1271 2662 1332 2700 esse
1363 2662 1428 2700 veru
1454 2644 1575 2701 humana
1601 2655 1709 2705 natura.
1768 2659 1790 2708 l.
1821 2655 1894 2722 Quod

205 2735 283 2789 seth
297 2735 394 2803 potius
412 2733 574 2803 ὁμοιούσιος
592 2753 675 2804 prtum
693 2735 859 2789 homousios.
1067 2730 1156 2800 gloria
1175 2730 1205 2784 in
1225 2730 1390 2786 exaltatione
1409 2730 1517 2786 Christo
1536 2732 1603 2788 data
1627 2741 1761 2792 naturam
1785 2756 1841 2795 non
1860 2741 1895 2795 in·

242 2825 283 2877 33.
320 2818 367 2874 Ad
395 2819 574 2890 posteriorem
605 2820 721 2876 classem
750 2821 870 2891 pertinet
899 2822 1038 2889 Eutyches
1068 2815 1191 2886 tsrficiat,
1210 2819 1259 2874 sed
1278 2817 1411 2889 perficiat
1431 2837 1482 2875 nec
1500 2819 1588 2888 tollat,
1605 2823 1656 2876 sed
1675 2825 1801 2882 extollat.

207 2904 260 2960 sibi
279 2904 390 2961 minime
407 2910 551 2969 constans,
572 2905 606 2961 de
624 2924 679 2977 quo
696 2906 834 2979 Euagrius
852 2907 900 2962 lib.
921 2913 944 2977 2,
964 2924 989 2965 c.
1009 2914 1038 2962 l:
1102 2911 1143 2959 91.
1179 2912 1203 2960 3.
1213 2902 1343 2974 Ἄψοχοι,
1363 2905 1410 2976 qui
1429 2905 1459 2960 in
1477 2905 1587 2962 Christo
1599 2926 1694 2963 verum
1713 2912 1829 2983 quidem
1845 2933 1896 2971 cor·

206 2989 449 3066 Εὖῐυχὴςεῑρήκει,
468 2991 600 3064 ὁμολογῶ
617 2994 647 3046 ἐκ
665 2993 722 3049 δύω
741 2994 855 3067 φύσεων
869 2997 1038 3065 γεγενῆσθαι
1066 3007 1118 3061 pus
1130 2991 1328 3062 agnoscebant.
1347 2992 1462 3047 luorum
1479 2992 1575 3048 itidem
1595 2994 1668 3050 duae
1686 2996 1770 3055 fuere
1788 3001 1895 3057 clusus:

205 3078 254 3136 τὸν
271 3079 367 3154 κύριον
387 3077 465 3153 ἡμῶν
481 3077 535 3152 πρὸ
555 3083 602 3148 τῆς
620 3079 755 3144 coeteros,
772 3079 841 3135 κατὰ
859 3083 890 3136 δὲ
907 3078 1038 3150 ctutum·
1069 3085 1090 3133 1.
1107 3078 1227 3143 Quidam
1246 3078 1383 3135 tinxemnt
1390 3080 1489 3151 Λόγον
1501 3084 1665 3136 αοοαοιοίοεα
1683 3103 1802 3141 carmem
1819 3094 1895 3144 nunt

207 3185 252 3222 ow
273 3173 344 3243 ptus
368 3165 458 3238 φύσιν
476 3163 613 3238 ὁμολογῶ.
648 3165 756 3223 Confer.
776 3166 911 3226 Theodor,
930 3169 994 3223 dial.
1014 3175 1038 3225 2.
1067 3163 1191 3237 ἄψυχον,
1218 3169 1295 3220 ourani
1317 3169 1412 3220 ααίηια
1436 3169 1518 3222 etium
1540 3170 1671 3224 scrum'ts‘vu
1693 3191 1732 3226 ac
1749 3179 1895 3244 sepetuts'su

170 3272 174 3277 ·
205 3255 370 3310 Damascen.
397 3252 444 3307 lib.
463 3258 489 3307 3.
514 3252 582 3308 orth.
602 3252 649 3309 fid.
669 3270 692 3307 c.
715 3260 738 3309 3.
761 3253 916 3310 Suencfeld.
937 3255 985 3310 lib.
1005 3257 1039 3311 de
1067 3255 1234 3323 destitutam,
1254 3261 1286 3309 nt
1303 3254 1400 3309 Amani
1418 3256 1494 3326 apud
1507 3256 1611 3312 Socrat
1630 3257 1679 3314 lib.
1703 3266 1730 3330 2,
1750 3279 1775 3317 c.
1790 3270 1837 3331 45,
1853 3264 1894 3335 qui

155 3387 159 3397 .
206 3343 261 3397 div.
288 3343 393 3412 majest.
418 3339 598 3395 humanitatis
617 3340 718 3396 Christi
742 3341 836 3410 docet,
867 3341 972 3395 Christi
990 3343 1038 3395 liu·
1066 3339 1095 3392 id
1118 3347 1274 3395 statuerunt
1298 3341 1349 3395 hoc
1367 3340 1435 3411 fine,
1460 3348 1493 3396 ut
1514 3343 1547 3396 τὰ
1568 3343 1661 3411 πάθη,
1686 3363 1762 3417 quae
1785 3350 1816 3405 in
1832 3351 1894 3407 Seri·

207 3430 368 3482 mum‘tetem
385 3435 452 3496 post
474 3427 663 3481 ssessionem
680 3446 735 3480 mou
754 3443 812 3480 esse
831 3429 1039 3497 creutiooulem,
1064 3426 1154 3496 ptnris
1178 3426 1302 3481 Christus
1326 3427 1499 3498 tribuuntur,
1525 3437 1638 3500 possent
1662 3432 1769 3490 referre
1793 3437 1831 3490 ad
1853 3437 1894 3491 τὸν

206 3517 258 3569 sed
274 3514 554 3584 supercreaturalem.
590 3513 705 3584 Niceph.
724 3513 772 3568 lib.
793 3521 832 3579 11,
850 3531 875 3571 c.
894 3521 935 3570 11.
1065 3512 1178 3582 Λόγον,
1202 3531 1235 3568 ac
1266 3514 1381 3585 proinde
1411 3531 1512 3586 negare
1542 3516 1681 3571 Christum
1714 3537 1778 3576 csse
1807 3540 1894 3578 rerum

241 3607 282 3658 90.
318 3600 421 3656 Contra
446 3617 551 3656 errores
579 3600 742 3672 lupeculus
760 3601 890 3656 observa:
920 3609 942 3657 1.
964 3603 1038 3672 quod
1064 3599 1163 3654 Deum.
1207 3608 1230 3656 2.
1261 3600 1381 3667 Quidam
1409 3600 1587 3670 disputarunt
1603 3604 1704 3673 Λόγον
1736 3613 1893 3664 αοηιαείαο

206 3688 332 3745 Christus
350 3705 406 3742 non
428 3688 517 3742 solum
535 3687 644 3741 dicatur
661 3693 743 3741 natus
764 3689 795 3740 s‘m
810 3689 913 3741 hius-ia
930 3689 1038 3760 virgine
1064 3705 1166 3756 eorpus
1189 3688 1296 3751 visens,
1322 3687 1347 3739 h.
1368 3703 1391 3742 e.
1418 3690 1513 3740 anime
1537 3691 1691 3756 oepetutu’vu
1716 3703 1745 3746 st
1768 3698 1893 3750 semiton

206 3773 304 3829 Matth.
325 3781 347 3843 l,
366 3790 391 3827 v.
412 3780 453 3843 20,
472 3773 522 3827 scd
543 3773 626 3827 etiam
645 3790 677 3826 eu
694 3774 795 3827 Maria
816 3791 840 3826 v.
864 3779 907 3843 163
932 3792 964 3827 es
981 3794 1037 3829 mu·
1061 3775 1237 3842 praeditum,
1261 3774 1313 3825 sed
1330 3772 1425 3825 amima
1444 3773 1583 3828 rationali
1601 3777 1775 3846 destitutum,
1802 3783 1893 3836 dissiti

206 3863 275 3916 h'ere
293 3859 356 3915 Gal.
375 3867 398 3927 t,
417 3877 444 3917 v.
463 3867 492 3928 43
514 3877 546 3913 eu
563 3860 667 3913 semiue
682 3861 809 3913 Duvids's
826 3859 903 3914 Rom.
928 3867 949 3930 1,
968 3879 992 3914 v.
1014 3868 1037 3929 3,
1065 3868 1148 3913 tutem
1166 3869 1259 3913 assem
1277 3860 1338 3912 loco
1358 3861 1469 3913 amincus
1488 3861 1593 3925 fuisse,
1621 3866 1653 3915 ut
1678 3863 1892 3934 Apollinarium

206 3948 280 4003 nnds
297 3952 412 4002 vocatur
428 3949 539 4011 metesa
557 3946 661 3998 ventris
679 3947 740 4014 ejrm
758 3944 860 3999 Psalm.
877 3951 936 4014 132,
952 3965 977 4000 v.
998 3954 1037 4015 11,
1064 3945 1150 4016 ipsius
1175 3946 1303 4002 asseclae.
1340 3945 1442 4000 Euscb.
1465 3945 1523 4002 lib.·
1536 3953 1574 4002 11.
1599 3946 1673 4003 Hist.
1692 3967 1717 4004 c.
1739 3958 1782 4008 20.
1800 3955 1892 4026 Epipb

204 4037 316 4101 sumtus
335 4034 491 4089 lumborum
503 4032 563 4101 ejus
582 4032 644 4085 Act.
664 4035 692 4096 2,
710 4049 735 4084 v.
756 4035 797 4086 30.
816 4038 876 4100 etc,
897 4032 971 4102 quod
983 4050 1038 4088 me·
1065 4032 1169 4087 haeres.
1190 4039 1230 4087 11,
1244 4032 1348 4088 Contra
1356 4030 1485 4102 Ἀψύχων
1503 4049 1607 4087 errores
1624 4034 1761 4094 observa:
1785 4048 1808 4096 1.
1826 4042 1892 4114 quod

205 4122 258 4177 rito
284 4126 366 4194 urget
386 4119 502 4175 Tertull.
528 4117 575 4172 lib.
605 4117 639 4171 de
666 4133 749 4172 carne
767 4116 883 4186 Christi3
918 4124 942 4173 2.
963 4121 1037 4190 quod
1065 4119 1160 4172 eureus
1179 4119 1277 4173 vocula
1296 4118 1360 4174 Joh.
1384 4125 1406 4188 1,
1424 4137 1449 4173 v.
1468 4125 1507 4174 ll.
1524 4119 1677 4189 accipiatur
1689 4129 1893 4199 συνεκδοχικῶς,

205 4208 404 4279 descriptiones
426 4205 536 4260 divinae
559 4212 674 4259 naturae
697 4223 753 4259 non
778 4204 833 4258 sint
856 4207 1038 4277 opponendae
1065 4212 1097 4259 ut
1119 4206 1244 4276 superius
1262 4205 1446 4275 ostendimus3
1474 4210 1497 4260 2.
1517 4207 1591 4276 quod
1610 4207 1722 4264 Christo
1743 4213 1893 4271 tribuuntur

206 4294 314 4351 veritati
334 4293 472 4347 humanae
494 4296 617 4346 naturas.
652 4292 728 4363 Ergo
745 4307 778 4345 ex
796 4308 843 4360 eo,
869 4293 943 4363 quod
961 4293 1037 4349 Chri·
1064 4293 1211 4347 facultates
1231 4290 1500 4359 animaerationalis,
1521 4292 1675 4347 intellectus
1693 4298 1892 4358 scilioctetsu

205 4388 263 4436 stus
289 4380 391 4436 dicitur
416 4379 591 4431 descendisse
616 4381 651 4432 ule
675 4379 750 4432 coelo
769 4378 869 4433 Johan.
889 4385 918 4447 3,
943 4398 968 4433 v.
997 4386 1035 4437 13.
1065 4381 1159 4433 luntas
1185 4395 1202 4432 a
1224 4378 1315 4432 Patris
1339 4378 1480 4432 voluntate
1505 4377 1634 4433 distincte
1652 4380 1723 4436 Luc.
1752 4392 1783 4455 2,
1812 4407 1837 4442 v.
1858 4396 1892 4444 52.

205 4468 343 4521 secamus
366 4466 447 4518 homo
473 4467 509 4518 de
532 4452 609 4517 coelo
628 4464 726 4519 Johan.
746 4470 775 4528 6,
799 4483 824 4520 v.
844 4470 884 4520 62.
903 4483 959 4520 non
976 4482 1037 4536 pro·
1065 4484 1086 4520 c.
1108 4473 1155 4533 23,
1176 4484 1201 4518 v.
1220 4471 1262 4521 16.
1288 4465 1386 4520 Matth.
1403 4471 1451 4533 26,
1471 4483 1497 4519 v.
1515 4470 1557 4521 33.
1580 4464 1642 4520 lob.
1663 4474 1694 4534 5,
1724 4489 1750 4524 v.
1770 4480 1814 4529 30.
1835 4492 1856 4529 c.
1873 4482 1893 4543 t,

205 4553 305 4620 batur,
330 4552 404 4623 quod
423 4567 522 4621 corpus
540 4550 677 4605 sidercum
695 4567 728 4605 ac
746 4550 864 4607 coeleste
882 4552 912 4606 in
928 4559 1035 4608 uterum
1064 4572 1089 4607 v.
1109 4560 1156 4624 38,
1181 4558 1205 4608 3.
1224 4555 1298 4624 quod
1317 4553 1353 4608 ad
1372 4553 1530 4609 essentiales
1548 4561 1576 4608 st
1594 4555 1794 4614 constitutivas
1811 4572 1893 4634 partes

205 4637 320 4712 virginis
343 4636 480 4706 intulerit,
499 4636 548 4692 sed
566 4636 641 4708 quod
659 4635 674 4690 ὁ
693 4637 788 4707 Λόγος
805 4654 916 4694 curnem
933 4656 1037 4694 assum·
1063 4640 1180 4697 bominis
1204 4641 1343 4710 pertineat
1365 4659 1421 4695 non
1440 4641 1530 4695 solum
1548 4659 1664 4712 corpus,
1691 4646 1746 4700 sed
1764 4656 1793 4703 et
1812 4651 1894 4705 mim

204 4725 289 4793 serit3
321 4728 345 4778 3.
364 4723 439 4794 quod
457 4730 604 4795 utrumque
620 4722 680 4777 sins
697 4722 915 4779 contradictione
932 4731 1038 4781 asserat
1063 4727 1212 4782 rationalis.
1248 4728 1342 4795 Quare
1361 4745 1423 4781 cum
1441 4727 1567 4782 Christus
1584 4728 1620 4782 sit
1637 4746 1721 4786 venis
1740 4733 1892 4792 bomohoh.

205 4811 361 4882 Scriptura,
381 4809 521 4864 Clsrs'shmu
542 4826 601 4863 esse
619 4818 716 4863 mutum
732 4827 766 4863 eu
784 4811 886 4865 semime
904 4813 1038 4877 Decidio,
1065 4821 1095 4883 8,
1120 4832 1145 4868 v.
1165 4820 1205 4869 40.
1236 4820 1258 4869 1.
1276 4814 1336 4869 Cor.
1360 4823 1404 4883 15,
1423 4832 1448 4868 v.
1468 4821 1508 4870 47.
1531 4821 1551 4869 1.
1571 4814 1641 4869 uin.
1662 4821 1693 4884 2,
1713 4837 1741 4875 r.
1760 4829 1786 4890 5,
1808 4824 1893 4896 ntique

204 4908 230 4953 et
248 4898 390 4952 Christum
406 4914 462 4951 mou
479 4913 537 4951 esse
555 4904 715 4968 conceptum
735 4905 760 4950 et
779 4906 874 4952 mutum
892 4900 1038 4953 exsemine
1065 4901 1148 4957 etiam
1166 4899 1304 4955 constabit
1323 4900 1416 4955 anima
1438 4918 1501 4956 vers
1520 4900 1653 4970 humana,
1679 4903 1698 4958 i.
1718 4923 1743 4961 e.
1760 4909 1894 4974 rationali3

203 4986 291 5039 cirili.
325 4983 406 5039 Prior
427 4983 530 5039 locutio
554 4981 686 5039 describit
707 4975 841 5056 originem
859 4991 888 5039 et
904 4985 1038 5041 familiam
1065 4994 1088 5043 4.
1108 4987 1184 5059 quod
1209 4986 1280 5041 ratio
1307 4987 1403 5041 salutis
1427 4993 1537 5041 nostras
1559 4987 1728 5059 requirebat,
1758 5001 1792 5049 ut
1808 4995 1895 5066 Λόγος

204 5071 306 5128 Christi
332 5071 485 5125 secundnm
509 5087 634 5140 carnsm3
669 5071 805 5141 posterior
823 5079 909 5142 negat
925 5089 1038 5128 causam
1064 5090 1119 5128 non
1145 5075 1233 5128 solum
1257 5090 1381 5143 camum,
1410 5074 1460 5129 sed
1484 5073 1565 5129 etiam
1591 5075 1714 5132 animam
1741 5088 1893 5144 assumeret

204 5157 369 5214 efficientem
392 5165 421 5214 et
446 5158 558 5212 modum
584 5174 756 5214 communem
782 5158 968 5229 conceptionis
988 5160 1038 5214 hu·
1064 5161 1094 5215 ro
1112 5159 1307 5234 heptateucus
1327 5160 1364 5214 sit
1381 5158 1585 5232 ἀθεράπευτον,
1610 5161 1746 5222 Neriene.
1767 5168 1856 5240 Epist.
1874 5174 1893 5224 1,

205 5261 317 5315 manae;
353 5254 377 5303 1.
402 5246 476 5319 quod
503 5248 647 5317 peccatum
666 5263 721 5301 non
738 5247 877 5317 pertineat
894 5248 930 5302 ad
948 5247 1038 5320 ipsam
1065 5247 1101 5300 ad
1119 5245 1299 5315 Cledonium,
1317 5248 1375 5316 jam
1394 5263 1458 5302 vero
1475 5245 1563 5301 Filius
1583 5246 1635 5301 Del
1655 5251 1746 5307 voluit
1764 5255 1894 5327 integram

204 5328 321 5385 bominis
336 5340 479 5403 naturam,
504 5334 554 5389 ssd
577 5334 615 5390 sit
630 5334 760 5389 vitiosum
779 5336 839 5405 ans
857 5335 986 5400 accidens
1005 5351 1038 5389 ac
1064 5337 1190 5388 ettotam
1203 5340 1324 5388 nostram
1339 5339 1466 5389 naturam
1479 5349 1584 5403 sanare,
1598 5349 1632 5389 au
1643 5336 1740 5394 anima
1752 5343 1894 5414 praecipue

204 5431 340 5471 venenum
358 5421 434 5474 carni
461 5427 571 5476 nostrae
594 5421 689 5476 intime
707 5421 870 5476 adhaerens.
907 5420 1038 5485 Quamvis
1065 5427 1124 5474 erat
1147 5438 1196 5490 per
1214 5428 1358 5490 peecatum
1378 5426 1520 5491 corrupta,
1550 5421 1646 5492 utique
1669 5439 1739 5497 ergo
1764 5427 1895 5501 integrm

205 5501 290 5576 igitur
307 5501 394 5559 Filius
413 5505 468 5561 Dei
485 5522 596 5561 carnem
613 5515 736 5564 nostram
754 5506 915 5562 ussumsent
931 5506 1038 5582 ubsque
1064 5506 1195 5563 usuum
1230 5513 1366 5563 natmam.
1413 5506 1461 5563 An
1482 5504 1620 5580 Ἀψιῖχους
1650 5509 1751 5568 referii
1788 5522 1896 5586 pomum
