<?xml version="1.0" encoding="UTF-8"?>
<!DOCTYPE html PUBLIC "-//W3C//DTD XHTML 1.0 Transitional//EN"
    "http://www.w3.org/TR/xhtml1/DTD/xhtml1-transitional.dtd">
<html xmlns="http://www.w3.org/1999/xhtml" xml:lang="en" lang="en">
 <head>
  <title>
</title>
<meta http-equiv="Content-Type" content="text/html;charset=utf-8" />
  <meta name='ocr-system' content='tesseract 3.04.00' />
  <meta name='ocr-capabilities' content='ocr_page ocr_carea ocr_par ocr_line ocrx_word'/>
</head>
<body>
  <div class='ocr_page' id='page_1' title='image "./locitheologicic00gerhgoog/locitheologicic00gerhgoog_0625.png"; bbox 0 0 3984 6022; ppageno 0'>
   <div class='ocr_carea' id='block_1_1' title="bbox 184 275 1196 353">
    <p class='ocr_par' dir='ltr' id='par_1_1' title="bbox 184 275 1196 353">
     <span class='ocr_line' id='line_1_1' title="bbox 184 275 1196 353; baseline -0.015 -2"><span class='ocrx_word' id='word_1_1' title='bbox 184 295 243 353; x_wconf 84' lang='lat' dir='ltr'><strong>sao</strong></span> <span class='ocrx_word' id='word_1_2' title='bbox 874 276 997 336; x_wconf 82' lang='lat' dir='ltr'><strong>nouus</strong></span> <span class='ocrx_word' id='word_1_3' title='bbox 1016 275 1196 342; x_wconf 76' lang='lat' dir='ltr'><strong>cusanus</strong></span> 
     </span>
    </p>
   </div>
   <div class='ocr_carea' id='block_1_2' title="bbox 71 425 1939 5346">
    <p class='ocr_par' dir='ltr' id='par_1_2' title="bbox 71 425 1939 5346">
     <span class='ocr_line' id='line_1_2' title="bbox 183 425 1887 510; baseline -0.009 -16"><span class='ocrx_word' id='word_1_4' title='bbox 183 440 293 510; x_wconf 87' lang='lat' dir='ltr'><strong>nequit,</strong></span> <span class='ocrx_word' id='word_1_5' title='bbox 319 445 431 501; x_wconf 83' lang='lat' dir='ltr'><strong>utnon</strong></span> <span class='ocrx_word' id='word_1_6' title='bbox 455 437 492 491; x_wconf 91' lang='lat' dir='ltr'><strong>sit</strong></span> <span class='ocrx_word' id='word_1_7' title='bbox 515 452 596 491; x_wconf 86' lang='lat' dir='ltr'><strong>verus</strong></span> <span class='ocrx_word' id='word_1_8' title='bbox 621 434 716 504; x_wconf 89' lang='lat' dir='ltr'><strong>homo,</strong></span> <span class='ocrx_word' id='word_1_9' title='bbox 742 435 790 506; x_wconf 91' lang='lat' dir='ltr'><strong>qui</strong></span> <span class='ocrx_word' id='word_1_10' title='bbox 813 434 886 488; x_wconf 80' lang='lat' dir='ltr'><strong>servi</strong></span> <span class='ocrx_word' id='word_1_11' title='bbox 901 433 1017 487; x_wconf 84' lang='lat' dir='ltr'><strong>formum</strong></span> <span class='ocrx_word' id='word_1_12' title='bbox 1044 429 1074 484; x_wconf 93' lang='lat' dir='ltr'><strong>in</strong></span> <span class='ocrx_word' id='word_1_13' title='bbox 1098 438 1155 486; x_wconf 89' lang='lat' dir='ltr'><strong>not.</strong></span> <span class='ocrx_word' id='word_1_14' title='bbox 1183 430 1219 486; x_wconf 86' lang='lat' dir='ltr'><strong>ad</strong></span> <span class='ocrx_word' id='word_1_15' title='bbox 1243 430 1270 486; x_wconf 90' lang='lat' dir='ltr'><strong>h.</strong></span> <span class='ocrx_word' id='word_1_16' title='bbox 1294 429 1311 482; x_wconf 88' lang='lat'><strong>1.</strong></span> <span class='ocrx_word' id='word_1_17' title='bbox 1338 426 1525 494; x_wconf 70' lang='grc' dir='ltr'><strong><em>πλεονάζουσα</em></strong></span> <span class='ocrx_word' id='word_1_18' title='bbox 1552 429 1569 495; x_wconf 78' lang='grc' dir='ltr'><em>ἡ</em></span> <span class='ocrx_word' id='word_1_19' title='bbox 1595 425 1701 502; x_wconf 71' lang='grc' dir='ltr'>φράσις</span> <span class='ocrx_word' id='word_1_20' title='bbox 1727 430 1758 501; x_wconf 73' lang='grc' dir='ltr'><strong>ιι]</strong></span> <span class='ocrx_word' id='word_1_21' title='bbox 1784 426 1887 498; x_wconf 62' lang='lat' dir='ltr'><strong>{pestiis</strong></span> 
     </span>
     <span class='ocr_line' id='line_1_3' title="bbox 183 509 1888 592; baseline -0.008 -13"><span class='ocrx_word' id='word_1_22' title='bbox 183 525 329 592; x_wconf 83' lang='lat' dir='ltr'><strong>assumsit,</strong></span> <span class='ocrx_word' id='word_1_23' title='bbox 354 541 387 578; x_wconf 87' lang='lat' dir='ltr'><strong>ac</strong></span> <span class='ocrx_word' id='word_1_24' title='bbox 415 540 433 577; x_wconf 94' lang='lat' dir='ltr'><strong>a</strong></span> <span class='ocrx_word' id='word_1_25' title='bbox 459 521 594 592; x_wconf 83' lang='lat' dir='ltr'>positione</span> <span class='ocrx_word' id='word_1_26' title='bbox 620 519 730 580; x_wconf 76' lang='grc' dir='ltr'><strong>πάθους</strong></span> <span class='ocrx_word' id='word_1_27' title='bbox 753 537 803 574; x_wconf 92' lang='lat' dir='ltr'><strong>seu</strong></span> <span class='ocrx_word' id='word_1_28' title='bbox 825 519 954 591; x_wconf 87' lang='lat' dir='ltr'><strong>propriae</strong></span> <span class='ocrx_word' id='word_1_29' title='bbox 978 516 1018 573; x_wconf 82' lang='lat' dir='ltr'><strong>af·</strong></span> <span class='ocrx_word' id='word_1_30' title='bbox 1045 518 1179 586; x_wconf 78' lang='grc' dir='ltr'>διαιῑέκιῳ</span> <span class='ocrx_word' id='word_1_31' title='bbox 1202 534 1251 587; x_wconf 92' lang='lat' dir='ltr'><strong>pro</strong></span> <span class='ocrx_word' id='word_1_32' title='bbox 1277 532 1309 571; x_wconf 90' lang='lat' dir='ltr'><strong>eo</strong></span> <span class='ocrx_word' id='word_1_33' title='bbox 1331 516 1407 587; x_wconf 89' lang='lat' dir='ltr'><strong>quod</strong></span> <span class='ocrx_word' id='word_1_34' title='bbox 1426 515 1520 590; x_wconf 85' lang='grc' dir='ltr'>ὅμοιος</span> <span class='ocrx_word' id='word_1_35' title='bbox 1539 522 1596 576; x_wconf 78' lang='grc' dir='ltr'><strong>τοῖς</strong></span> <span class='ocrx_word' id='word_1_36' title='bbox 1614 512 1711 576; x_wconf 73' lang='grc' dir='ltr'>ἄλλοις</span> <span class='ocrx_word' id='word_1_37' title='bbox 1730 509 1888 587; x_wconf 72' lang='grc' dir='ltr'>ἀνθρώποις</span> 
     </span>
     <span class='ocr_line' id='line_1_4' title="bbox 183 601 1689 678; baseline -0.007 -14"><span class='ocrx_word' id='word_1_38' title='bbox 183 610 312 664; x_wconf 85' lang='lat' dir='ltr'><strong>fectionis</strong></span> <span class='ocrx_word' id='word_1_39' title='bbox 330 610 366 663; x_wconf 92' lang='lat' dir='ltr'><strong>ad</strong></span> <span class='ocrx_word' id='word_1_40' title='bbox 384 608 548 678; x_wconf 68' lang='lat' dir='ltr'><strong>positionem</strong></span> <span class='ocrx_word' id='word_1_41' title='bbox 564 606 654 678; x_wconf 78' lang='lat' dir='ltr'><strong>&#39;ipsius</strong></span> <span class='ocrx_word' id='word_1_42' title='bbox 675 606 804 677; x_wconf 87' lang='lat' dir='ltr'><strong>subjecti,</strong></span> <span class='ocrx_word' id='word_1_43' title='bbox 824 606 905 675; x_wconf 89' lang='lat' dir='ltr'><strong>cujus</strong></span> <span class='ocrx_word' id='word_1_44' title='bbox 917 611 959 660; x_wconf 87' lang='lat' dir='ltr'><strong>est</strong></span> <span class='ocrx_word' id='word_1_45' title='bbox 970 604 1019 658; x_wconf 90' lang='lat' dir='ltr'><strong>illa</strong></span> <span class='ocrx_word' id='word_1_46' title='bbox 1045 601 1203 675; x_wconf 68' lang='lat' dir='ltr'><strong>perciperes.</strong></span> <span class='ocrx_word' id='word_1_47' title='bbox 1674 613 1689 628; x_wconf 58' lang='lat'>⁸</span> 
     </span>
     <span class='ocr_line' id='line_1_5' title="bbox 184 684 1886 765; baseline -0.007 -15"><span class='ocrx_word' id='word_1_48' title='bbox 184 695 295 751; x_wconf 83' lang='lat' dir='ltr'><strong>affectio</strong></span> <span class='ocrx_word' id='word_1_49' title='bbox 313 694 438 765; x_wconf 89' lang='lat' dir='ltr'><strong>propria,</strong></span> <span class='ocrx_word' id='word_1_50' title='bbox 457 693 573 749; x_wconf 88' lang='lat' dir='ltr'><strong>firmiter</strong></span> <span class='ocrx_word' id='word_1_51' title='bbox 590 709 737 764; x_wconf 86' lang='lat' dir='ltr'><strong>possumus</strong></span> <span class='ocrx_word' id='word_1_52' title='bbox 755 691 894 763; x_wconf 79' lang='lat' dir='ltr'>progredi.</span> <span class='ocrx_word' id='word_1_53' title='bbox 931 689 1018 746; x_wconf 87' lang='lat' dir='ltr'><strong>Nimi·</strong></span> <span class='ocrx_word' id='word_1_54' title='bbox 1082 695 1139 744; x_wconf 81' lang='grc'>3011.</span> <span class='ocrx_word' id='word_1_55' title='bbox 1184 696 1207 744; x_wconf 81' lang='grc'>5.</span> <span class='ocrx_word' id='word_1_56' title='bbox 1226 688 1308 755; x_wconf 88' lang='lat' dir='ltr'><strong>Quod</strong></span> <span class='ocrx_word' id='word_1_57' title='bbox 1331 687 1454 759; x_wconf 76' lang='grc' dir='ltr'>σχήματι</span> <span class='ocrx_word' id='word_1_58' title='bbox 1479 689 1604 742; x_wconf 74' lang='lat' dir='ltr'><strong>inventast</strong></span> <span class='ocrx_word' id='word_1_59' title='bbox 1621 687 1719 755; x_wconf 69' lang='lat' dir='ltr'><strong>sarmit</strong></span> <span class='ocrx_word' id='word_1_60' title='bbox 1744 694 1776 740; x_wconf 81' lang='lat' dir='ltr'><strong>at</strong></span> <span class='ocrx_word' id='word_1_61' title='bbox 1801 684 1886 746; x_wconf 72' lang='lat' dir='ltr'><strong>hama</strong></span> 
     </span>
     <span class='ocr_line' id='line_1_6' title="bbox 185 771 1886 852; baseline -0.007 -16"><span class='ocrx_word' id='word_1_62' title='bbox 185 799 244 836; x_wconf 90' lang='lat' dir='ltr'><strong>rum</strong></span> <span class='ocrx_word' id='word_1_63' title='bbox 263 787 295 834; x_wconf 92' lang='lat' dir='ltr'><strong>ut</strong></span> <span class='ocrx_word' id='word_1_64' title='bbox 311 798 345 835; x_wconf 92' lang='lat' dir='ltr'><strong>ex</strong></span> <span class='ocrx_word' id='word_1_65' title='bbox 361 798 402 850; x_wconf 91' lang='lat' dir='ltr'><strong>eo,</strong></span> <span class='ocrx_word' id='word_1_66' title='bbox 422 781 497 852; x_wconf 89' lang='lat' dir='ltr'><strong>quod</strong></span> <span class='ocrx_word' id='word_1_67' title='bbox 506 781 632 836; x_wconf 80' lang='lat' dir='ltr'><strong>Christus</strong></span> <span class='ocrx_word' id='word_1_68' title='bbox 650 780 753 835; x_wconf 88' lang='lat' dir='ltr'><strong>dicitur</strong></span> <span class='ocrx_word' id='word_1_69' title='bbox 761 780 859 847; x_wconf 81' lang='lat' dir='ltr'><strong>fuisse</strong></span> <span class='ocrx_word' id='word_1_70' title='bbox 878 779 908 832; x_wconf 85' lang='lat' dir='ltr'><strong>in</strong></span> <span class='ocrx_word' id='word_1_71' title='bbox 917 780 1020 845; x_wconf 82' lang='lat' dir='ltr'><strong>forma</strong></span> <span class='ocrx_word' id='word_1_72' title='bbox 1047 780 1138 846; x_wconf 77' lang='grc' dir='ltr'>σχῆμα</span> <span class='ocrx_word' id='word_1_73' title='bbox 1156 775 1297 845; x_wconf 86' lang='lat' dir='ltr'><strong>significat</strong></span> <span class='ocrx_word' id='word_1_74' title='bbox 1313 776 1436 830; x_wconf 77' lang='lat' dir='ltr'><strong>actiones</strong></span> <span class='ocrx_word' id='word_1_75' title='bbox 1450 775 1480 829; x_wconf 91' lang='lat' dir='ltr'><strong>in</strong></span> <span class='ocrx_word' id='word_1_76' title='bbox 1493 774 1623 830; x_wconf 84' lang='lat' dir='ltr'><strong>convictu</strong></span> <span class='ocrx_word' id='word_1_77' title='bbox 1635 781 1664 830; x_wconf 92' lang='lat' dir='ltr'><strong>et</strong></span> <span class='ocrx_word' id='word_1_78' title='bbox 1677 771 1886 829; x_wconf 81' lang='lat' dir='ltr'><strong>conversatione</strong></span> 
     </span>
     <span class='ocr_line' id='line_1_7' title="bbox 188 859 1885 939; baseline -0.004 -19"><span class='ocrx_word' id='word_1_79' title='bbox 188 869 257 935; x_wconf 76' lang='lat' dir='ltr'><strong>Dei,</strong></span> <span class='ocrx_word' id='word_1_80' title='bbox 282 874 358 922; x_wconf 88' lang='lat' dir='ltr'><strong>recte</strong></span> <span class='ocrx_word' id='word_1_81' title='bbox 378 868 519 939; x_wconf 79' lang='lat' dir='ltr'><strong>colligitur</strong></span> <span class='ocrx_word' id='word_1_82' title='bbox 537 885 602 922; x_wconf 83' lang='lat' dir='ltr'><strong>vera</strong></span> <span class='ocrx_word' id='word_1_83' title='bbox 620 867 707 939; x_wconf 92' lang='lat' dir='ltr'><strong>ipsius</strong></span> <span class='ocrx_word' id='word_1_84' title='bbox 727 865 829 934; x_wconf 81' lang='lat' dir='ltr'><strong>deitas,</strong></span> <span class='ocrx_word' id='word_1_85' title='bbox 856 864 921 935; x_wconf 87' lang='lat' dir='ltr'><strong>quia</strong></span> <span class='ocrx_word' id='word_1_86' title='bbox 942 863 1020 919; x_wconf 84' lang='lat' dir='ltr'><strong>Chri·</strong></span> <span class='ocrx_word' id='word_1_87' title='bbox 1047 879 1110 917; x_wconf 90' lang='lat' dir='ltr'><strong>cum</strong></span> <span class='ocrx_word' id='word_1_88' title='bbox 1129 862 1293 931; x_wconf 90' lang='lat' dir='ltr'><strong>hominibus,</strong></span> <span class='ocrx_word' id='word_1_89' title='bbox 1313 867 1417 933; x_wconf 78' lang='grc' dir='ltr'><strong>σχέσιν,</strong></span> <span class='ocrx_word' id='word_1_90' title='bbox 1437 863 1558 933; x_wconf 86' lang='lat' dir='ltr'><strong>speciem</strong></span> <span class='ocrx_word' id='word_1_91' title='bbox 1577 870 1605 918; x_wconf 88' lang='lat' dir='ltr'><strong>et</strong></span> <span class='ocrx_word' id='word_1_92' title='bbox 1618 859 1885 930; x_wconf 68' lang='lat' dir='ltr'><strong>habitudinemque</strong></span> 
     </span>
     <span class='ocr_line' id='line_1_8' title="bbox 184 945 1885 1024; baseline -0.005 -16"><span class='ocrx_word' id='word_1_93' title='bbox 184 961 243 1008; x_wconf 89' lang='lat' dir='ltr'><strong>stus</strong></span> <span class='ocrx_word' id='word_1_94' title='bbox 270 970 325 1008; x_wconf 92' lang='lat' dir='ltr'><strong>non</strong></span> <span class='ocrx_word' id='word_1_95' title='bbox 349 954 485 1023; x_wconf 89' lang='lat' dir='ltr'><strong>potuisset</strong></span> <span class='ocrx_word' id='word_1_96' title='bbox 507 954 535 1007; x_wconf 92' lang='lat' dir='ltr'><strong>in</strong></span> <span class='ocrx_word' id='word_1_97' title='bbox 554 971 637 1009; x_wconf 89' lang='lat' dir='ltr'><strong>carne</strong></span> <span class='ocrx_word' id='word_1_98' title='bbox 656 960 685 1009; x_wconf 90' lang='grc' dir='ltr'><strong>ιι</strong></span> <span class='ocrx_word' id='word_1_99' title='bbox 700 970 751 1024; x_wconf 87' lang='lat' dir='ltr'><strong>per</strong></span> <span class='ocrx_word' id='word_1_100' title='bbox 769 968 880 1007; x_wconf 87' lang='lat' dir='ltr'><strong>carnem</strong></span> <span class='ocrx_word' id='word_1_101' title='bbox 898 949 1021 1004; x_wconf 83' lang='lat' dir='ltr'><strong>divinam</strong></span> <span class='ocrx_word' id='word_1_102' title='bbox 1047 965 1108 1004; x_wconf 88' lang='lat' dir='ltr'><strong>sese</strong></span> <span class='ocrx_word' id='word_1_103' title='bbox 1130 950 1210 1004; x_wconf 93' lang='lat' dir='ltr'><strong>homo</strong></span> <span class='ocrx_word' id='word_1_104' title='bbox 1230 949 1267 1005; x_wconf 86' lang='lat' dir='ltr'><strong>sd</strong></span> <span class='ocrx_word' id='word_1_105' title='bbox 1284 949 1367 1017; x_wconf 85' lang='lat' dir='ltr'><strong>aiios,</strong></span> <span class='ocrx_word' id='word_1_106' title='bbox 1395 947 1560 1020; x_wconf 81' lang='lat' dir='ltr'><strong>quibuscum</strong></span> <span class='ocrx_word' id='word_1_107' title='bbox 1579 953 1719 1017; x_wconf 74' lang='lat' dir='ltr'><strong>vmsatur,</strong></span> <span class='ocrx_word' id='word_1_108' title='bbox 1749 945 1885 1017; x_wconf 80' lang='lat' dir='ltr'><strong>componit</strong></span> 
     </span>
     <span class='ocr_line' id='line_1_9' title="bbox 186 1034 1883 1109; baseline -0.004 -17"><span class='ocrx_word' id='word_1_109' title='bbox 186 1040 361 1109; x_wconf 86' lang='lat' dir='ltr'><strong>majestatem</strong></span> <span class='ocrx_word' id='word_1_110' title='bbox 379 1054 512 1108; x_wconf 86' lang='lat' dir='ltr'><strong>exserere,</strong></span> <span class='ocrx_word' id='word_1_111' title='bbox 530 1039 584 1093; x_wconf 88' lang='lat' dir='ltr'><strong>nisi</strong></span> <span class='ocrx_word' id='word_1_112' title='bbox 603 1056 663 1095; x_wconf 91' lang='lat' dir='ltr'><strong>eam</strong></span> <span class='ocrx_word' id='word_1_113' title='bbox 679 1039 824 1094; x_wconf 77' lang='lat' dir='ltr'><strong>habuisset</strong></span> <span class='ocrx_word' id='word_1_114' title='bbox 840 1034 1022 1108; x_wconf 78' lang='lat' dir='ltr'><strong>personaliter</strong></span> <span class='ocrx_word' id='word_1_115' title='bbox 1048 1041 1076 1090; x_wconf 91' lang='lat' dir='ltr'><strong>et</strong></span> <span class='ocrx_word' id='word_1_116' title='bbox 1092 1035 1254 1105; x_wconf 80' lang='lat' dir='ltr'><strong>conformat,</strong></span> <span class='ocrx_word' id='word_1_117' title='bbox 1272 1052 1338 1090; x_wconf 90' lang='lat' dir='ltr'><strong>nam</strong></span> <span class='ocrx_word' id='word_1_118' title='bbox 1355 1041 1606 1109; x_wconf 71' lang='grc' dir='ltr'>συσχηματιζισθαι</span> <span class='ocrx_word' id='word_1_119' title='bbox 1628 1043 1649 1092; x_wconf 92' lang='grc'>1.</span> <span class='ocrx_word' id='word_1_120' title='bbox 1668 1035 1747 1090; x_wconf 86' lang='lat' dir='ltr'><strong>Petr.</strong></span> <span class='ocrx_word' id='word_1_121' title='bbox 1768 1040 1791 1104; x_wconf 87' lang='lat'><strong>1,</strong></span> <span class='ocrx_word' id='word_1_122' title='bbox 1808 1051 1834 1087; x_wconf 83' lang='grc' dir='ltr'><strong>ι.</strong></span> <span class='ocrx_word' id='word_1_123' title='bbox 1849 1039 1883 1088; x_wconf 81' lang='lat' dir='ltr'><strong>n.</strong></span> 
     </span>
     <span class='ocr_line' id='line_1_10' title="bbox 186 1120 1884 1196; baseline -0.002 -17"><span class='ocrx_word' id='word_1_124' title='bbox 186 1124 240 1179; x_wconf 92' lang='lat' dir='ltr'><strong>sibi</strong></span> <span class='ocrx_word' id='word_1_125' title='bbox 258 1126 495 1195; x_wconf 87' lang='lat' dir='ltr'><strong>communicatam,</strong></span> <span class='ocrx_word' id='word_1_126' title='bbox 515 1125 699 1196; x_wconf 86' lang='lat' dir='ltr'><strong>personaliter</strong></span> <span class='ocrx_word' id='word_1_127' title='bbox 709 1141 775 1179; x_wconf 85' lang='lat' dir='ltr'><strong>vero</strong></span> <span class='ocrx_word' id='word_1_128' title='bbox 790 1122 1021 1179; x_wconf 85' lang='lat' dir='ltr'><strong>communicatam</strong></span> <span class='ocrx_word' id='word_1_129' title='bbox 1045 1139 1097 1191; x_wconf 87' lang='lat' dir='ltr'><strong>per</strong></span> <span class='ocrx_word' id='word_1_130' title='bbox 1116 1120 1298 1194; x_wconf 73' lang='grc' dir='ltr'><strong>ἀναστροφὴν</strong></span> <span class='ocrx_word' id='word_1_131' title='bbox 1315 1125 1549 1177; x_wconf 77' lang='lat' dir='ltr'><strong>conversationem</strong></span> <span class='ocrx_word' id='word_1_132' title='bbox 1574 1122 1732 1193; x_wconf 86' lang='lat' dir='ltr'><strong>explicatur</strong></span> <span class='ocrx_word' id='word_1_133' title='bbox 1749 1120 1830 1176; x_wconf 81' lang='lat' dir='ltr'><strong>Rom</strong></span> <span class='ocrx_word' id='word_1_134' title='bbox 1849 1125 1884 1189; x_wconf 84' lang='grc'><strong>11,</strong></span> 
     </span>
     <span class='ocr_line' id='line_1_11' title="bbox 185 1207 1884 1282; baseline -0.004 -17"><span class='ocrx_word' id='word_1_135' title='bbox 185 1210 289 1266; x_wconf 88' lang='lat' dir='ltr'><strong>habere</strong></span> <span class='ocrx_word' id='word_1_136' title='bbox 305 1227 363 1265; x_wconf 89' lang='lat' dir='ltr'><strong>non</strong></span> <span class='ocrx_word' id='word_1_137' title='bbox 381 1211 531 1282; x_wconf 87' lang='lat' dir='ltr'><strong>potuisset,</strong></span> <span class='ocrx_word' id='word_1_138' title='bbox 551 1211 605 1266; x_wconf 90' lang='lat' dir='ltr'><strong>nisi</strong></span> <span class='ocrx_word' id='word_1_139' title='bbox 623 1218 723 1266; x_wconf 88' lang='lat' dir='ltr'><strong>natura</strong></span> <span class='ocrx_word' id='word_1_140' title='bbox 741 1219 813 1267; x_wconf 90' lang='lat' dir='ltr'><strong>esset</strong></span> <span class='ocrx_word' id='word_1_141' title='bbox 829 1227 911 1265; x_wconf 86' lang='lat' dir='ltr'><strong>verus</strong></span> <span class='ocrx_word' id='word_1_142' title='bbox 927 1209 1020 1263; x_wconf 91' lang='lat' dir='ltr'><strong>Deus:</strong></span> <span class='ocrx_word' id='word_1_143' title='bbox 1047 1226 1072 1261; x_wconf 85' lang='lat' dir='ltr'><strong>r.</strong></span> <span class='ocrx_word' id='word_1_144' title='bbox 1086 1213 1109 1262; x_wconf 81' lang='lat'><strong>2.</strong></span> <span class='ocrx_word' id='word_1_145' title='bbox 1130 1209 1233 1266; x_wconf 87' lang='lat' dir='ltr'><strong>l.Pctr.</strong></span> <span class='ocrx_word' id='word_1_146' title='bbox 1249 1216 1271 1278; x_wconf 89' lang='lat'><strong>1,</strong></span> <span class='ocrx_word' id='word_1_147' title='bbox 1286 1216 1362 1266; x_wconf 81' lang='grc' dir='ltr'>ι.15.</span> <span class='ocrx_word' id='word_1_148' title='bbox 1389 1208 1435 1264; x_wconf 86' lang='lat' dir='ltr'><strong>Sic</strong></span> <span class='ocrx_word' id='word_1_149' title='bbox 1453 1207 1544 1264; x_wconf 80' lang='lat' dir='ltr'><strong>LCor.</strong></span> <span class='ocrx_word' id='word_1_150' title='bbox 1557 1214 1580 1276; x_wconf 87' lang='grc'><strong>3,</strong></span> <span class='ocrx_word' id='word_1_151' title='bbox 1593 1227 1619 1262; x_wconf 85' lang='lat' dir='ltr'><strong>v.</strong></span> <span class='ocrx_word' id='word_1_152' title='bbox 1635 1214 1678 1265; x_wconf 91' lang='grc'>31.</span> <span class='ocrx_word' id='word_1_153' title='bbox 1698 1209 1795 1282; x_wconf 83' lang='grc' dir='ltr'>σχῆμα</span> <span class='ocrx_word' id='word_1_154' title='bbox 1806 1207 1884 1275; x_wconf 73' lang='lat' dir='ltr'><strong>hujus</strong></span> 
     </span>
     <span class='ocr_line' id='line_1_12' title="bbox 184 1285 1883 1369; baseline -0.002 -20"><span class='ocrx_word' id='word_1_155' title='bbox 184 1296 226 1350; x_wconf 90' lang='lat' dir='ltr'><strong>ita</strong></span> <span class='ocrx_word' id='word_1_156' title='bbox 250 1314 283 1351; x_wconf 87' lang='lat' dir='ltr'><strong>cx</strong></span> <span class='ocrx_word' id='word_1_157' title='bbox 309 1315 355 1364; x_wconf 91' lang='lat' dir='ltr'><strong>eo,</strong></span> <span class='ocrx_word' id='word_1_158' title='bbox 382 1298 457 1369; x_wconf 89' lang='lat' dir='ltr'><strong>quod</strong></span> <span class='ocrx_word' id='word_1_159' title='bbox 477 1297 604 1354; x_wconf 81' lang='lat' dir='ltr'><strong>Christus</strong></span> <span class='ocrx_word' id='word_1_160' title='bbox 624 1297 727 1352; x_wconf 87' lang='lat' dir='ltr'><strong>dicitur</strong></span> <span class='ocrx_word' id='word_1_161' title='bbox 744 1298 819 1351; x_wconf 82' lang='lat' dir='ltr'><strong>servi</strong></span> <span class='ocrx_word' id='word_1_162' title='bbox 834 1297 957 1361; x_wconf 78' lang='lat' dir='ltr'><strong>formam</strong></span> <span class='ocrx_word' id='word_1_163' title='bbox 977 1314 1021 1348; x_wconf 90' lang='lat' dir='ltr'><strong>us·</strong></span> <span class='ocrx_word' id='word_1_164' title='bbox 1049 1297 1147 1348; x_wconf 64' lang='lat' dir='ltr'><strong>marnas·</strong></span> <span class='ocrx_word' id='word_1_165' title='bbox 1164 1295 1265 1350; x_wconf 91' lang='lat' dir='ltr'><strong>dicitur</strong></span> <span class='ocrx_word' id='word_1_166' title='bbox 1280 1296 1457 1366; x_wconf 77' lang='lat' dir='ltr'><strong>praeterire,</strong></span> <span class='ocrx_word' id='word_1_167' title='bbox 1476 1294 1527 1351; x_wconf 92' lang='lat' dir='ltr'><strong>hoc</strong></span> <span class='ocrx_word' id='word_1_168' title='bbox 1546 1302 1589 1351; x_wconf 90' lang='lat' dir='ltr'><strong>est</strong></span> <span class='ocrx_word' id='word_1_169' title='bbox 1606 1285 1785 1350; x_wconf 65' lang='lat' dir='ltr'><strong>conserues</strong></span> <span class='ocrx_word' id='word_1_170' title='bbox 1805 1292 1883 1363; x_wconf 87' lang='lat' dir='ltr'><strong>hujus</strong></span> 
     </span>
     <span class='ocr_line' id='line_1_13' title="bbox 185 1381 1884 1456; baseline -0.001 -20"><span class='ocrx_word' id='word_1_171' title='bbox 185 1384 325 1452; x_wconf 69' lang='lat' dir='ltr'><strong>mannae,</strong></span> <span class='ocrx_word' id='word_1_172' title='bbox 341 1390 417 1439; x_wconf 88' lang='lat' dir='ltr'><strong>recte</strong></span> <span class='ocrx_word' id='word_1_173' title='bbox 435 1384 574 1456; x_wconf 80' lang='lat' dir='ltr'><strong>colligitur</strong></span> <span class='ocrx_word' id='word_1_174' title='bbox 591 1401 658 1440; x_wconf 85' lang='lat' dir='ltr'><strong>vera</strong></span> <span class='ocrx_word' id='word_1_175' title='bbox 671 1384 758 1455; x_wconf 88' lang='lat' dir='ltr'><strong>ipsius</strong></span> <span class='ocrx_word' id='word_1_176' title='bbox 772 1383 937 1451; x_wconf 85' lang='lat' dir='ltr'><strong>humanitas,</strong></span> <span class='ocrx_word' id='word_1_177' title='bbox 957 1381 1023 1451; x_wconf 90' lang='lat' dir='ltr'><strong>quia</strong></span> <span class='ocrx_word' id='word_1_178' title='bbox 1050 1381 1148 1449; x_wconf 89' lang='lat' dir='ltr'><strong>seculi,</strong></span> <span class='ocrx_word' id='word_1_179' title='bbox 1173 1382 1232 1437; x_wconf 81' lang='lat' dir='ltr'><strong>vita</strong></span> <span class='ocrx_word' id='word_1_180' title='bbox 1247 1383 1276 1436; x_wconf 91' lang='lat' dir='ltr'><strong>in</strong></span> <span class='ocrx_word' id='word_1_181' title='bbox 1293 1381 1346 1438; x_wconf 93' lang='lat' dir='ltr'><strong>hoc</strong></span> <span class='ocrx_word' id='word_1_182' title='bbox 1364 1383 1480 1452; x_wconf 90' lang='lat' dir='ltr'><strong>mundo,</strong></span> <span class='ocrx_word' id='word_1_183' title='bbox 1508 1382 1630 1438; x_wconf 85' lang='lat' dir='ltr'><strong>actiones</strong></span> <span class='ocrx_word' id='word_1_184' title='bbox 1648 1381 1736 1452; x_wconf 90' lang='lat' dir='ltr'><strong>hujus</strong></span> <span class='ocrx_word' id='word_1_185' title='bbox 1755 1381 1829 1435; x_wconf 80' lang='lat' dir='ltr'><strong>ritae</strong></span> <span class='ocrx_word' id='word_1_186' title='bbox 1847 1387 1884 1436; x_wconf 87' lang='lat' dir='ltr'><strong>ut·</strong></span> 
     </span>
     <span class='ocr_line' id='line_1_14' title="bbox 186 1466 1921 1543; baseline -0.001 -20"><span class='ocrx_word' id='word_1_187' title='bbox 186 1467 359 1524; x_wconf 81' lang='lat' dir='ltr'><strong>infirmitates</strong></span> <span class='ocrx_word' id='word_1_188' title='bbox 378 1470 516 1527; x_wconf 86' lang='lat' dir='ltr'><strong>humanae</strong></span> <span class='ocrx_word' id='word_1_189' title='bbox 534 1477 763 1543; x_wconf 89' lang='lat' dir='ltr'><strong>praesupponunt</strong></span> <span class='ocrx_word' id='word_1_190' title='bbox 774 1470 919 1525; x_wconf 88' lang='lat' dir='ltr'><strong>veritatem</strong></span> <span class='ocrx_word' id='word_1_191' title='bbox 930 1484 1022 1524; x_wconf 90' lang='lat' dir='ltr'><strong>essen·</strong></span> <span class='ocrx_word' id='word_1_192' title='bbox 1050 1486 1105 1538; x_wconf 90' lang='lat' dir='ltr'><strong>que</strong></span> <span class='ocrx_word' id='word_1_193' title='bbox 1123 1484 1180 1523; x_wconf 90' lang='lat' dir='ltr'><strong>una</strong></span> <span class='ocrx_word' id='word_1_194' title='bbox 1196 1473 1273 1524; x_wconf 86' lang='lat' dir='ltr'><strong>totus</strong></span> <span class='ocrx_word' id='word_1_195' title='bbox 1284 1469 1402 1524; x_wconf 87' lang='lat' dir='ltr'><strong>mundus</strong></span> <span class='ocrx_word' id='word_1_196' title='bbox 1415 1469 1565 1541; x_wconf 86' lang='lat' dir='ltr'><strong>aliquando</strong></span> <span class='ocrx_word' id='word_1_197' title='bbox 1579 1467 1755 1539; x_wconf 83' lang='lat' dir='ltr'><strong>praeteribit</strong></span> <span class='ocrx_word' id='word_1_198' title='bbox 1788 1466 1883 1522; x_wconf 77' lang='lat' dir='ltr'><strong>Sensus</strong></span> <span class='ocrx_word' id='word_1_199' title='bbox 1919 1524 1921 1528; x_wconf 57' lang='grc'><strong>,</strong></span> 
     </span>
     <span class='ocr_line' id='line_1_15' title="bbox 186 1551 1883 1626; baseline -0.002 -16"><span class='ocrx_word' id='word_1_200' title='bbox 186 1554 244 1610; x_wconf 87' lang='lat' dir='ltr'><strong>tiae</strong></span> <span class='ocrx_word' id='word_1_201' title='bbox 262 1554 406 1610; x_wconf 84' lang='lat' dir='ltr'><strong>humanae</strong></span> <span class='ocrx_word' id='word_1_202' title='bbox 1050 1554 1135 1625; x_wconf 88' lang='lat' dir='ltr'><strong>igitur</strong></span> <span class='ocrx_word' id='word_1_203' title='bbox 1160 1560 1213 1622; x_wconf 90' lang='lat' dir='ltr'><strong>est,</strong></span> <span class='ocrx_word' id='word_1_204' title='bbox 1240 1555 1315 1626; x_wconf 91' lang='lat' dir='ltr'><strong>quod</strong></span> <span class='ocrx_word' id='word_1_205' title='bbox 1342 1555 1468 1611; x_wconf 86' lang='lat' dir='ltr'><strong>Christus</strong></span> <span class='ocrx_word' id='word_1_206' title='bbox 1493 1555 1644 1610; x_wconf 86' lang='lat' dir='ltr'><strong>inhabita</strong></span> <span class='ocrx_word' id='word_1_207' title='bbox 1669 1551 1883 1610; x_wconf 82' lang='lat' dir='ltr'><strong>conversationis</strong></span> 
     </span>
     <span class='ocr_line' id='line_1_16' title="bbox 222 1636 1883 1716; baseline -0.003 -19"><span class='ocrx_word' id='word_1_208' title='bbox 222 1647 281 1698; x_wconf 81' lang='lat'><strong>299.</strong></span> <span class='ocrx_word' id='word_1_209' title='bbox 317 1649 341 1697; x_wconf 81' lang='lat'><strong>4.</strong></span> <span class='ocrx_word' id='word_1_210' title='bbox 377 1641 459 1707; x_wconf 85' lang='lat' dir='ltr'><strong>Quod</strong></span> <span class='ocrx_word' id='word_1_211' title='bbox 470 1644 572 1709; x_wconf 84' lang='lat' dir='ltr'><strong>faetus</strong></span> <span class='ocrx_word' id='word_1_212' title='bbox 583 1643 680 1711; x_wconf 79' lang='lat' dir='ltr'><strong>suerit</strong></span> <span class='ocrx_word' id='word_1_213' title='bbox 699 1643 729 1696; x_wconf 79' lang='grc' dir='ltr'><strong>ἔν</strong></span> <span class='ocrx_word' id='word_1_214' title='bbox 742 1638 898 1716; x_wconf 76' lang='grc' dir='ltr'>ὁμοιώματι</span> <span class='ocrx_word' id='word_1_215' title='bbox 911 1636 1024 1713; x_wconf 68' lang='grc' dir='ltr'><strong><em>ἀνθρώ-</em></strong></span> <span class='ocrx_word' id='word_1_216' title='bbox 1051 1640 1145 1708; x_wconf 86' lang='lat' dir='ltr'><strong>(Lutb.</strong></span> <span class='ocrx_word' id='word_1_217' title='bbox 1171 1655 1207 1698; x_wconf 85' lang='lat' dir='ltr'><strong>cn</strong></span> <span class='ocrx_word' id='word_1_218' title='bbox 1227 1641 1370 1711; x_wconf 69' lang='lat' dir='ltr'><strong>dtebebtn)</strong></span> <span class='ocrx_word' id='word_1_219' title='bbox 1394 1642 1524 1697; x_wconf 82' lang='lat' dir='ltr'><strong>inventus</strong></span> <span class='ocrx_word' id='word_1_220' title='bbox 1545 1640 1630 1697; x_wconf 84' lang='lat' dir='ltr'><strong>fuerit</strong></span> <span class='ocrx_word' id='word_1_221' title='bbox 1654 1647 1688 1695; x_wconf 91' lang='lat' dir='ltr'><strong>nt</strong></span> <span class='ocrx_word' id='word_1_222' title='bbox 1707 1641 1782 1696; x_wconf 83' lang='lat' dir='ltr'><strong>alius</strong></span> <span class='ocrx_word' id='word_1_223' title='bbox 1798 1638 1883 1710; x_wconf 88' lang='lat' dir='ltr'><strong>homo,</strong></span> 
     </span>
     <span class='ocr_line' id='line_1_17' title="bbox 190 1724 1883 1799; baseline 0 -18"><span class='ocrx_word' id='word_1_224' title='bbox 190 1748 260 1796; x_wconf 80' lang='grc' dir='ltr'><strong>πων,</strong></span> <span class='ocrx_word' id='word_1_225' title='bbox 279 1728 512 1783; x_wconf 76' lang='lat' dir='ltr'><strong>insimilitudine</strong></span> <span class='ocrx_word' id='word_1_226' title='bbox 530 1729 678 1783; x_wconf 79' lang='lat' dir='ltr'><strong>hominum.</strong></span> <span class='ocrx_word' id='word_1_227' title='bbox 706 1727 760 1784; x_wconf 89' lang='lat' dir='ltr'><strong>Vel</strong></span> <span class='ocrx_word' id='word_1_228' title='bbox 779 1745 812 1782; x_wconf 90' lang='lat' dir='ltr'><strong>ex</strong></span> <span class='ocrx_word' id='word_1_229' title='bbox 831 1728 884 1784; x_wconf 88' lang='lat' dir='ltr'><strong>hac</strong></span> <span class='ocrx_word' id='word_1_230' title='bbox 899 1724 1022 1797; x_wconf 75' lang='grc' dir='ltr'>ἐξηγήσει</span> <span class='ocrx_word' id='word_1_231' title='bbox 1051 1727 1125 1797; x_wconf 88' lang='lat' dir='ltr'><strong>quod</strong></span> <span class='ocrx_word' id='word_1_232' title='bbox 1144 1742 1199 1782; x_wconf 92' lang='lat' dir='ltr'><strong>non</strong></span> <span class='ocrx_word' id='word_1_233' title='bbox 1218 1727 1406 1799; x_wconf 81' lang='lat' dir='ltr'><strong>segregaverit</strong></span> <span class='ocrx_word' id='word_1_234' title='bbox 1424 1744 1488 1783; x_wconf 83' lang='grc' dir='ltr'><strong>ιιι</strong></span> <span class='ocrx_word' id='word_1_235' title='bbox 1507 1727 1648 1783; x_wconf 89' lang='lat' dir='ltr'><strong>communi</strong></span> <span class='ocrx_word' id='word_1_236' title='bbox 1664 1727 1811 1781; x_wconf 91' lang='lat' dir='ltr'><strong>hominum</strong></span> <span class='ocrx_word' id='word_1_237' title='bbox 1827 1742 1883 1782; x_wconf 89' lang='lat' dir='ltr'><strong>con·</strong></span> 
     </span>
     <span class='ocr_line' id='line_1_18' title="bbox 193 1812 1885 1885; baseline -0.001 -17"><span class='ocrx_word' id='word_1_238' title='bbox 193 1814 368 1869; x_wconf 87' lang='lat' dir='ltr'><strong>manifestum</strong></span> <span class='ocrx_word' id='word_1_239' title='bbox 381 1820 431 1884; x_wconf 84' lang='lat' dir='ltr'><strong>est,</strong></span> <span class='ocrx_word' id='word_1_240' title='bbox 449 1832 499 1885; x_wconf 90' lang='lat' dir='ltr'><strong>per</strong></span> <span class='ocrx_word' id='word_1_241' title='bbox 510 1815 708 1869; x_wconf 90' lang='lat' dir='ltr'><strong>assumtionem</strong></span> <span class='ocrx_word' id='word_1_242' title='bbox 721 1813 828 1869; x_wconf 83' lang='lat' dir='ltr'><strong>servilis</strong></span> <span class='ocrx_word' id='word_1_243' title='bbox 846 1814 951 1869; x_wconf 85' lang='lat' dir='ltr'><strong>formae</strong></span> <span class='ocrx_word' id='word_1_244' title='bbox 968 1829 1024 1867; x_wconf 89' lang='lat' dir='ltr'><strong>uon</strong></span> <span class='ocrx_word' id='word_1_245' title='bbox 1051 1813 1148 1879; x_wconf 80' lang='lat' dir='ltr'><strong>nortio,</strong></span> <span class='ocrx_word' id='word_1_246' title='bbox 1175 1814 1250 1885; x_wconf 92' lang='lat' dir='ltr'><strong>quod</strong></span> <span class='ocrx_word' id='word_1_247' title='bbox 1275 1815 1380 1868; x_wconf 83' lang='lat' dir='ltr'><strong>venerit</strong></span> <span class='ocrx_word' id='word_1_248' title='bbox 1406 1832 1462 1868; x_wconf 90' lang='lat' dir='ltr'><strong>non</strong></span> <span class='ocrx_word' id='word_1_249' title='bbox 1483 1821 1514 1867; x_wconf 85' lang='lat' dir='ltr'><strong>ut</strong></span> <span class='ocrx_word' id='word_1_250' title='bbox 1535 1813 1697 1882; x_wconf 72' lang='lat' dir='ltr'><strong>lohannes,</strong></span> <span class='ocrx_word' id='word_1_251' title='bbox 1726 1830 1779 1867; x_wconf 85' lang='lat' dir='ltr'><strong>nec</strong></span> <span class='ocrx_word' id='word_1_252' title='bbox 1800 1812 1885 1867; x_wconf 76' lang='lat' dir='ltr'><strong>enea</strong></span> 
     </span>
     <span class='ocr_line' id='line_1_19' title="bbox 191 1898 1885 1971; baseline 0 -16"><span class='ocrx_word' id='word_1_253' title='bbox 191 1918 251 1956; x_wconf 88' lang='lat' dir='ltr'><strong>esse</strong></span> <span class='ocrx_word' id='word_1_254' title='bbox 268 1900 461 1971; x_wconf 87' lang='lat' dir='ltr'><strong>principaliter</strong></span> <span class='ocrx_word' id='word_1_255' title='bbox 478 1906 507 1954; x_wconf 92' lang='lat' dir='ltr'><strong>et</strong></span> <span class='ocrx_word' id='word_1_256' title='bbox 524 1899 628 1956; x_wconf 85' lang='lat' dir='ltr'><strong>directe</strong></span> <span class='ocrx_word' id='word_1_257' title='bbox 644 1899 782 1955; x_wconf 89' lang='lat' dir='ltr'><strong>humanae</strong></span> <span class='ocrx_word' id='word_1_258' title='bbox 793 1904 908 1954; x_wconf 87' lang='lat' dir='ltr'><strong>naturae</strong></span> <span class='ocrx_word' id='word_1_259' title='bbox 919 1915 1024 1954; x_wconf 87' lang='lat' dir='ltr'><strong>assum·</strong></span> <span class='ocrx_word' id='word_1_260' title='bbox 1050 1900 1143 1954; x_wconf 84' lang='lat' dir='ltr'><strong>vinnm</strong></span> <span class='ocrx_word' id='word_1_261' title='bbox 1176 1919 1225 1955; x_wconf 88' lang='lat' dir='ltr'><strong>nec</strong></span> <span class='ocrx_word' id='word_1_262' title='bbox 1257 1903 1432 1955; x_wconf 74' lang='lat' dir='ltr'><strong>massdncans</strong></span> <span class='ocrx_word' id='word_1_263' title='bbox 1457 1901 1585 1969; x_wconf 73' lang='lat' dir='ltr'><strong>sulpurea</strong></span> <span class='ocrx_word' id='word_1_264' title='bbox 1614 1900 1692 1954; x_wconf 75' lang='grc' dir='ltr'>οἰὸοι</span> <span class='ocrx_word' id='word_1_265' title='bbox 1719 1898 1819 1955; x_wconf 72' lang='lat' dir='ltr'><strong>naun</strong></span> <span class='ocrx_word' id='word_1_266' title='bbox 1849 1905 1885 1960; x_wconf 89' lang='grc'><strong>11,</strong></span> 
     </span>
     <span class='ocr_line' id='line_1_20' title="bbox 187 1984 1886 2059; baseline -0.001 -18"><span class='ocrx_word' id='word_1_267' title='bbox 187 1987 291 2042; x_wconf 87' lang='lat' dir='ltr'><strong>tionem</strong></span> <span class='ocrx_word' id='word_1_268' title='bbox 310 1985 528 2056; x_wconf 89' lang='lat' dir='ltr'><strong>intelligendam,</strong></span> <span class='ocrx_word' id='word_1_269' title='bbox 548 1987 613 2058; x_wconf 90' lang='lat' dir='ltr'><strong>quia</strong></span> <span class='ocrx_word' id='word_1_270' title='bbox 632 2003 682 2059; x_wconf 89' lang='lat' dir='ltr'><strong>per</strong></span> <span class='ocrx_word' id='word_1_271' title='bbox 699 1987 918 2042; x_wconf 85' lang='lat' dir='ltr'><strong>incarnationem</strong></span> <span class='ocrx_word' id='word_1_272' title='bbox 935 1984 1024 2041; x_wconf 84' lang='lat' dir='ltr'><strong>Filius</strong></span> <span class='ocrx_word' id='word_1_273' title='bbox 1051 2003 1076 2038; x_wconf 85' lang='lat' dir='ltr'><strong>v.</strong></span> <span class='ocrx_word' id='word_1_274' title='bbox 1100 1992 1138 2042; x_wconf 76' lang='grc'>17.</span> <span class='ocrx_word' id='word_1_275' title='bbox 1157 1986 1225 2042; x_wconf 89' lang='lat' dir='ltr'><strong>Luc.</strong></span> <span class='ocrx_word' id='word_1_276' title='bbox 1247 1993 1270 2056; x_wconf 83' lang='lat'><strong>7,</strong></span> <span class='ocrx_word' id='word_1_277' title='bbox 1289 2004 1313 2041; x_wconf 87' lang='lat' dir='ltr'><strong>v.</strong></span> <span class='ocrx_word' id='word_1_278' title='bbox 1335 1991 1377 2054; x_wconf 83' lang='lat'><strong>33,</strong></span> <span class='ocrx_word' id='word_1_279' title='bbox 1397 1989 1449 2040; x_wconf 85' lang='lat' dir='ltr'><strong>sed</strong></span> <span class='ocrx_word' id='word_1_280' title='bbox 1464 1988 1640 2040; x_wconf 78' lang='lat' dir='ltr'><strong>manducone</strong></span> <span class='ocrx_word' id='word_1_281' title='bbox 1660 2004 1698 2041; x_wconf 85' lang='lat' dir='ltr'><strong>ac</strong></span> <span class='ocrx_word' id='word_1_282' title='bbox 1719 1987 1822 2055; x_wconf 75' lang='lat' dir='ltr'><strong>cibem,</strong></span> <span class='ocrx_word' id='word_1_283' title='bbox 1839 1984 1886 2040; x_wconf 87' lang='lat' dir='ltr'><strong>hoe</strong></span> 
     </span>
     <span class='ocr_line' id='line_1_21' title="bbox 188 2070 1886 2146; baseline 0.002 -21"><span class='ocrx_word' id='word_1_284' title='bbox 188 2071 242 2125; x_wconf 89' lang='lat' dir='ltr'><strong>Dei</strong></span> <span class='ocrx_word' id='word_1_285' title='bbox 263 2089 320 2126; x_wconf 93' lang='lat' dir='ltr'><strong>non</strong></span> <span class='ocrx_word' id='word_1_286' title='bbox 343 2077 452 2127; x_wconf 87' lang='lat' dir='ltr'><strong>tantum</strong></span> <span class='ocrx_word' id='word_1_287' title='bbox 473 2071 564 2127; x_wconf 82' lang='lat' dir='ltr'><strong>iactus</strong></span> <span class='ocrx_word' id='word_1_288' title='bbox 582 2079 625 2128; x_wconf 91' lang='lat' dir='ltr'><strong>est</strong></span> <span class='ocrx_word' id='word_1_289' title='bbox 642 2073 673 2128; x_wconf 79' lang='lat' dir='ltr'><strong>tr</strong></span> <span class='ocrx_word' id='word_1_290' title='bbox 690 2070 846 2146; x_wconf 79' lang='grc' dir='ltr'>ὁμοιώματι</span> <span class='ocrx_word' id='word_1_291' title='bbox 865 2071 1024 2145; x_wconf 69' lang='grc' dir='ltr'><strong>ἀνθρώπων</strong></span> <span class='ocrx_word' id='word_1_292' title='bbox 1052 2079 1095 2128; x_wconf 90' lang='grc' dir='ltr'><strong>ιιι</strong></span> <span class='ocrx_word' id='word_1_293' title='bbox 1119 2090 1182 2128; x_wconf 89' lang='lat' dir='ltr'><strong>cum</strong></span> <span class='ocrx_word' id='word_1_294' title='bbox 1211 2073 1273 2128; x_wconf 90' lang='lat' dir='ltr'><strong>aliis</strong></span> <span class='ocrx_word' id='word_1_295' title='bbox 1297 2073 1325 2127; x_wconf 92' lang='lat' dir='ltr'><strong>in</strong></span> <span class='ocrx_word' id='word_1_296' title='bbox 1347 2072 1485 2128; x_wconf 92' lang='lat' dir='ltr'><strong>communi</strong></span> <span class='ocrx_word' id='word_1_297' title='bbox 1505 2072 1635 2128; x_wconf 80' lang='lat' dir='ltr'><strong>convictu</strong></span> <span class='ocrx_word' id='word_1_298' title='bbox 1653 2072 1750 2128; x_wconf 77' lang='lat' dir='ltr'><strong>cibum</strong></span> <span class='ocrx_word' id='word_1_299' title='bbox 1770 2071 1886 2145; x_wconf 84' lang='lat' dir='ltr'><strong>capiens,</strong></span> 
     </span>
     <span class='ocr_line' id='line_1_22' title="bbox 189 2158 1887 2231; baseline 0.001 -19"><span class='ocrx_word' id='word_1_300' title='bbox 189 2158 247 2212; x_wconf 81' lang='lat' dir='ltr'><strong>sive</strong></span> <span class='ocrx_word' id='word_1_301' title='bbox 265 2158 360 2231; x_wconf 83' lang='grc' dir='ltr'>ὅμοιος</span> <span class='ocrx_word' id='word_1_302' title='bbox 379 2158 514 2214; x_wconf 83' lang='lat' dir='ltr'><strong>duntaxat</strong></span> <span class='ocrx_word' id='word_1_303' title='bbox 532 2158 699 2229; x_wconf 90' lang='lat' dir='ltr'><strong>hominibus,</strong></span> <span class='ocrx_word' id='word_1_304' title='bbox 717 2159 791 2230; x_wconf 89' lang='lat' dir='ltr'><strong>quod</strong></span> <span class='ocrx_word' id='word_1_305' title='bbox 812 2176 934 2215; x_wconf 86' lang='lat' dir='ltr'><strong>asserere</strong></span> <span class='ocrx_word' id='word_1_306' title='bbox 951 2158 1025 2213; x_wconf 83' lang='lat' dir='ltr'><strong>Mar-</strong></span> <span class='ocrx_word' id='word_1_307' title='bbox 1052 2159 1081 2213; x_wconf 89' lang='lat' dir='ltr'><strong>in</strong></span> <span class='ocrx_word' id='word_1_308' title='bbox 1097 2159 1230 2214; x_wconf 83' lang='lat' dir='ltr'><strong>conviviis</strong></span> <span class='ocrx_word' id='word_1_309' title='bbox 1248 2177 1387 2231; x_wconf 86' lang='lat' dir='ltr'><strong>praesens,</strong></span> <span class='ocrx_word' id='word_1_310' title='bbox 1406 2159 1474 2231; x_wconf 94' lang='lat' dir='ltr'><strong>quin</strong></span> <span class='ocrx_word' id='word_1_311' title='bbox 1490 2165 1518 2214; x_wconf 89' lang='lat' dir='ltr'><strong>et</strong></span> <span class='ocrx_word' id='word_1_312' title='bbox 1537 2176 1600 2214; x_wconf 90' lang='lat' dir='ltr'><strong>cum</strong></span> <span class='ocrx_word' id='word_1_313' title='bbox 1618 2158 1813 2231; x_wconf 85' lang='lat' dir='ltr'><strong>peccatoribus</strong></span> <span class='ocrx_word' id='word_1_314' title='bbox 1831 2175 1887 2213; x_wconf 80' lang='lat' dir='ltr'><strong>see</strong></span> 
     </span>
     <span class='ocr_line' id='line_1_23' title="bbox 189 2241 1887 2318; baseline -0.001 -20"><span class='ocrx_word' id='word_1_315' title='bbox 189 2243 348 2298; x_wconf 90' lang='lat' dir='ltr'><strong>cionitieum</strong></span> <span class='ocrx_word' id='word_1_316' title='bbox 366 2243 450 2309; x_wconf 85' lang='lat' dir='ltr'><strong>foret,</strong></span> <span class='ocrx_word' id='word_1_317' title='bbox 474 2245 524 2300; x_wconf 87' lang='lat' dir='ltr'><strong>sed</strong></span> <span class='ocrx_word' id='word_1_318' title='bbox 541 2244 640 2301; x_wconf 88' lang='lat' dir='ltr'><strong>iisdem</strong></span> <span class='ocrx_word' id='word_1_319' title='bbox 657 2241 813 2318; x_wconf 82' lang='grc' dir='ltr'>ὁμοοὺσιος.</span> <span class='ocrx_word' id='word_1_320' title='bbox 849 2245 930 2312; x_wconf 89' lang='lat' dir='ltr'><strong>Quod</strong></span> <span class='ocrx_word' id='word_1_321' title='bbox 951 2245 1026 2300; x_wconf 91' lang='lat' dir='ltr'><strong>enim</strong></span> <span class='ocrx_word' id='word_1_322' title='bbox 1052 2263 1124 2301; x_wconf 87' lang='lat' dir='ltr'><strong>cens.</strong></span> <span class='ocrx_word' id='word_1_323' title='bbox 1163 2245 1307 2301; x_wconf 64' lang='lat' dir='ltr'><strong>“Jacob</strong></span> <span class='ocrx_word' id='word_1_324' title='bbox 1332 2245 1369 2301; x_wconf 90' lang='lat' dir='ltr'><strong>ad</strong></span> <span class='ocrx_word' id='word_1_325' title='bbox 1386 2246 1502 2301; x_wconf 89' lang='lat' dir='ltr'><strong>Portum</strong></span> <span class='ocrx_word' id='word_1_326' title='bbox 1524 2263 1548 2300; x_wconf 90' lang='lat' dir='ltr'><strong>c.</strong></span> <span class='ocrx_word' id='word_1_327' title='bbox 1576 2250 1618 2302; x_wconf 81' lang='grc'>12.</span> <span class='ocrx_word' id='word_1_328' title='bbox 1644 2264 1673 2317; x_wconf 91' lang='lat' dir='ltr'><strong>p.</strong></span> <span class='ocrx_word' id='word_1_329' title='bbox 1700 2251 1757 2302; x_wconf 78' lang='grc'>301.</span> <span class='ocrx_word' id='word_1_330' title='bbox 1781 2243 1887 2312; x_wconf 84' lang='lat' dir='ltr'><strong>scribit,</strong></span> 
     </span>
     <span class='ocr_line' id='line_1_24' title="bbox 190 2329 1887 2404; baseline 0 -20"><span class='ocrx_word' id='word_1_331' title='bbox 190 2329 320 2404; x_wconf 76' lang='grc' dir='ltr'>ὁμοίωμα</span> <span class='ocrx_word' id='word_1_332' title='bbox 344 2347 400 2384; x_wconf 89' lang='lat' dir='ltr'><strong>uon</strong></span> <span class='ocrx_word' id='word_1_333' title='bbox 423 2330 460 2385; x_wconf 91' lang='lat' dir='ltr'><strong>ad</strong></span> <span class='ocrx_word' id='word_1_334' title='bbox 483 2338 598 2387; x_wconf 88' lang='lat' dir='ltr'><strong>naturae</strong></span> <span class='ocrx_word' id='word_1_335' title='bbox 619 2338 730 2387; x_wconf 90' lang='lat' dir='ltr'><strong>nostrae</strong></span> <span class='ocrx_word' id='word_1_336' title='bbox 750 2331 949 2398; x_wconf 87' lang='lat' dir='ltr'><strong>substantiam,</strong></span> <span class='ocrx_word' id='word_1_337' title='bbox 976 2330 1026 2386; x_wconf 89' lang='lat' dir='ltr'><strong>sed</strong></span> <span class='ocrx_word' id='word_1_338' title='bbox 1054 2335 1130 2401; x_wconf 84' lang='lat' dir='ltr'><strong>quod</strong></span> <span class='ocrx_word' id='word_1_339' title='bbox 1152 2333 1264 2387; x_wconf 80' lang='lat' dir='ltr'><strong>babitus</strong></span> <span class='ocrx_word' id='word_1_340' title='bbox 1289 2332 1339 2386; x_wconf 78' lang='lat' dir='ltr'><strong>nte</strong></span> <span class='ocrx_word' id='word_1_341' title='bbox 1366 2333 1517 2401; x_wconf 69' lang='lat' dir='ltr'><strong>turrianus,</strong></span> <span class='ocrx_word' id='word_1_342' title='bbox 1541 2349 1595 2402; x_wconf 77' lang='lat' dir='ltr'><strong>quo</strong></span> <span class='ocrx_word' id='word_1_343' title='bbox 1616 2330 1748 2387; x_wconf 63' lang='lat' dir='ltr'><strong>Otr-sistus</strong></span> <span class='ocrx_word' id='word_1_344' title='bbox 1767 2332 1887 2385; x_wconf 73' lang='lat' dir='ltr'><strong>invenus</strong></span> 
     </span>
     <span class='ocr_line' id='line_1_25' title="bbox 189 2414 1939 2489; baseline 0.001 -19"><span class='ocrx_word' id='word_1_345' title='bbox 189 2416 226 2470; x_wconf 90' lang='lat' dir='ltr'><strong>ad</strong></span> <span class='ocrx_word' id='word_1_346' title='bbox 253 2414 424 2471; x_wconf 84' lang='lat' dir='ltr'><strong>infirmitates</strong></span> <span class='ocrx_word' id='word_1_347' title='bbox 455 2423 483 2473; x_wconf 90' lang='lat' dir='ltr'><strong>et</strong></span> <span class='ocrx_word' id='word_1_348' title='bbox 506 2418 722 2474; x_wconf 86' lang='lat' dir='ltr'><strong>conversationis</strong></span> <span class='ocrx_word' id='word_1_349' title='bbox 744 2417 943 2483; x_wconf 88' lang='lat' dir='ltr'><strong>bumilitatem,</strong></span> <span class='ocrx_word' id='word_1_350' title='bbox 971 2433 1027 2487; x_wconf 84' lang='lat' dir='ltr'><strong>que</strong></span> <span class='ocrx_word' id='word_1_351' title='bbox 1054 2420 1166 2486; x_wconf 82' lang='lat' dir='ltr'><strong>dicitur,</strong></span> <span class='ocrx_word' id='word_1_352' title='bbox 1181 2419 1276 2489; x_wconf 75' lang='lat' dir='ltr'><strong>primo</strong></span> <span class='ocrx_word' id='word_1_353' title='bbox 1294 2427 1378 2488; x_wconf 85' lang='lat' dir='ltr'><strong>atque</strong></span> <span class='ocrx_word' id='word_1_354' title='bbox 1391 2436 1487 2488; x_wconf 83' lang='lat' dir='ltr'><strong>perse</strong></span> <span class='ocrx_word' id='word_1_355' title='bbox 1500 2420 1659 2489; x_wconf 85' lang='lat' dir='ltr'><strong>nonipsam</strong></span> <span class='ocrx_word' id='word_1_356' title='bbox 1674 2418 1829 2473; x_wconf 76' lang='lat' dir='ltr'><strong>humanm</strong></span> <span class='ocrx_word' id='word_1_357' title='bbox 1839 2423 1939 2471; x_wconf 70' lang='lat' dir='ltr'><strong>ren-tlt!</strong></span> 
     </span>
     <span class='ocr_line' id='line_1_26' title="bbox 190 2501 1886 2575; baseline 0.001 -18"><span class='ocrx_word' id='word_1_358' title='bbox 190 2501 316 2558; x_wconf 73' lang='lat' dir='ltr'><strong>Christum</strong></span> <span class='ocrx_word' id='word_1_359' title='bbox 340 2502 454 2575; x_wconf 89' lang='lat' dir='ltr'><strong>reliquis</strong></span> <span class='ocrx_word' id='word_1_360' title='bbox 478 2502 636 2560; x_wconf 88' lang='lat' dir='ltr'><strong>hominibus</strong></span> <span class='ocrx_word' id='word_1_361' title='bbox 661 2504 758 2561; x_wconf 90' lang='lat' dir='ltr'><strong>similis</strong></span> <span class='ocrx_word' id='word_1_362' title='bbox 784 2505 853 2572; x_wconf 87' lang='lat' dir='ltr'><strong>fuit,</strong></span> <span class='ocrx_word' id='word_1_363' title='bbox 882 2504 1027 2574; x_wconf 83' lang='lat' dir='ltr'><strong>referatur,</strong></span> <span class='ocrx_word' id='word_1_364' title='bbox 1053 2514 1146 2560; x_wconf 87' lang='lat' dir='ltr'><strong>turam</strong></span> <span class='ocrx_word' id='word_1_365' title='bbox 1163 2513 1190 2558; x_wconf 89' lang='lat' dir='ltr'><strong>et</strong></span> <span class='ocrx_word' id='word_1_366' title='bbox 1208 2505 1361 2575; x_wconf 84' lang='lat' dir='ltr'><strong>essentium,</strong></span> <span class='ocrx_word' id='word_1_367' title='bbox 1379 2506 1461 2575; x_wconf 85' lang='lat' dir='ltr'><strong>cujus</strong></span> <span class='ocrx_word' id='word_1_368' title='bbox 1473 2505 1614 2575; x_wconf 76' lang='lat' dir='ltr'><strong>perfectio</strong></span> <span class='ocrx_word' id='word_1_369' title='bbox 1632 2505 1663 2558; x_wconf 90' lang='lat' dir='ltr'><strong>in</strong></span> <span class='ocrx_word' id='word_1_370' title='bbox 1675 2507 1783 2573; x_wconf 74' lang='lat' dir='ltr'><strong>somna</strong></span> <span class='ocrx_word' id='word_1_371' title='bbox 1801 2504 1886 2558; x_wconf 70' lang='lat' dir='ltr'><strong>anteri</strong></span> 
     </span>
     <span class='ocr_line' id='line_1_27' title="bbox 189 2589 1888 2662; baseline 0.001 -19"><span class='ocrx_word' id='word_1_372' title='bbox 189 2594 268 2659; x_wconf 88' lang='lat' dir='ltr'><strong>patet</strong></span> <span class='ocrx_word' id='word_1_373' title='bbox 294 2593 320 2645; x_wconf 89' lang='lat'><strong>1.</strong></span> <span class='ocrx_word' id='word_1_374' title='bbox 346 2606 380 2643; x_wconf 81' lang='lat' dir='ltr'><strong>ee</strong></span> <span class='ocrx_word' id='word_1_375' title='bbox 403 2591 527 2660; x_wconf 84' lang='lat' dir='ltr'><strong>propria</strong></span> <span class='ocrx_word' id='word_1_376' title='bbox 553 2591 638 2661; x_wconf 76' lang='lat' dir='ltr'><strong>hujus</strong></span> <span class='ocrx_word' id='word_1_377' title='bbox 657 2592 742 2659; x_wconf 51' lang='lat' dir='ltr'><strong>,uocis</strong></span> <span class='ocrx_word' id='word_1_378' title='bbox 766 2592 940 2661; x_wconf 83' lang='lat' dir='ltr'><strong>acceptione,</strong></span> <span class='ocrx_word' id='word_1_379' title='bbox 972 2605 1028 2660; x_wconf 84' lang='lat' dir='ltr'><strong>qua</strong></span> <span class='ocrx_word' id='word_1_380' title='bbox 1054 2593 1099 2648; x_wconf 82' lang='lat' dir='ltr'><strong>ori</strong></span> <span class='ocrx_word' id='word_1_381' title='bbox 1121 2591 1260 2660; x_wconf 65' lang='lat' dir='ltr'><strong>concutit,</strong></span> <span class='ocrx_word' id='word_1_382' title='bbox 1283 2592 1335 2645; x_wconf 82' lang='lat' dir='ltr'><strong>seat</strong></span> <span class='ocrx_word' id='word_1_383' title='bbox 1356 2591 1430 2644; x_wconf 84' lang='lat' dir='ltr'><strong>uitae</strong></span> <span class='ocrx_word' id='word_1_384' title='bbox 1453 2589 1662 2662; x_wconf 80' lang='lat' dir='ltr'><strong>perpessionem</strong></span> <span class='ocrx_word' id='word_1_385' title='bbox 1688 2599 1775 2662; x_wconf 80' lang='lat' dir='ltr'><strong>atque</strong></span> <span class='ocrx_word' id='word_1_386' title='bbox 1799 2589 1888 2644; x_wconf 79' lang='lat' dir='ltr'><strong>mortis</strong></span> 
     </span>
     <span class='ocr_line' id='line_1_28' title="bbox 190 2674 1887 2748; baseline 0.001 -19"><span class='ocrx_word' id='word_1_387' title='bbox 190 2690 299 2744; x_wconf 88' lang='lat' dir='ltr'><strong>semper</strong></span> <span class='ocrx_word' id='word_1_388' title='bbox 316 2691 366 2745; x_wconf 90' lang='lat' dir='ltr'><strong>pro</strong></span> <span class='ocrx_word' id='word_1_389' title='bbox 385 2674 552 2746; x_wconf 88' lang='lat' dir='ltr'><strong>qualitatum</strong></span> <span class='ocrx_word' id='word_1_390' title='bbox 571 2676 769 2748; x_wconf 84' lang='lat' dir='ltr'><strong>congruentia,</strong></span> <span class='ocrx_word' id='word_1_391' title='bbox 794 2694 852 2732; x_wconf 87' lang='lat' dir='ltr'><strong>non</strong></span> <span class='ocrx_word' id='word_1_392' title='bbox 867 2683 960 2733; x_wconf 87' lang='lat' dir='ltr'><strong>autem</strong></span> <span class='ocrx_word' id='word_1_393' title='bbox 977 2675 1026 2730; x_wconf 90' lang='lat' dir='ltr'><strong>im·</strong></span> <span class='ocrx_word' id='word_1_394' title='bbox 1055 2679 1161 2734; x_wconf 80' lang='lat' dir='ltr'><strong>Christi</strong></span> <span class='ocrx_word' id='word_1_395' title='bbox 1183 2678 1294 2732; x_wconf 78' lang='lat' dir='ltr'><strong>schema</strong></span> <span class='ocrx_word' id='word_1_396' title='bbox 1319 2677 1470 2748; x_wconf 74' lang='lat' dir='ltr'><strong>siqnifieet,</strong></span> <span class='ocrx_word' id='word_1_397' title='bbox 1493 2677 1663 2732; x_wconf 83' lang='lat' dir='ltr'><strong>secundario</strong></span> <span class='ocrx_word' id='word_1_398' title='bbox 1687 2694 1755 2733; x_wconf 83' lang='lat' dir='ltr'><strong>cero</strong></span> <span class='ocrx_word' id='word_1_399' title='bbox 1781 2686 1807 2732; x_wconf 83' lang='grc' dir='ltr'><strong>ιι</strong></span> <span class='ocrx_word' id='word_1_400' title='bbox 1835 2695 1887 2731; x_wconf 87' lang='lat' dir='ltr'><strong>cos·</strong></span> 
     </span>
     <span class='ocr_line' id='line_1_29' title="bbox 191 2760 1717 2835; baseline 0.003 -22"><span class='ocrx_word' id='word_1_401' title='bbox 191 2760 311 2814; x_wconf 87' lang='lat' dir='ltr'><strong>mediate</strong></span> <span class='ocrx_word' id='word_1_402' title='bbox 329 2778 380 2832; x_wconf 88' lang='lat' dir='ltr'><strong>pro</strong></span> <span class='ocrx_word' id='word_1_403' title='bbox 392 2768 493 2818; x_wconf 86' lang='lat' dir='ltr'><strong>natura</strong></span> <span class='ocrx_word' id='word_1_404' title='bbox 505 2768 534 2819; x_wconf 88' lang='lat' dir='ltr'><strong>et</strong></span> <span class='ocrx_word' id='word_1_405' title='bbox 547 2763 667 2820; x_wconf 88' lang='lat' dir='ltr'><strong>essentia</strong></span> <span class='ocrx_word' id='word_1_406' title='bbox 678 2763 802 2820; x_wconf 86' lang='lat' dir='ltr'><strong>sumitur.</strong></span> <span class='ocrx_word' id='word_1_407' title='bbox 831 2764 910 2820; x_wconf 86' lang='lat' dir='ltr'><strong>Rom.</strong></span> <span class='ocrx_word' id='word_1_408' title='bbox 920 2769 942 2835; x_wconf 89' lang='lat'><strong>1,</strong></span> <span class='ocrx_word' id='word_1_409' title='bbox 954 2781 978 2817; x_wconf 85' lang='lat' dir='ltr'><strong>v.</strong></span> <span class='ocrx_word' id='word_1_410' title='bbox 987 2767 1027 2818; x_wconf 80' lang='lat'><strong>2³.</strong></span> <span class='ocrx_word' id='word_1_411' title='bbox 1053 2772 1198 2835; x_wconf 77' lang='lat' dir='ltr'><strong>sequenter</strong></span> <span class='ocrx_word' id='word_1_412' title='bbox 1218 2765 1369 2818; x_wconf 77' lang='lat' dir='ltr'><strong>humanum</strong></span> <span class='ocrx_word' id='word_1_413' title='bbox 1386 2771 1517 2818; x_wconf 86' lang='lat' dir='ltr'><strong>naturam</strong></span> <span class='ocrx_word' id='word_1_414' title='bbox 1535 2764 1717 2834; x_wconf 57' lang='lat' dir='ltr'><strong>dampnet*</strong></span> 
     </span>
     <span class='ocr_line' id='line_1_30' title="bbox 191 2846 1888 2922; baseline 0.003 -22"><span class='ocrx_word' id='word_1_415' title='bbox 191 2846 310 2918; x_wconf 88' lang='lat' dir='ltr'><strong>gentiles</strong></span> <span class='ocrx_word' id='word_1_416' title='bbox 327 2847 457 2904; x_wconf 87' lang='lat' dir='ltr'><strong>dicuntur</strong></span> <span class='ocrx_word' id='word_1_417' title='bbox 467 2849 589 2918; x_wconf 79' lang='lat' dir='ltr'><strong>pluriam</strong></span> <span class='ocrx_word' id='word_1_418' title='bbox 597 2853 659 2906; x_wconf 88' lang='lat' dir='ltr'><strong>Dei</strong></span> <span class='ocrx_word' id='word_1_419' title='bbox 667 2851 893 2921; x_wconf 64' lang='lat' dir='ltr'><strong>incorruptibilis</strong></span> <span class='ocrx_word' id='word_1_420' title='bbox 906 2858 1028 2904; x_wconf 83' lang='lat' dir='ltr'><strong>mutasse</strong></span> <span class='ocrx_word' id='word_1_421' title='bbox 1090 2858 1147 2908; x_wconf 88' lang='grc'>301.</span> <span class='ocrx_word' id='word_1_422' title='bbox 1186 2857 1209 2907; x_wconf 83' lang='grc'>6.</span> <span class='ocrx_word' id='word_1_423' title='bbox 1228 2850 1309 2917; x_wconf 81' lang='lat' dir='ltr'><strong>Quod</strong></span> <span class='ocrx_word' id='word_1_424' title='bbox 1330 2851 1520 2906; x_wconf 77' lang='lat' dir='ltr'><strong>bumsiiunerit</strong></span> <span class='ocrx_word' id='word_1_425' title='bbox 1536 2868 1566 2906; x_wconf 88' lang='lat' dir='ltr'><strong>se</strong></span> <span class='ocrx_word' id='word_1_426' title='bbox 1583 2851 1694 2922; x_wconf 83' lang='lat' dir='ltr'><strong>ipsum,</strong></span> <span class='ocrx_word' id='word_1_427' title='bbox 1718 2853 1820 2916; x_wconf 80' lang='lat' dir='ltr'><strong>fuctus</strong></span> <span class='ocrx_word' id='word_1_428' title='bbox 1836 2851 1888 2905; x_wconf 79' lang='lat' dir='ltr'><strong>otc·</strong></span> 
     </span>
     <span class='ocr_line' id='line_1_31' title="bbox 192 2931 1887 3008; baseline 0.001 -21"><span class='ocrx_word' id='word_1_429' title='bbox 192 2932 223 2989; x_wconf 76' lang='grc' dir='ltr'><strong>ἔν</strong></span> <span class='ocrx_word' id='word_1_430' title='bbox 233 2931 389 3008; x_wconf 77' lang='grc' dir='ltr'>ὁμοιώματι</span> <span class='ocrx_word' id='word_1_431' title='bbox 398 2935 532 3004; x_wconf 81' lang='lat' dir='ltr'><strong>imaps&#39;nis</strong></span> <span class='ocrx_word' id='word_1_432' title='bbox 541 2938 733 3008; x_wconf 72' lang='lat' dir='ltr'><strong>corrrsptibsis&#39;s</strong></span> <span class='ocrx_word' id='word_1_433' title='bbox 741 2938 871 3005; x_wconf 78' lang='lat' dir='ltr'><strong>bominis,</strong></span> <span class='ocrx_word' id='word_1_434' title='bbox 885 2936 960 3008; x_wconf 86' lang='lat' dir='ltr'><strong>quod</strong></span> <span class='ocrx_word' id='word_1_435' title='bbox 971 2952 1028 2992; x_wconf 89' lang='lat' dir='ltr'><strong>non</strong></span> <span class='ocrx_word' id='word_1_436' title='bbox 1055 2939 1135 2993; x_wconf 81' lang='lat' dir='ltr'><strong>diens</strong></span> <span class='ocrx_word' id='word_1_437' title='bbox 1155 2953 1242 3007; x_wconf 74' lang='lat' dir='ltr'><strong>usqcse</strong></span> <span class='ocrx_word' id='word_1_438' title='bbox 1268 2939 1311 2991; x_wconf 81' lang='lat' dir='ltr'><strong>asi</strong></span> <span class='ocrx_word' id='word_1_439' title='bbox 1332 2945 1461 3004; x_wconf 65' lang='lat' dir='ltr'><strong>morem,</strong></span> <span class='ocrx_word' id='word_1_440' title='bbox 1485 2946 1600 2993; x_wconf 81' lang='lat' dir='ltr'><strong>mortem</strong></span> <span class='ocrx_word' id='word_1_441' title='bbox 1617 2946 1712 2992; x_wconf 83' lang='lat' dir='ltr'><strong>autem</strong></span> <span class='ocrx_word' id='word_1_442' title='bbox 1733 2936 1842 3001; x_wconf 71' lang='lat' dir='ltr'><strong>mucis,</strong></span> <span class='ocrx_word' id='word_1_443' title='bbox 1865 2935 1887 2988; x_wconf 91' lang='lat' dir='ltr'><strong>id</strong></span> 
     </span>
     <span class='ocr_line' id='line_1_32' title="bbox 191 3020 1888 3097; baseline 0 -21"><span class='ocrx_word' id='word_1_444' title='bbox 191 3026 284 3091; x_wconf 89' lang='lat' dir='ltr'><strong>potest</strong></span> <span class='ocrx_word' id='word_1_445' title='bbox 309 3021 345 3076; x_wconf 89' lang='lat' dir='ltr'><strong>de</strong></span> <span class='ocrx_word' id='word_1_446' title='bbox 369 3020 526 3078; x_wconf 87' lang='lat' dir='ltr'><strong>substantia</strong></span> <span class='ocrx_word' id='word_1_447' title='bbox 546 3021 669 3079; x_wconf 87' lang='lat' dir='ltr'><strong>bumana</strong></span> <span class='ocrx_word' id='word_1_448' title='bbox 686 3023 783 3095; x_wconf 79' lang='lat' dir='ltr'><strong>accipi</strong></span> <span class='ocrx_word' id='word_1_449' title='bbox 818 3022 897 3078; x_wconf 86' lang='lat' dir='ltr'><strong>Rom</strong></span> <span class='ocrx_word' id='word_1_450' title='bbox 916 3029 941 3090; x_wconf 87' lang='lat'><strong>6,</strong></span> <span class='ocrx_word' id='word_1_451' title='bbox 959 3040 985 3080; x_wconf 87' lang='lat' dir='ltr'><strong>v.</strong></span> <span class='ocrx_word' id='word_1_452' title='bbox 1005 3029 1028 3077; x_wconf 84' lang='lat'><strong>5.</strong></span> <span class='ocrx_word' id='word_1_453' title='bbox 1055 3032 1109 3094; x_wconf 91' lang='lat' dir='ltr'><strong>est,</strong></span> <span class='ocrx_word' id='word_1_454' title='bbox 1137 3023 1212 3097; x_wconf 91' lang='lat' dir='ltr'><strong>quod</strong></span> <span class='ocrx_word' id='word_1_455' title='bbox 1237 3029 1296 3080; x_wconf 90' lang='lat' dir='ltr'><strong>toto</strong></span> <span class='ocrx_word' id='word_1_456' title='bbox 1322 3024 1397 3080; x_wconf 82' lang='lat' dir='ltr'><strong>vitae</strong></span> <span class='ocrx_word' id='word_1_457' title='bbox 1426 3032 1454 3080; x_wconf 91' lang='lat' dir='ltr'><strong>et</strong></span> <span class='ocrx_word' id='word_1_458' title='bbox 1482 3024 1702 3081; x_wconf 88' lang='lat' dir='ltr'><strong>conversationis</strong></span> <span class='ocrx_word' id='word_1_459' title='bbox 1725 3031 1888 3096; x_wconf 85' lang='lat' dir='ltr'><strong>tempores</strong></span> 
     </span>
     <span class='ocr_line' id='line_1_33' title="bbox 191 3105 1887 3184; baseline 0.001 -23"><span class='ocrx_word' id='word_1_460' title='bbox 191 3105 309 3162; x_wconf 79' lang='lat' dir='ltr'><strong>dicimur</strong></span> <span class='ocrx_word' id='word_1_461' title='bbox 326 3106 394 3162; x_wconf 73' lang='lat' dir='ltr'><strong>iacti</strong></span> <span class='ocrx_word' id='word_1_462' title='bbox 413 3106 556 3181; x_wconf 83' lang='grc' dir='ltr'>σύμφυτοι</span> <span class='ocrx_word' id='word_1_463' title='bbox 574 3111 611 3179; x_wconf 75' lang='grc' dir='ltr'><strong>τῷ</strong></span> <span class='ocrx_word' id='word_1_464' title='bbox 625 3107 891 3183; x_wconf 73' lang='lat' dir='ltr'><strong>eposcpmsmortis</strong></span> <span class='ocrx_word' id='word_1_465' title='bbox 905 3108 1029 3178; x_wconf 71' lang='lat' dir='ltr'><strong>christi,-</strong></span> <span class='ocrx_word' id='word_1_466' title='bbox 1054 3110 1144 3183; x_wconf 83' lang='lat' dir='ltr'><strong>prime</strong></span> <span class='ocrx_word' id='word_1_467' title='bbox 1166 3109 1231 3166; x_wconf 86' lang='lat' dir='ltr'><strong>inde</strong></span> <span class='ocrx_word' id='word_1_468' title='bbox 1254 3110 1435 3182; x_wconf 80' lang='lat' dir='ltr'><strong>conceptione</strong></span> <span class='ocrx_word' id='word_1_469' title='bbox 1460 3129 1549 3184; x_wconf 83' lang='lat' dir='ltr'><strong>nsque</strong></span> <span class='ocrx_word' id='word_1_470' title='bbox 1572 3111 1608 3166; x_wconf 82' lang='lat' dir='ltr'><strong>ad</strong></span> <span class='ocrx_word' id='word_1_471' title='bbox 1632 3111 1788 3184; x_wconf 73' lang='lat' dir='ltr'><strong>gloriosam</strong></span> <span class='ocrx_word' id='word_1_472' title='bbox 1809 3126 1887 3165; x_wconf 69' lang='lat' dir='ltr'><strong>mur</strong></span> 
     </span>
     <span class='ocr_line' id='line_1_34' title="bbox 192 3193 1887 3268; baseline 0.002 -21"><span class='ocrx_word' id='word_1_473' title='bbox 192 3210 216 3247; x_wconf 91' lang='lat' dir='ltr'><strong>c.</strong></span> <span class='ocrx_word' id='word_1_474' title='bbox 237 3201 261 3258; x_wconf 82' lang='grc'><strong>3,</strong></span> <span class='ocrx_word' id='word_1_475' title='bbox 273 3211 299 3246; x_wconf 86' lang='lat' dir='ltr'><strong>v.</strong></span> <span class='ocrx_word' id='word_1_476' title='bbox 311 3199 339 3249; x_wconf 82' lang='lat'><strong>3:</strong></span> <span class='ocrx_word' id='word_1_477' title='bbox 361 3193 438 3248; x_wconf 66' lang='lat' dir='ltr'><strong>misit</strong></span> <span class='ocrx_word' id='word_1_478' title='bbox 450 3195 546 3264; x_wconf 81' lang='lat' dir='ltr'><strong>fllium</strong></span> <span class='ocrx_word' id='word_1_479' title='bbox 564 3195 595 3250; x_wconf 90' lang='lat' dir='ltr'><strong>in</strong></span> <span class='ocrx_word' id='word_1_480' title='bbox 608 3195 792 3251; x_wconf 78' lang='lat' dir='ltr'><strong>similitudine</strong></span> <span class='ocrx_word' id='word_1_481' title='bbox 804 3196 899 3250; x_wconf 73' lang='lat' dir='ltr'><strong>carnes</strong></span> <span class='ocrx_word' id='word_1_482' title='bbox 907 3195 1028 3265; x_wconf 83' lang='lat' dir='ltr'><strong>peccati,</strong></span> <span class='ocrx_word' id='word_1_483' title='bbox 1055 3197 1204 3254; x_wconf 88' lang='lat' dir='ltr'><strong>rectionem</strong></span> <span class='ocrx_word' id='word_1_484' title='bbox 1217 3202 1245 3253; x_wconf 90' lang='lat' dir='ltr'><strong>ct</strong></span> <span class='ocrx_word' id='word_1_485' title='bbox 1254 3197 1464 3254; x_wconf 87' lang='lat' dir='ltr'><strong>adscensionem</strong></span> <span class='ocrx_word' id='word_1_486' title='bbox 1475 3196 1608 3253; x_wconf 90' lang='lat' dir='ltr'><strong>humilem</strong></span> <span class='ocrx_word' id='word_1_487' title='bbox 1617 3196 1811 3255; x_wconf 87' lang='lat' dir='ltr'><strong>obedientiam</strong></span> <span class='ocrx_word' id='word_1_488' title='bbox 1819 3213 1887 3268; x_wconf 80' lang='lat' dir='ltr'><strong>prae</strong></span> 
     </span>
     <span class='ocr_line' id='line_1_35' title="bbox 191 3277 1887 3359; baseline 0.001 -26"><span class='ocrx_word' id='word_1_489' title='bbox 191 3279 241 3334; x_wconf 90' lang='lat' dir='ltr'><strong>ubi</strong></span> <span class='ocrx_word' id='word_1_490' title='bbox 260 3297 313 3334; x_wconf 82' lang='lat' dir='ltr'><strong>ror</strong></span> <span class='ocrx_word' id='word_1_491' title='bbox 332 3277 507 3354; x_wconf 74' lang='grc' dir='ltr'>ὁμοιώμαιος</span> <span class='ocrx_word' id='word_1_492' title='bbox 525 3297 581 3336; x_wconf 94' lang='lat' dir='ltr'><strong>non</strong></span> <span class='ocrx_word' id='word_1_493' title='bbox 598 3282 636 3337; x_wconf 89' lang='lat' dir='ltr'><strong>ad</strong></span> <span class='ocrx_word' id='word_1_494' title='bbox 656 3297 768 3338; x_wconf 81' lang='lat' dir='ltr'><strong>carnem</strong></span> <span class='ocrx_word' id='word_1_495' title='bbox 787 3281 962 3353; x_wconf 87' lang='lat' dir='ltr'><strong>simpliciter,</strong></span> <span class='ocrx_word' id='word_1_496' title='bbox 979 3281 1029 3336; x_wconf 90' lang='lat' dir='ltr'><strong>sed</strong></span> <span class='ocrx_word' id='word_1_497' title='bbox 1055 3285 1157 3340; x_wconf 86' lang='lat' dir='ltr'><strong>stiterit</strong></span> <span class='ocrx_word' id='word_1_498' title='bbox 1174 3283 1252 3339; x_wconf 86' lang='lat' dir='ltr'><strong>Patri</strong></span> <span class='ocrx_word' id='word_1_499' title='bbox 1270 3284 1397 3350; x_wconf 86' lang='lat' dir='ltr'><strong>coelesti,</strong></span> <span class='ocrx_word' id='word_1_500' title='bbox 1423 3285 1454 3341; x_wconf 86' lang='grc' dir='ltr'>ιό</span> <span class='ocrx_word' id='word_1_501' title='bbox 1474 3289 1557 3359; x_wconf 67' lang='grc' dir='ltr'>μέχρι</span> <span class='ocrx_word' id='word_1_502' title='bbox 1579 3285 1653 3340; x_wconf 87' lang='lat' dir='ltr'><strong>enim</strong></span> <span class='ocrx_word' id='word_1_503' title='bbox 1674 3302 1731 3341; x_wconf 90' lang='lat' dir='ltr'><strong>non</strong></span> <span class='ocrx_word' id='word_1_504' title='bbox 1753 3290 1814 3339; x_wconf 85' lang='lat' dir='ltr'><strong>tam</strong></span> <span class='ocrx_word' id='word_1_505' title='bbox 1832 3293 1887 3337; x_wconf 76' lang='lat' dir='ltr'><strong>tess-</strong></span> 
     </span>
     <span class='ocr_line' id='line_1_36' title="bbox 142 3366 1887 3442; baseline 0.002 -22"><span class='ocrx_word' id='word_1_506' title='bbox 142 3390 144 3394; x_wconf 48' lang='grc'><strong><em>&lt;</em></strong></span> <span class='ocrx_word' id='word_1_507' title='bbox 192 3366 229 3420; x_wconf 89' lang='lat' dir='ltr'><strong>sd</strong></span> <span class='ocrx_word' id='word_1_508' title='bbox 256 3366 515 3424; x_wconf 88' lang='lat' dir='ltr'><strong>determinationem</strong></span> <span class='ocrx_word' id='word_1_509' title='bbox 541 3366 578 3423; x_wconf 94' lang='lat' dir='ltr'><strong>ab</strong></span> <span class='ocrx_word' id='word_1_510' title='bbox 601 3369 728 3439; x_wconf 91' lang='lat' dir='ltr'><strong>apostolo</strong></span> <span class='ocrx_word' id='word_1_511' title='bbox 752 3369 891 3440; x_wconf 88' lang='lat' dir='ltr'><strong>adjectam</strong></span> <span class='ocrx_word' id='word_1_512' title='bbox 910 3377 1028 3439; x_wconf 85' lang='lat' dir='ltr'><strong>peccata</strong></span> <span class='ocrx_word' id='word_1_513' title='bbox 1051 3372 1134 3440; x_wconf 77' lang='lat' dir='ltr'><strong>paris</strong></span> <span class='ocrx_word' id='word_1_514' title='bbox 1164 3372 1359 3442; x_wconf 79' lang='lat' dir='ltr'><strong>quantitatem,</strong></span> <span class='ocrx_word' id='word_1_515' title='bbox 1389 3389 1472 3442; x_wconf 91' lang='lat' dir='ltr'><strong>quam</strong></span> <span class='ocrx_word' id='word_1_516' title='bbox 1505 3372 1679 3426; x_wconf 76' lang='lat' dir='ltr'><strong>obedientiae</strong></span> <span class='ocrx_word' id='word_1_517' title='bbox 1712 3372 1887 3426; x_wconf 78' lang='lat' dir='ltr'><strong>intensionem</strong></span> 
     </span>
     <span class='ocr_line' id='line_1_37' title="bbox 193 3453 1888 3530; baseline 0.005 -24"><span class='ocrx_word' id='word_1_518' title='bbox 193 3453 327 3508; x_wconf 74' lang='grc' dir='ltr'>οὸιιοιιιοι</span> <span class='ocrx_word' id='word_1_519' title='bbox 344 3454 479 3526; x_wconf 90' lang='lat' dir='ltr'><strong>pertinet,</strong></span> <span class='ocrx_word' id='word_1_520' title='bbox 503 3471 587 3526; x_wconf 90' lang='lat' dir='ltr'><strong>quam</strong></span> <span class='ocrx_word' id='word_1_521' title='bbox 605 3454 748 3525; x_wconf 87' lang='lat' dir='ltr'><strong>emphasin</strong></span> <span class='ocrx_word' id='word_1_522' title='bbox 766 3454 882 3526; x_wconf 89' lang='lat' dir='ltr'><strong>pulchre</strong></span> <span class='ocrx_word' id='word_1_523' title='bbox 900 3453 1031 3526; x_wconf 90' lang='lat' dir='ltr'><strong>expendit</strong></span> <span class='ocrx_word' id='word_1_524' title='bbox 1056 3464 1142 3527; x_wconf 80' lang='lat' dir='ltr'><strong>notat,</strong></span> <span class='ocrx_word' id='word_1_525' title='bbox 1164 3458 1238 3530; x_wconf 91' lang='lat' dir='ltr'><strong>quod</strong></span> <span class='ocrx_word' id='word_1_526' title='bbox 1257 3475 1312 3513; x_wconf 93' lang='lat' dir='ltr'><strong>non</strong></span> <span class='ocrx_word' id='word_1_527' title='bbox 1331 3457 1499 3513; x_wconf 82' lang='lat' dir='ltr'><strong>recusaverit</strong></span> <span class='ocrx_word' id='word_1_528' title='bbox 1519 3475 1552 3514; x_wconf 85' lang='lat' dir='ltr'><strong>er</strong></span> <span class='ocrx_word' id='word_1_529' title='bbox 1570 3475 1637 3514; x_wconf 84' lang='lat' dir='ltr'><strong>vcra</strong></span> <span class='ocrx_word' id='word_1_530' title='bbox 1656 3465 1686 3514; x_wconf 92' lang='lat' dir='ltr'><strong>et</strong></span> <span class='ocrx_word' id='word_1_531' title='bbox 1704 3458 1818 3515; x_wconf 88' lang='lat' dir='ltr'><strong>sincera</strong></span> <span class='ocrx_word' id='word_1_532' title='bbox 1831 3474 1888 3529; x_wconf 75' lang='lat' dir='ltr'><strong>erga</strong></span> 
     </span>
     <span class='ocr_line' id='line_1_38' title="bbox 192 3538 1888 3617; baseline 0.002 -23"><span class='ocrx_word' id='word_1_533' title='bbox 192 3538 288 3595; x_wconf 84' lang='lat' dir='ltr'><strong>Ambr.</strong></span> <span class='ocrx_word' id='word_1_534' title='bbox 310 3539 357 3596; x_wconf 92' lang='lat' dir='ltr'><strong>lib.</strong></span> <span class='ocrx_word' id='word_1_535' title='bbox 378 3547 401 3596; x_wconf 89' lang='grc'>1.</span> <span class='ocrx_word' id='word_1_536' title='bbox 419 3541 456 3597; x_wconf 89' lang='lat' dir='ltr'><strong>de</strong></span> <span class='ocrx_word' id='word_1_537' title='bbox 469 3540 572 3611; x_wconf 84' lang='lat' dir='ltr'><strong>poenit</strong></span> <span class='ocrx_word' id='word_1_538' title='bbox 594 3559 617 3597; x_wconf 88' lang='lat' dir='ltr'><strong>c.</strong></span> <span class='ocrx_word' id='word_1_539' title='bbox 638 3547 662 3597; x_wconf 89' lang='grc'><strong>3.</strong></span> <span class='ocrx_word' id='word_1_540' title='bbox 680 3549 746 3598; x_wconf 91' lang='lat' dir='ltr'><strong>tom.</strong></span> <span class='ocrx_word' id='word_1_541' title='bbox 769 3548 793 3596; x_wconf 93' lang='lat' dir='ltr'><strong>l.</strong></span> <span class='ocrx_word' id='word_1_542' title='bbox 810 3559 840 3612; x_wconf 89' lang='lat' dir='ltr'><strong>p.</strong></span> <span class='ocrx_word' id='word_1_543' title='bbox 860 3547 908 3597; x_wconf 84' lang='grc'><strong>153</strong></span> <span class='ocrx_word' id='word_1_544' title='bbox 917 3581 927 3610; x_wconf 91' lang='lat'><strong>,</strong></span> <span class='ocrx_word' id='word_1_545' title='bbox 949 3543 1029 3613; x_wconf 91' lang='lat' dir='ltr'><strong>cujus</strong></span> <span class='ocrx_word' id='word_1_546' title='bbox 1055 3543 1146 3599; x_wconf 93' lang='lat' dir='ltr'><strong>Deum</strong></span> <span class='ocrx_word' id='word_1_547' title='bbox 1173 3542 1332 3600; x_wconf 89' lang='lat' dir='ltr'><strong>obedientia</strong></span> <span class='ocrx_word' id='word_1_548' title='bbox 1357 3550 1471 3615; x_wconf 88' lang='lat' dir='ltr'><strong>propter</strong></span> <span class='ocrx_word' id='word_1_549' title='bbox 1495 3543 1613 3600; x_wconf 86' lang='lat' dir='ltr'><strong>salutem</strong></span> <span class='ocrx_word' id='word_1_550' title='bbox 1641 3543 1762 3599; x_wconf 84' lang='lat' dir='ltr'><strong>humani</strong></span> <span class='ocrx_word' id='word_1_551' title='bbox 1789 3544 1888 3617; x_wconf 82' lang='lat' dir='ltr'><strong>generis</strong></span> 
     </span>
     <span class='ocr_line' id='line_1_39' title="bbox 193 3624 1890 3702; baseline 0.001 -22"><span class='ocrx_word' id='word_1_552' title='bbox 193 3624 279 3681; x_wconf 86' lang='lat' dir='ltr'><strong>rerba</strong></span> <span class='ocrx_word' id='word_1_553' title='bbox 294 3626 462 3682; x_wconf 86' lang='lat' dir='ltr'><strong>adduximus</strong></span> <span class='ocrx_word' id='word_1_554' title='bbox 479 3626 508 3681; x_wconf 93' lang='lat' dir='ltr'><strong>in</strong></span> <span class='ocrx_word' id='word_1_555' title='bbox 526 3644 550 3682; x_wconf 93' lang='lat' dir='ltr'><strong>c.</strong></span> <span class='ocrx_word' id='word_1_556' title='bbox 572 3634 605 3697; x_wconf 78' lang='lat'><strong>63</strong></span> <span class='ocrx_word' id='word_1_557' title='bbox 628 3631 655 3683; x_wconf 89' lang='lat'><strong>2.</strong></span> <span class='ocrx_word' id='word_1_558' title='bbox 674 3644 707 3682; x_wconf 85' lang='lat' dir='ltr'><strong>ec</strong></span> <span class='ocrx_word' id='word_1_559' title='bbox 724 3646 821 3683; x_wconf 88' lang='lat' dir='ltr'><strong>uocum</strong></span> <span class='ocrx_word' id='word_1_560' title='bbox 838 3627 1030 3697; x_wconf 67' lang='lat' dir='ltr'><strong>aequipollen-</strong></span> <span class='ocrx_word' id='word_1_561' title='bbox 1058 3631 1147 3685; x_wconf 87' lang='lat' dir='ltr'><strong>varias</strong></span> <span class='ocrx_word' id='word_1_562' title='bbox 1175 3629 1319 3701; x_wconf 87' lang='lat' dir='ltr'><strong>passiones</strong></span> <span class='ocrx_word' id='word_1_563' title='bbox 1346 3647 1379 3685; x_wconf 91' lang='lat' dir='ltr'><strong>ac</strong></span> <span class='ocrx_word' id='word_1_564' title='bbox 1408 3631 1520 3686; x_wconf 86' lang='lat' dir='ltr'><strong>tandem</strong></span> <span class='ocrx_word' id='word_1_565' title='bbox 1547 3629 1843 3702; x_wconf 85' lang='lat' dir='ltr'><strong>ignominiosissimum</strong></span> <span class='ocrx_word' id='word_1_566' title='bbox 1867 3634 1890 3685; x_wconf 89' lang='grc' dir='ltr'><strong>ιι</strong></span> 
     </span>
     <span class='ocr_line' id='line_1_40' title="bbox 195 3712 1890 3789; baseline 0.002 -24"><span class='ocrx_word' id='word_1_567' title='bbox 195 3712 264 3765; x_wconf 71' lang='lat' dir='ltr'><strong>nam</strong></span> <span class='ocrx_word' id='word_1_568' title='bbox 288 3713 445 3768; x_wconf 83' lang='lat' dir='ltr'><strong>collatione.</strong></span> <span class='ocrx_word' id='word_1_569' title='bbox 481 3712 634 3784; x_wconf 83' lang='lat' dir='ltr'><strong>Apostolus</strong></span> <span class='ocrx_word' id='word_1_570' title='bbox 651 3719 785 3785; x_wconf 89' lang='lat' dir='ltr'><strong>tanquam</strong></span> <span class='ocrx_word' id='word_1_571' title='bbox 804 3713 1030 3788; x_wconf 76' lang='grc' dir='ltr'><strong>ἰσοδυναμοῦντα</strong></span> <span class='ocrx_word' id='word_1_572' title='bbox 1056 3716 1264 3773; x_wconf 87' lang='lat' dir='ltr'><strong>acerbissimum</strong></span> <span class='ocrx_word' id='word_1_573' title='bbox 1301 3717 1396 3772; x_wconf 89' lang='lat' dir='ltr'><strong>mortis</strong></span> <span class='ocrx_word' id='word_1_574' title='bbox 1426 3735 1528 3789; x_wconf 82' lang='lat' dir='ltr'><strong>geum,</strong></span> <span class='ocrx_word' id='word_1_575' title='bbox 1555 3716 1768 3774; x_wconf 84' lang='lat' dir='ltr'><strong>crucifixionem</strong></span> <span class='ocrx_word' id='word_1_576' title='bbox 1794 3717 1890 3774; x_wconf 87' lang='lat' dir='ltr'><strong>scilicet</strong></span> 
     </span>
     <span class='ocr_line' id='line_1_41' title="bbox 194 3797 1200 3875; baseline 0.005 -21"><span class='ocrx_word' id='word_1_577' title='bbox 194 3799 342 3870; x_wconf 87' lang='lat' dir='ltr'><strong>conjungit</strong></span> <span class='ocrx_word' id='word_1_578' title='bbox 357 3799 481 3873; x_wconf 82' lang='grc' dir='ltr'><strong>μορφήν,</strong></span> <span class='ocrx_word' id='word_1_579' title='bbox 500 3798 638 3874; x_wconf 78' lang='grc' dir='ltr'><strong>ὁμοίωμα,</strong></span> <span class='ocrx_word' id='word_1_580' title='bbox 655 3801 757 3874; x_wconf 79' lang='grc' dir='ltr'>σχῆμα.</span> <span class='ocrx_word' id='word_1_581' title='bbox 775 3802 816 3856; x_wconf 85' lang='lat' dir='ltr'><strong>At</strong></span> <span class='ocrx_word' id='word_1_582' title='bbox 830 3797 949 3875; x_wconf 75' lang='grc' dir='ltr'>μορφήν</span> <span class='ocrx_word' id='word_1_583' title='bbox 961 3817 1031 3856; x_wconf 89' lang='lat' dir='ltr'><strong>nnn·</strong></span> <span class='ocrx_word' id='word_1_584' title='bbox 1057 3803 1200 3859; x_wconf 88' lang='lat' dir='ltr'><strong>sustinere.</strong></span> 
     </span>
     <span class='ocr_line' id='line_1_42' title="bbox 71 3885 1888 3963; baseline 0.004 -24"><span class='ocrx_word' id='word_1_585' title='bbox 71 3931 76 3945; x_wconf 86' lang='grc'><strong>,</strong></span> <span class='ocrx_word' id='word_1_586' title='bbox 196 3901 280 3955; x_wconf 89' lang='lat' dir='ltr'><strong>quam</strong></span> <span class='ocrx_word' id='word_1_587' title='bbox 297 3885 387 3956; x_wconf 90' lang='lat' dir='ltr'><strong>accipi</strong></span> <span class='ocrx_word' id='word_1_588' title='bbox 404 3903 456 3957; x_wconf 91' lang='lat' dir='ltr'><strong>pro</strong></span> <span class='ocrx_word' id='word_1_589' title='bbox 473 3885 535 3956; x_wconf 85' lang='lat' dir='ltr'><strong>ipss</strong></span> <span class='ocrx_word' id='word_1_590' title='bbox 552 3885 673 3943; x_wconf 89' lang='lat' dir='ltr'><strong>essentia</strong></span> <span class='ocrx_word' id='word_1_591' title='bbox 686 3903 735 3943; x_wconf 87' lang='lat' dir='ltr'><strong>seu</strong></span> <span class='ocrx_word' id='word_1_592' title='bbox 745 3886 835 3942; x_wconf 84' lang='lat' dir='ltr'><strong>forma</strong></span> <span class='ocrx_word' id='word_1_593' title='bbox 846 3885 1030 3959; x_wconf 85' lang='lat' dir='ltr'><strong>substantiali,</strong></span> <span class='ocrx_word' id='word_1_594' title='bbox 1093 3894 1151 3945; x_wconf 78' lang='lat'><strong>302.</strong></span> <span class='ocrx_word' id='word_1_595' title='bbox 1178 3890 1229 3943; x_wconf 73' lang='lat' dir='ltr'><strong>Ast</strong></span> <span class='ocrx_word' id='word_1_596' title='bbox 1245 3890 1355 3944; x_wconf 85' lang='lat' dir='ltr'><strong>tertium</strong></span> <span class='ocrx_word' id='word_1_597' title='bbox 1373 3889 1520 3944; x_wconf 63' lang='lat' dir='ltr'><strong>iusseram</strong></span> <span class='ocrx_word' id='word_1_598' title='bbox 1537 3888 1679 3961; x_wconf 86' lang='lat' dir='ltr'><strong>pertinent</strong></span> <span class='ocrx_word' id='word_1_599' title='bbox 1696 3888 1769 3946; x_wconf 89' lang='lat' dir='ltr'><strong>haec</strong></span> <span class='ocrx_word' id='word_1_600' title='bbox 1788 3889 1888 3963; x_wconf 85' lang='lat' dir='ltr'><strong>praedi·</strong></span> 
     </span>
     <span class='ocr_line' id='line_1_43' title="bbox 138 3958 1888 4047; baseline 0.005 -24"><span class='ocrx_word' id='word_1_601' title='bbox 138 3958 145 3971; x_wconf 50' lang='lat'>⁸</span> <span class='ocrx_word' id='word_1_602' title='bbox 194 3971 244 4024; x_wconf 89' lang='lat' dir='ltr'><strong>sed</strong></span> <span class='ocrx_word' id='word_1_603' title='bbox 268 3976 375 4026; x_wconf 90' lang='lat' dir='ltr'><strong>tantum</strong></span> <span class='ocrx_word' id='word_1_604' title='bbox 401 3989 452 4044; x_wconf 90' lang='lat' dir='ltr'><strong>pro</strong></span> <span class='ocrx_word' id='word_1_605' title='bbox 476 3972 578 4042; x_wconf 68' lang='lat' dir='ltr'><strong>specie»</strong></span> <span class='ocrx_word' id='word_1_606' title='bbox 592 3979 706 4030; x_wconf 87' lang='lat' dir='ltr'><strong>externa</strong></span> <span class='ocrx_word' id='word_1_607' title='bbox 730 3973 886 4041; x_wconf 81' lang='lat' dir='ltr'><strong>senforma</strong></span> <span class='ocrx_word' id='word_1_608' title='bbox 902 3974 1031 4031; x_wconf 82' lang='lat' dir='ltr'><strong>acciden-</strong></span> <span class='ocrx_word' id='word_1_609' title='bbox 1058 3983 1134 4031; x_wconf 87' lang='lat' dir='ltr'><strong>ests:</strong></span> <span class='ocrx_word' id='word_1_610' title='bbox 1161 3982 1182 4031; x_wconf 97' lang='grc'>1.</span> <span class='ocrx_word' id='word_1_611' title='bbox 1203 3975 1278 4046; x_wconf 90' lang='lat' dir='ltr'><strong>quod</strong></span> <span class='ocrx_word' id='word_1_612' title='bbox 1296 3977 1376 4029; x_wconf 86' lang='lat' dir='ltr'><strong>Deus</strong></span> <span class='ocrx_word' id='word_1_613' title='bbox 1396 3974 1533 4030; x_wconf 76' lang='lat' dir='ltr'><strong>Christum</strong></span> <span class='ocrx_word' id='word_1_614' title='bbox 1557 3971 1745 4047; x_wconf 76' lang='grc' dir='ltr'><strong>ὑπερύψωσε,</strong></span> <span class='ocrx_word' id='word_1_615' title='bbox 1772 3977 1803 4031; x_wconf 85' lang='lat' dir='ltr'><strong>in</strong></span> <span class='ocrx_word' id='word_1_616' title='bbox 1825 3995 1888 4030; x_wconf 85' lang='lat' dir='ltr'><strong>sum·</strong></span> 
     </span>
     <span class='ocr_line' id='line_1_44' title="bbox 193 4056 1888 4134; baseline 0.003 -23"><span class='ocrx_word' id='word_1_617' title='bbox 193 4056 243 4111; x_wconf 89' lang='lat' dir='ltr'><strong>tali</strong></span> <span class='ocrx_word' id='word_1_618' title='bbox 277 4062 357 4127; x_wconf 88' lang='lat' dir='ltr'><strong>patet</strong></span> <span class='ocrx_word' id='word_1_619' title='bbox 386 4074 419 4113; x_wconf 89' lang='lat' dir='ltr'><strong>ex</strong></span> <span class='ocrx_word' id='word_1_620' title='bbox 448 4057 570 4114; x_wconf 90' lang='lat' dir='ltr'><strong>omnium</strong></span> <span class='ocrx_word' id='word_1_621' title='bbox 602 4059 725 4114; x_wconf 90' lang='lat' dir='ltr'><strong>locorum</strong></span> <span class='ocrx_word' id='word_1_622' title='bbox 756 4058 923 4116; x_wconf 88' lang='lat' dir='ltr'><strong>inductione</strong></span> <span class='ocrx_word' id='word_1_623' title='bbox 976 4061 1032 4117; x_wconf 89' lang='lat' dir='ltr'><strong>Per</strong></span> <span class='ocrx_word' id='word_1_624' title='bbox 1059 4081 1133 4115; x_wconf 88' lang='lat' dir='ltr'><strong>mam</strong></span> <span class='ocrx_word' id='word_1_625' title='bbox 1158 4061 1253 4116; x_wconf 73' lang='lat' dir='ltr'><strong>emulit</strong></span> <span class='ocrx_word' id='word_1_626' title='bbox 1276 4061 1473 4116; x_wconf 82' lang='lat' dir='ltr'><strong>sublimitatem</strong></span> <span class='ocrx_word' id='word_1_627' title='bbox 1479 4082 1490 4129; x_wconf 90' lang='lat'><em>;</em></span> <span class='ocrx_word' id='word_1_628' title='bbox 1518 4067 1541 4116; x_wconf 83' lang='grc'>1.</span> <span class='ocrx_word' id='word_1_629' title='bbox 1564 4061 1639 4134; x_wconf 90' lang='lat' dir='ltr'><strong>quod</strong></span> <span class='ocrx_word' id='word_1_630' title='bbox 1665 4063 1783 4117; x_wconf 80' lang='lat' dir='ltr'><strong>dederit</strong></span> <span class='ocrx_word' id='word_1_631' title='bbox 1806 4065 1832 4118; x_wconf 83' lang='lat' dir='ltr'><strong>ei</strong></span> <span class='ocrx_word' id='word_1_632' title='bbox 1848 4080 1888 4116; x_wconf 87' lang='lat' dir='ltr'><strong>no·</strong></span> 
     </span>
     <span class='ocr_line' id='line_1_45' title="bbox 193 4142 1889 4219; baseline 0.003 -23"><span class='ocrx_word' id='word_1_633' title='bbox 193 4142 324 4217; x_wconf 81' lang='grc' dir='ltr'>ὁμοίωμα</span> <span class='ocrx_word' id='word_1_634' title='bbox 341 4144 428 4216; x_wconf 82' lang='lat' dir='ltr'><strong>igitur</strong></span> <span class='ocrx_word' id='word_1_635' title='bbox 445 4143 611 4216; x_wconf 75' lang='lat' dir='ltr'><strong>intelligitur</strong></span> <span class='ocrx_word' id='word_1_636' title='bbox 631 4143 809 4201; x_wconf 81' lang='lat' dir='ltr'><strong>conformitas</strong></span> <span class='ocrx_word' id='word_1_637' title='bbox 830 4145 903 4201; x_wconf 84' lang='lat' dir='ltr'><strong>vitae</strong></span> <span class='ocrx_word' id='word_1_638' title='bbox 921 4146 950 4201; x_wconf 92' lang='lat' dir='ltr'><strong>in</strong></span> <span class='ocrx_word' id='word_1_639' title='bbox 964 4164 1030 4219; x_wconf 87' lang='lat' dir='ltr'><strong>ope·</strong></span> <span class='ocrx_word' id='word_1_640' title='bbox 1060 4168 1128 4219; x_wconf 80' lang='grc' dir='ltr'>ιιιι-ιι,</span> <span class='ocrx_word' id='word_1_641' title='bbox 1147 4150 1224 4218; x_wconf 79' lang='lat' dir='ltr'><strong>quasi</strong></span> <span class='ocrx_word' id='word_1_642' title='bbox 1242 4155 1384 4217; x_wconf 82' lang='lat' dir='ltr'><strong>estsuper</strong></span> <span class='ocrx_word' id='word_1_643' title='bbox 1402 4142 1607 4214; x_wconf 76' lang='lat' dir='ltr'><strong>ornrsc&#39;nomcn,</strong></span> <span class='ocrx_word' id='word_1_644' title='bbox 1629 4148 1665 4202; x_wconf 85' lang='lat' dir='ltr'><strong>de</strong></span> <span class='ocrx_word' id='word_1_645' title='bbox 1685 4149 1889 4219; x_wconf 83' lang='lat' dir='ltr'><strong>quibusinseq.</strong></span> 
     </span>
     <span class='ocr_line' id='line_1_46' title="bbox 194 4229 1889 4306; baseline 0.002 -22"><span class='ocrx_word' id='word_1_646' title='bbox 194 4230 348 4286; x_wconf 89' lang='lat' dir='ltr'><strong>rationibus</strong></span> <span class='ocrx_word' id='word_1_647' title='bbox 379 4230 555 4286; x_wconf 68' lang='lat' dir='ltr'><strong>neutralibus</strong></span> <span class='ocrx_word' id='word_1_648' title='bbox 585 4247 619 4287; x_wconf 88' lang='lat' dir='ltr'><strong>ac</strong></span> <span class='ocrx_word' id='word_1_649' title='bbox 647 4229 855 4287; x_wconf 83' lang='lat' dir='ltr'><strong>infirmitatibus</strong></span> <span class='ocrx_word' id='word_1_650' title='bbox 880 4249 944 4288; x_wconf 92' lang='lat' dir='ltr'><strong>cum</strong></span> <span class='ocrx_word' id='word_1_651' title='bbox 970 4233 1032 4289; x_wconf 86' lang='lat' dir='ltr'><strong>aliis</strong></span> <span class='ocrx_word' id='word_1_652' title='bbox 1060 4236 1097 4290; x_wconf 88' lang='lat' dir='ltr'><strong>th.</strong></span> <span class='ocrx_word' id='word_1_653' title='bbox 1115 4241 1138 4291; x_wconf 86' lang='grc'>3.</span> <span class='ocrx_word' id='word_1_654' title='bbox 1155 4233 1264 4305; x_wconf 88' lang='lat' dir='ltr'><strong>plenius</strong></span> <span class='ocrx_word' id='word_1_655' title='bbox 1277 4239 1383 4306; x_wconf 88' lang='lat' dir='ltr'><strong>agetur.</strong></span> <span class='ocrx_word' id='word_1_656' title='bbox 1414 4231 1457 4286; x_wconf 84' lang='lat' dir='ltr'><strong>Ex</strong></span> <span class='ocrx_word' id='word_1_657' title='bbox 1470 4231 1554 4298; x_wconf 89' lang='lat' dir='ltr'><strong>hisco,</strong></span> <span class='ocrx_word' id='word_1_658' title='bbox 1574 4249 1645 4303; x_wconf 88' lang='lat' dir='ltr'><strong>quae</strong></span> <span class='ocrx_word' id='word_1_659' title='bbox 1662 4233 1697 4289; x_wconf 89' lang='lat' dir='ltr'><strong>de</strong></span> <span class='ocrx_word' id='word_1_660' title='bbox 1711 4235 1889 4291; x_wconf 85' lang='lat' dir='ltr'><strong>exinanitione</strong></span> 
     </span>
     <span class='ocr_line' id='line_1_47' title="bbox 197 4314 1887 4391; baseline 0.002 -21"><span class='ocrx_word' id='word_1_661' title='bbox 197 4314 361 4375; x_wconf 91' lang='lat' dir='ltr'><strong>hominibus.</strong></span> <span class='ocrx_word' id='word_1_662' title='bbox 396 4316 458 4372; x_wconf 87' lang='lat' dir='ltr'><strong>Hoc</strong></span> <span class='ocrx_word' id='word_1_663' title='bbox 489 4317 543 4373; x_wconf 80' lang='lat' dir='ltr'><strong>brit</strong></span> <span class='ocrx_word' id='word_1_664' title='bbox 568 4316 639 4373; x_wconf 90' lang='lat' dir='ltr'><strong>illud</strong></span> <span class='ocrx_word' id='word_1_665' title='bbox 664 4315 794 4391; x_wconf 80' lang='grc' dir='ltr'>ὁμοίωμα</span> <span class='ocrx_word' id='word_1_666' title='bbox 819 4315 979 4388; x_wconf 72' lang='grc' dir='ltr'><strong>ἀνθρώπων</strong></span> <span class='ocrx_word' id='word_1_667' title='bbox 998 4336 1032 4376; x_wconf 88' lang='grc' dir='ltr'><strong>ιο</strong></span> <span class='ocrx_word' id='word_1_668' title='bbox 1060 4320 1162 4377; x_wconf 86' lang='lat' dir='ltr'><strong>Christi</strong></span> <span class='ocrx_word' id='word_1_669' title='bbox 1181 4318 1255 4374; x_wconf 84' lang='lat' dir='ltr'><strong>dicta</strong></span> <span class='ocrx_word' id='word_1_670' title='bbox 1273 4325 1350 4384; x_wconf 85' lang='lat' dir='ltr'><strong>sunt,</strong></span> <span class='ocrx_word' id='word_1_671' title='bbox 1368 4315 1424 4374; x_wconf 83' lang='lat' dir='ltr'><strong>duo</strong></span> <span class='ocrx_word' id='word_1_672' title='bbox 1442 4318 1598 4390; x_wconf 90' lang='lat' dir='ltr'><strong>colligimus</strong></span> <span class='ocrx_word' id='word_1_673' title='bbox 1616 4320 1781 4390; x_wconf 77' lang='lat' dir='ltr'><strong>porismata</strong></span> <span class='ocrx_word' id='word_1_674' title='bbox 1818 4322 1887 4376; x_wconf 87' lang='lat' dir='ltr'><strong>Prius</strong></span> 
     </span>
     <span class='ocr_line' id='line_1_48' title="bbox 196 4400 1887 4476; baseline 0.005 -21"><span class='ocrx_word' id='word_1_675' title='bbox 196 4400 255 4457; x_wconf 84' lang='lat' dir='ltr'><strong>fere</strong></span> <span class='ocrx_word' id='word_1_676' title='bbox 272 4419 355 4458; x_wconf 92' lang='lat' dir='ltr'><strong>sensu</strong></span> <span class='ocrx_word' id='word_1_677' title='bbox 372 4403 413 4458; x_wconf 90' lang='lat' dir='ltr'><strong>sic</strong></span> <span class='ocrx_word' id='word_1_678' title='bbox 431 4402 545 4472; x_wconf 87' lang='lat' dir='ltr'><strong>dictum,</strong></span> <span class='ocrx_word' id='word_1_679' title='bbox 566 4416 622 4475; x_wconf 88' lang='lat' dir='ltr'><strong>quo</strong></span> <span class='ocrx_word' id='word_1_680' title='bbox 634 4402 786 4474; x_wconf 75' lang='lat' dir='ltr'><strong>incepissem</strong></span> <span class='ocrx_word' id='word_1_681' title='bbox 798 4404 905 4459; x_wconf 84' lang='lat' dir='ltr'><strong>terreni</strong></span> <span class='ocrx_word' id='word_1_682' title='bbox 915 4404 1033 4461; x_wconf 91' lang='lat' dir='ltr'><strong>dicimur</strong></span> <span class='ocrx_word' id='word_1_683' title='bbox 1059 4412 1116 4471; x_wconf 90' lang='grc' dir='ltr'>ιιι,</span> <span class='ocrx_word' id='word_1_684' title='bbox 1140 4406 1214 4476; x_wconf 91' lang='lat' dir='ltr'><strong>quod</strong></span> <span class='ocrx_word' id='word_1_685' title='bbox 1234 4404 1386 4460; x_wconf 81' lang='lat' dir='ltr'><strong>cainanitio</strong></span> <span class='ocrx_word' id='word_1_686' title='bbox 1400 4404 1510 4460; x_wconf 80' lang='lat' dir='ltr'><strong>Christo</strong></span> <span class='ocrx_word' id='word_1_687' title='bbox 1529 4424 1584 4460; x_wconf 79' lang='lat' dir='ltr'><strong>saon</strong></span> <span class='ocrx_word' id='word_1_688' title='bbox 1602 4408 1759 4463; x_wconf 77' lang='lat' dir='ltr'><strong>secundum</strong></span> <span class='ocrx_word' id='word_1_689' title='bbox 1775 4410 1887 4464; x_wconf 74' lang='lat' dir='ltr'><strong>dimaon</strong></span> 
     </span>
     <span class='ocr_line' id='line_1_49' title="bbox 194 4489 1887 4563; baseline 0.003 -21"><span class='ocrx_word' id='word_1_690' title='bbox 194 4506 301 4558; x_wconf 81' lang='lat' dir='ltr'><strong>perere,</strong></span> <span class='ocrx_word' id='word_1_691' title='bbox 329 4496 350 4546; x_wconf 90' lang='lat'><strong>1.</strong></span> <span class='ocrx_word' id='word_1_692' title='bbox 375 4490 438 4548; x_wconf 86' lang='lat' dir='ltr'><strong>Cor.</strong></span> <span class='ocrx_word' id='word_1_693' title='bbox 465 4499 510 4559; x_wconf 84' lang='lat'><strong>15,</strong></span> <span class='ocrx_word' id='word_1_694' title='bbox 533 4506 558 4546; x_wconf 72' lang='lat' dir='ltr'><strong>r.</strong></span> <span class='ocrx_word' id='word_1_695' title='bbox 585 4497 626 4546; x_wconf 79' lang='lat'><strong>50.</strong></span> <span class='ocrx_word' id='word_1_696' title='bbox 671 4489 769 4563; x_wconf 89' lang='lat' dir='ltr'><strong>Neque</strong></span> <span class='ocrx_word' id='word_1_697' title='bbox 792 4489 866 4546; x_wconf 88' lang='lat' dir='ltr'><strong>euim</strong></span> <span class='ocrx_word' id='word_1_698' title='bbox 890 4493 1032 4563; x_wconf 90' lang='lat' dir='ltr'><strong>apostolus</strong></span> <span class='ocrx_word' id='word_1_699' title='bbox 1060 4509 1109 4546; x_wconf 84' lang='grc' dir='ltr'>ιιιι</span> <span class='ocrx_word' id='word_1_700' title='bbox 1133 4494 1283 4546; x_wconf 83' lang='lat' dir='ltr'><strong>secundum</strong></span> <span class='ocrx_word' id='word_1_701' title='bbox 1309 4500 1469 4562; x_wconf 85' lang='lat' dir='ltr'><strong>utramque,</strong></span> <span class='ocrx_word' id='word_1_702' title='bbox 1495 4495 1546 4547; x_wconf 83' lang='lat' dir='ltr'><strong>sed</strong></span> <span class='ocrx_word' id='word_1_703' title='bbox 1572 4495 1727 4549; x_wconf 83' lang='lat' dir='ltr'><strong>secundum</strong></span> <span class='ocrx_word' id='word_1_704' title='bbox 1747 4496 1887 4551; x_wconf 75' lang='lat' dir='ltr'><strong>tamenn</strong></span> 
     </span>
     <span class='ocr_line' id='line_1_50' title="bbox 193 4571 1889 4650; baseline 0.004 -21"><span class='ocrx_word' id='word_1_705' title='bbox 193 4574 324 4649; x_wconf 81' lang='grc' dir='ltr'>ὁμοίωμα</span> <span class='ocrx_word' id='word_1_706' title='bbox 348 4576 418 4632; x_wconf 86' lang='lat' dir='ltr'><strong>illud</strong></span> <span class='ocrx_word' id='word_1_707' title='bbox 442 4577 559 4650; x_wconf 87' lang='lat' dir='ltr'><strong>opponit</strong></span> <span class='ocrx_word' id='word_1_708' title='bbox 580 4577 690 4634; x_wconf 73' lang='lat' dir='ltr'><strong>serien</strong></span> <span class='ocrx_word' id='word_1_709' title='bbox 714 4577 853 4634; x_wconf 83' lang='lat' dir='ltr'><strong>humanae</strong></span> <span class='ocrx_word' id='word_1_710' title='bbox 874 4577 904 4633; x_wconf 89' lang='lat' dir='ltr'><strong>in</strong></span> <span class='ocrx_word' id='word_1_711' title='bbox 922 4577 1032 4634; x_wconf 79' lang='lat' dir='ltr'><strong>Christo</strong></span> <span class='ocrx_word' id='word_1_712' title='bbox 1061 4576 1200 4634; x_wconf 63' lang='lat' dir='ltr'><strong>natssrurn&#39;</strong></span> <span class='ocrx_word' id='word_1_713' title='bbox 1213 4579 1249 4632; x_wconf 80' lang='lat' dir='ltr'><strong>sit</strong></span> <span class='ocrx_word' id='word_1_714' title='bbox 1276 4571 1435 4635; x_wconf 68' lang='lat' dir='ltr'><strong>tribuentia.</strong></span> <span class='ocrx_word' id='word_1_715' title='bbox 1479 4581 1633 4638; x_wconf 79' lang='lat' dir='ltr'><strong>Probumus</strong></span> <span class='ocrx_word' id='word_1_716' title='bbox 1658 4580 1713 4636; x_wconf 90' lang='lat' dir='ltr'><strong>hoc</strong></span> <span class='ocrx_word' id='word_1_717' title='bbox 1739 4589 1762 4639; x_wconf 91' lang='lat' dir='ltr'><strong>l.</strong></span> <span class='ocrx_word' id='word_1_718' title='bbox 1784 4601 1816 4638; x_wconf 80' lang='lat' dir='ltr'><strong>ec</strong></span> <span class='ocrx_word' id='word_1_719' title='bbox 1831 4582 1889 4650; x_wconf 75' lang='lat' dir='ltr'><strong>defi-</strong></span> 
     </span>
     <span class='ocr_line' id='line_1_51' title="bbox 193 4663 1889 4742; baseline 0.002 -26"><span class='ocrx_word' id='word_1_720' title='bbox 193 4669 324 4728; x_wconf 87' lang='lat' dir='ltr'><strong>nsturae‚</strong></span> <span class='ocrx_word' id='word_1_721' title='bbox 347 4679 399 4718; x_wconf 87' lang='lat' dir='ltr'><strong>nec</strong></span> <span class='ocrx_word' id='word_1_722' title='bbox 417 4664 589 4736; x_wconf 90' lang='lat' dir='ltr'><strong>propositum</strong></span> <span class='ocrx_word' id='word_1_723' title='bbox 607 4670 650 4720; x_wconf 91' lang='lat' dir='ltr'><strong>est</strong></span> <span class='ocrx_word' id='word_1_724' title='bbox 669 4663 695 4721; x_wconf 84' lang='lat' dir='ltr'><strong>ei</strong></span> <span class='ocrx_word' id='word_1_725' title='bbox 714 4665 818 4735; x_wconf 72' lang='lat' dir='ltr'><strong>dicae,</strong></span> <span class='ocrx_word' id='word_1_726' title='bbox 837 4665 927 4735; x_wconf 88' lang='lat' dir='ltr'><strong>qualis</strong></span> <span class='ocrx_word' id='word_1_727' title='bbox 947 4665 1032 4721; x_wconf 84' lang='lat' dir='ltr'><strong>fuerit</strong></span> <span class='ocrx_word' id='word_1_728' title='bbox 1060 4667 1173 4720; x_wconf 80' lang='lat' dir='ltr'><strong>uitione.</strong></span> <span class='ocrx_word' id='word_1_729' title='bbox 1208 4663 1366 4721; x_wconf 83' lang='lat' dir='ltr'><strong>Exinanitio</strong></span> <span class='ocrx_word' id='word_1_730' title='bbox 1391 4666 1523 4723; x_wconf 88' lang='lat' dir='ltr'><strong>definitur</strong></span> <span class='ocrx_word' id='word_1_731' title='bbox 1544 4669 1580 4722; x_wconf 87' lang='lat' dir='ltr'><strong>ah</strong></span> <span class='ocrx_word' id='word_1_732' title='bbox 1600 4668 1746 4739; x_wconf 88' lang='lat' dir='ltr'><strong>apostolo,</strong></span> <span class='ocrx_word' id='word_1_733' title='bbox 1771 4669 1840 4742; x_wconf 91' lang='lat' dir='ltr'><strong>quod</strong></span> <span class='ocrx_word' id='word_1_734' title='bbox 1856 4665 1889 4720; x_wconf 88' lang='lat' dir='ltr'><strong>sit</strong></span> 
     </span>
     <span class='ocr_line' id='line_1_52' title="bbox 80 4748 1889 4821; baseline 0.002 -17"><span class='ocrx_word' id='word_1_735' title='bbox 80 4804 83 4815; x_wconf 73' lang='grc'><strong>,</strong></span> <span class='ocrx_word' id='word_1_736' title='bbox 169 4766 171 4770; x_wconf 93' lang='grc'><em>·</em></span> <span class='ocrx_word' id='word_1_737' title='bbox 194 4757 294 4805; x_wconf 89' lang='lat' dir='ltr'><strong>natura</strong></span> <span class='ocrx_word' id='word_1_738' title='bbox 314 4748 418 4806; x_wconf 81' lang='lat' dir='ltr'><strong>Christi</strong></span> <span class='ocrx_word' id='word_1_739' title='bbox 442 4750 564 4806; x_wconf 88' lang='lat' dir='ltr'><strong>hnmana</strong></span> <span class='ocrx_word' id='word_1_740' title='bbox 586 4751 694 4806; x_wconf 90' lang='lat' dir='ltr'><strong>ratione</strong></span> <span class='ocrx_word' id='word_1_741' title='bbox 719 4768 787 4807; x_wconf 90' lang='lat' dir='ltr'><strong>suae</strong></span> <span class='ocrx_word' id='word_1_742' title='bbox 811 4752 960 4821; x_wconf 86' lang='lat' dir='ltr'><strong>esseutiae,</strong></span> <span class='ocrx_word' id='word_1_743' title='bbox 980 4753 1033 4807; x_wconf 88' lang='lat' dir='ltr'><strong>sed</strong></span> <span class='ocrx_word' id='word_1_744' title='bbox 1059 4753 1129 4809; x_wconf 85' lang='lat' dir='ltr'><strong>Jesu</strong></span> <span class='ocrx_word' id='word_1_745' title='bbox 1141 4750 1242 4807; x_wconf 87' lang='lat' dir='ltr'><strong>Christi</strong></span> <span class='ocrx_word' id='word_1_746' title='bbox 1260 4751 1288 4807; x_wconf 92' lang='lat' dir='ltr'><strong>in</strong></span> <span class='ocrx_word' id='word_1_747' title='bbox 1307 4752 1396 4808; x_wconf 82' lang='lat' dir='ltr'><strong>forma</strong></span> <span class='ocrx_word' id='word_1_748' title='bbox 1416 4753 1507 4809; x_wconf 85' lang='lat' dir='ltr'><strong>servili</strong></span> <span class='ocrx_word' id='word_1_749' title='bbox 1525 4753 1637 4808; x_wconf 91' lang='lat' dir='ltr'><strong>humilis</strong></span> <span class='ocrx_word' id='word_1_750' title='bbox 1656 4754 1818 4812; x_wconf 81' lang='lat' dir='ltr'><strong>obedientis</strong></span> <span class='ocrx_word' id='word_1_751' title='bbox 1836 4754 1889 4808; x_wconf 85' lang='lat' dir='ltr'><strong>sire</strong></span> 
     </span>
     <span class='ocr_line' id='line_1_53' title="bbox 194 4835 1891 4912; baseline 0.005 -21"><span class='ocrx_word' id='word_1_752' title='bbox 194 4835 306 4909; x_wconf 88' lang='lat' dir='ltr'><strong>qualem</strong></span> <span class='ocrx_word' id='word_1_753' title='bbox 336 4853 397 4893; x_wconf 87' lang='lat' dir='ltr'><strong>sese</strong></span> <span class='ocrx_word' id='word_1_754' title='bbox 422 4836 548 4892; x_wconf 73' lang='lat' dir='ltr'><strong>Christum</strong></span> <span class='ocrx_word' id='word_1_755' title='bbox 580 4846 704 4910; x_wconf 87' lang='lat' dir='ltr'><strong>tempore</strong></span> <span class='ocrx_word' id='word_1_756' title='bbox 737 4836 931 4893; x_wconf 87' lang='lat' dir='ltr'><strong>exinanitionis</strong></span> <span class='ocrx_word' id='word_1_757' title='bbox 963 4838 1034 4893; x_wconf 85' lang='lat' dir='ltr'><strong>inter</strong></span> <span class='ocrx_word' id='word_1_758' title='bbox 1060 4838 1196 4910; x_wconf 89' lang='lat' dir='ltr'><strong>subjectio</strong></span> <span class='ocrx_word' id='word_1_759' title='bbox 1214 4855 1304 4910; x_wconf 91' lang='lat' dir='ltr'><strong>usque</strong></span> <span class='ocrx_word' id='word_1_760' title='bbox 1320 4839 1357 4894; x_wconf 87' lang='lat' dir='ltr'><strong>ad</strong></span> <span class='ocrx_word' id='word_1_761' title='bbox 1376 4846 1491 4895; x_wconf 88' lang='lat' dir='ltr'><strong>mortem</strong></span> <span class='ocrx_word' id='word_1_762' title='bbox 1510 4839 1615 4906; x_wconf 88' lang='lat' dir='ltr'><strong>crucis,</strong></span> <span class='ocrx_word' id='word_1_763' title='bbox 1638 4840 1716 4897; x_wconf 91' lang='lat' dir='ltr'><strong>unde</strong></span> <span class='ocrx_word' id='word_1_764' title='bbox 1736 4843 1778 4899; x_wconf 90' lang='lat' dir='ltr'><strong>sic</strong></span> <span class='ocrx_word' id='word_1_765' title='bbox 1794 4838 1891 4912; x_wconf 79' lang='lat' dir='ltr'><strong>colligi·</strong></span> 
     </span>
     <span class='ocr_line' id='line_1_54' title="bbox 193 4921 1890 4997; baseline 0.004 -21"><span class='ocrx_word' id='word_1_766' title='bbox 193 4921 318 4979; x_wconf 89' lang='lat' dir='ltr'><strong>homines</strong></span> <span class='ocrx_word' id='word_1_767' title='bbox 337 4922 412 4997; x_wconf 66' lang='lat' dir='ltr'><strong>etin</strong></span> <span class='ocrx_word' id='word_1_768' title='bbox 432 4922 639 4979; x_wconf 86' lang='lat' dir='ltr'><strong>conversatione</strong></span> <span class='ocrx_word' id='word_1_769' title='bbox 656 4922 730 4978; x_wconf 83' lang='lat' dir='ltr'><strong>ritae</strong></span> <span class='ocrx_word' id='word_1_770' title='bbox 748 4923 878 4996; x_wconf 86' lang='lat' dir='ltr'><strong>gesserit,</strong></span> <span class='ocrx_word' id='word_1_771' title='bbox 904 4924 1035 4982; x_wconf 83' lang='lat' dir='ltr'><strong>videlicet</strong></span> <span class='ocrx_word' id='word_1_772' title='bbox 1059 4925 1158 4997; x_wconf 90' lang='lat' dir='ltr'><strong>gimus.</strong></span> <span class='ocrx_word' id='word_1_773' title='bbox 1200 4924 1358 4981; x_wconf 86' lang='lat' dir='ltr'><strong>Secundum</strong></span> <span class='ocrx_word' id='word_1_774' title='bbox 1380 4941 1463 4996; x_wconf 87' lang='lat' dir='ltr'><strong>quam</strong></span> <span class='ocrx_word' id='word_1_775' title='bbox 1486 4930 1613 4980; x_wconf 88' lang='lat' dir='ltr'><strong>naturam</strong></span> <span class='ocrx_word' id='word_1_776' title='bbox 1635 4925 1766 4985; x_wconf 87' lang='lat' dir='ltr'><strong>Christus</strong></span> <span class='ocrx_word' id='word_1_777' title='bbox 1786 4935 1826 4985; x_wconf 89' lang='lat' dir='ltr'><strong>est</strong></span> <span class='ocrx_word' id='word_1_778' title='bbox 1842 4925 1890 4982; x_wconf 90' lang='lat' dir='ltr'><strong>exi·</strong></span> 
     </span>
     <span class='ocr_line' id='line_1_55' title="bbox 194 5007 1891 5084; baseline 0.002 -19"><span class='ocrx_word' id='word_1_779' title='bbox 194 5010 269 5081; x_wconf 91' lang='lat' dir='ltr'><strong>quod</strong></span> <span class='ocrx_word' id='word_1_780' title='bbox 298 5009 389 5067; x_wconf 81' lang='lat' dir='ltr'><strong>fuerit</strong></span> <span class='ocrx_word' id='word_1_781' title='bbox 410 5007 597 5084; x_wconf 74' lang='grc' dir='ltr'>ὁμοιοπαθής,</span> <span class='ocrx_word' id='word_1_782' title='bbox 629 5007 704 5080; x_wconf 93' lang='lat' dir='ltr'><strong>quod</strong></span> <span class='ocrx_word' id='word_1_783' title='bbox 732 5008 836 5065; x_wconf 91' lang='lat' dir='ltr'><strong>similes</strong></span> <span class='ocrx_word' id='word_1_784' title='bbox 864 5009 1035 5081; x_wconf 84' lang='lat' dir='ltr'><strong>affectiones,</strong></span> <span class='ocrx_word' id='word_1_785' title='bbox 1061 5010 1187 5080; x_wconf 91' lang='lat' dir='ltr'><strong>nanitus,</strong></span> <span class='ocrx_word' id='word_1_786' title='bbox 1212 5010 1364 5067; x_wconf 89' lang='lat' dir='ltr'><strong>secundum</strong></span> <span class='ocrx_word' id='word_1_787' title='bbox 1382 5010 1498 5066; x_wconf 89' lang='lat' dir='ltr'><strong>eandem</strong></span> <span class='ocrx_word' id='word_1_788' title='bbox 1516 5009 1570 5066; x_wconf 88' lang='lat' dir='ltr'><strong>fuit</strong></span> <span class='ocrx_word' id='word_1_789' title='bbox 1587 5011 1749 5083; x_wconf 86' lang='lat' dir='ltr'><strong>mutabilis,</strong></span> <span class='ocrx_word' id='word_1_790' title='bbox 1771 5014 1824 5070; x_wconf 83' lang='lat' dir='ltr'><strong>fuit</strong></span> <span class='ocrx_word' id='word_1_791' title='bbox 1841 5030 1891 5068; x_wconf 91' lang='lat' dir='ltr'><strong>ser·</strong></span> 
     </span>
     <span class='ocr_line' id='line_1_56' title="bbox 195 5094 1891 5178; baseline 0.001 -26"><span class='ocrx_word' id='word_1_792' title='bbox 195 5097 291 5168; x_wconf 87' lang='lat' dir='ltr'><strong>quales</strong></span> <span class='ocrx_word' id='word_1_793' title='bbox 309 5096 394 5152; x_wconf 88' lang='lat' dir='ltr'><strong>ceteri</strong></span> <span class='ocrx_word' id='word_1_794' title='bbox 412 5095 536 5152; x_wconf 92' lang='lat' dir='ltr'><strong>homines</strong></span> <span class='ocrx_word' id='word_1_795' title='bbox 556 5095 702 5164; x_wconf 89' lang='lat' dir='ltr'><strong>sustinent,</strong></span> <span class='ocrx_word' id='word_1_796' title='bbox 720 5094 750 5149; x_wconf 92' lang='lat' dir='ltr'><strong>in</strong></span> <span class='ocrx_word' id='word_1_797' title='bbox 768 5111 882 5166; x_wconf 88' lang='lat' dir='ltr'><strong>corpore</strong></span> <span class='ocrx_word' id='word_1_798' title='bbox 902 5102 930 5152; x_wconf 91' lang='lat' dir='ltr'><strong>et</strong></span> <span class='ocrx_word' id='word_1_799' title='bbox 941 5097 1034 5152; x_wconf 87' lang='lat' dir='ltr'><strong>anima</strong></span> <span class='ocrx_word' id='word_1_800' title='bbox 1061 5115 1120 5165; x_wconf 88' lang='lat' dir='ltr'><strong>vus,</strong></span> <span class='ocrx_word' id='word_1_801' title='bbox 1138 5096 1192 5153; x_wconf 84' lang='lat' dir='ltr'><strong>suit</strong></span> <span class='ocrx_word' id='word_1_802' title='bbox 1208 5097 1237 5151; x_wconf 92' lang='lat' dir='ltr'><strong>in</strong></span> <span class='ocrx_word' id='word_1_803' title='bbox 1256 5113 1337 5153; x_wconf 91' lang='lat' dir='ltr'><strong>cruce</strong></span> <span class='ocrx_word' id='word_1_804' title='bbox 1354 5103 1485 5153; x_wconf 90' lang='lat' dir='ltr'><strong>mortuus.</strong></span> <span class='ocrx_word' id='word_1_805' title='bbox 1520 5098 1585 5178; x_wconf 66' lang='lat' dir='ltr'><strong>‚Iam</strong></span> <span class='ocrx_word' id='word_1_806' title='bbox 1597 5115 1664 5153; x_wconf 80' lang='lat' dir='ltr'><strong>vero</strong></span> <span class='ocrx_word' id='word_1_807' title='bbox 1676 5116 1734 5156; x_wconf 91' lang='lat' dir='ltr'><strong>non</strong></span> <span class='ocrx_word' id='word_1_808' title='bbox 1747 5100 1891 5158; x_wconf 90' lang='lat' dir='ltr'><strong>secundum</strong></span> 
     </span>
     <span class='ocr_line' id='line_1_57' title="bbox 195 5180 1890 5255; baseline 0.002 -17"><span class='ocrx_word' id='word_1_809' title='bbox 195 5181 280 5239; x_wconf 81' lang='lat' dir='ltr'><strong>fuerit</strong></span> <span class='ocrx_word' id='word_1_810' title='bbox 296 5196 452 5255; x_wconf 85' lang='lat' dir='ltr'><strong>perpessus.</strong></span> <span class='ocrx_word' id='word_1_811' title='bbox 489 5180 529 5239; x_wconf 89' lang='lat' dir='ltr'><strong>Ut</strong></span> <span class='ocrx_word' id='word_1_812' title='bbox 545 5180 632 5238; x_wconf 86' lang='lat' dir='ltr'><strong>Hebr.</strong></span> <span class='ocrx_word' id='word_1_813' title='bbox 653 5187 686 5248; x_wconf 88' lang='lat'><strong>2,</strong></span> <span class='ocrx_word' id='word_1_814' title='bbox 712 5195 738 5236; x_wconf 87' lang='lat' dir='ltr'><strong>v.</strong></span> <span class='ocrx_word' id='word_1_815' title='bbox 766 5187 805 5238; x_wconf 80' lang='grc'>17.</span> <span class='ocrx_word' id='word_1_816' title='bbox 825 5182 939 5252; x_wconf 89' lang='lat' dir='ltr'><strong>dicitur,</strong></span> <span class='ocrx_word' id='word_1_817' title='bbox 959 5184 1035 5255; x_wconf 89' lang='lat' dir='ltr'><strong>quod</strong></span> <span class='ocrx_word' id='word_1_818' title='bbox 1060 5183 1194 5253; x_wconf 85' lang='lat' dir='ltr'><strong>divinam,</strong></span> <span class='ocrx_word' id='word_1_819' title='bbox 1213 5183 1262 5238; x_wconf 88' lang='lat' dir='ltr'><strong>sed</strong></span> <span class='ocrx_word' id='word_1_820' title='bbox 1280 5184 1433 5240; x_wconf 87' lang='lat' dir='ltr'><strong>secundum</strong></span> <span class='ocrx_word' id='word_1_821' title='bbox 1450 5186 1599 5242; x_wconf 90' lang='lat' dir='ltr'><strong>humanam</strong></span> <span class='ocrx_word' id='word_1_822' title='bbox 1618 5193 1751 5242; x_wconf 83' lang='lat' dir='ltr'><strong>naturam</strong></span> <span class='ocrx_word' id='word_1_823' title='bbox 1770 5187 1823 5243; x_wconf 82' lang='lat' dir='ltr'><strong>fuit</strong></span> <span class='ocrx_word' id='word_1_824' title='bbox 1838 5204 1890 5241; x_wconf 92' lang='lat' dir='ltr'><strong>mu·</strong></span> 
     </span>
     <span class='ocr_line' id='line_1_58' title="bbox 196 5264 1892 5346; baseline 0.003 -23"><span class='ocrx_word' id='word_1_825' title='bbox 196 5268 293 5325; x_wconf 88' lang='lat' dir='ltr'><strong>debuit</strong></span> <span class='ocrx_word' id='word_1_826' title='bbox 312 5284 362 5342; x_wconf 89' lang='lat' dir='ltr'><strong>per</strong></span> <span class='ocrx_word' id='word_1_827' title='bbox 381 5268 474 5325; x_wconf 87' lang='lat' dir='ltr'><strong>omnia</strong></span> <span class='ocrx_word' id='word_1_828' title='bbox 491 5267 625 5324; x_wconf 79' lang='lat' dir='ltr'><strong>frutribus</strong></span> <span class='ocrx_word' id='word_1_829' title='bbox 645 5264 836 5339; x_wconf 73' lang='grc' dir='ltr'>ὁμοιωθῆναι,</span> <span class='ocrx_word' id='word_1_830' title='bbox 856 5288 880 5327; x_wconf 90' lang='lat' dir='ltr'><strong>c.</strong></span> <span class='ocrx_word' id='word_1_831' title='bbox 900 5279 924 5342; x_wconf 82' lang='grc'><strong>4,</strong></span> <span class='ocrx_word' id='word_1_832' title='bbox 943 5287 970 5328; x_wconf 82' lang='lat' dir='ltr'><strong>v.</strong></span> <span class='ocrx_word' id='word_1_833' title='bbox 994 5279 1034 5327; x_wconf 84' lang='lat'><strong>15.</strong></span> <span class='ocrx_word' id='word_1_834' title='bbox 1060 5270 1160 5341; x_wconf 84' lang='lat' dir='ltr'><strong>tabilis,</strong></span> <span class='ocrx_word' id='word_1_835' title='bbox 1186 5286 1281 5326; x_wconf 82' lang='lat' dir='ltr'><strong>servus</strong></span> <span class='ocrx_word' id='word_1_836' title='bbox 1296 5275 1325 5326; x_wconf 91' lang='grc' dir='ltr'><strong>ιι</strong></span> <span class='ocrx_word' id='word_1_837' title='bbox 1342 5270 1370 5325; x_wconf 90' lang='lat' dir='ltr'><strong>in</strong></span> <span class='ocrx_word' id='word_1_838' title='bbox 1389 5288 1470 5327; x_wconf 88' lang='lat' dir='ltr'><strong>cruce</strong></span> <span class='ocrx_word' id='word_1_839' title='bbox 1486 5276 1618 5329; x_wconf 88' lang='lat' dir='ltr'><strong>mortuus.</strong></span> <span class='ocrx_word' id='word_1_840' title='bbox 1654 5271 1735 5346; x_wconf 87' lang='lat' dir='ltr'><strong>Ergo</strong></span> <span class='ocrx_word' id='word_1_841' title='bbox 1756 5275 1838 5330; x_wconf 89' lang='lat' dir='ltr'><strong>etiam</strong></span> <span class='ocrx_word' id='word_1_842' title='bbox 1856 5289 1892 5328; x_wconf 82' lang='lat' dir='ltr'><strong>se</strong></span> 
     </span>
    </p>
   </div>
   <div class='ocr_carea' id='block_1_3' title="bbox 135 5351 1893 5609">
    <p class='ocr_par' dir='ltr' id='par_1_3' title="bbox 135 5351 1893 5609">
     <span class='ocr_line' id='line_1_59' title="bbox 196 5351 1893 5433; baseline 0.004 -23"><span class='ocrx_word' id='word_1_843' title='bbox 196 5360 398 5430; x_wconf 70' lang='lat' dir='ltr'><strong>reserpentem</strong></span> <span class='ocrx_word' id='word_1_844' title='bbox 416 5352 484 5411; x_wconf 76' lang='grc' dir='ltr'><strong>κατὰ</strong></span> <span class='ocrx_word' id='word_1_845' title='bbox 497 5354 589 5413; x_wconf 71' lang='grc' dir='ltr'><em>πάντα</em></span> <span class='ocrx_word' id='word_1_846' title='bbox 603 5351 664 5411; x_wconf 76' lang='grc' dir='ltr'><strong>καθ’</strong></span> <span class='ocrx_word' id='word_1_847' title='bbox 679 5353 829 5426; x_wconf 80' lang='grc' dir='ltr'>ὁμοιότητα</span> <span class='ocrx_word' id='word_1_848' title='bbox 837 5362 925 5433; x_wconf 76' lang='grc' dir='ltr'><em>χωρὶς</em></span> <span class='ocrx_word' id='word_1_849' title='bbox 940 5357 1033 5433; x_wconf 77' lang='grc' dir='ltr'>ἀμοιρ-</span> <span class='ocrx_word' id='word_1_850' title='bbox 1059 5356 1181 5412; x_wconf 89' lang='lat' dir='ltr'><strong>cundum</strong></span> <span class='ocrx_word' id='word_1_851' title='bbox 1200 5356 1317 5413; x_wconf 87' lang='lat' dir='ltr'><strong>eandem</strong></span> <span class='ocrx_word' id='word_1_852' title='bbox 1333 5357 1503 5429; x_wconf 62' lang='lat' dir='ltr'><strong>exinanitum</strong></span> <span class='ocrx_word' id='word_1_853' title='bbox 1529 5362 1552 5417; x_wconf 83' lang='lat'><strong>2.</strong></span> <span class='ocrx_word' id='word_1_854' title='bbox 1573 5377 1607 5413; x_wconf 83' lang='lat' dir='ltr'><strong>ea</strong></span> <span class='ocrx_word' id='word_1_855' title='bbox 1627 5361 1817 5432; x_wconf 83' lang='lat' dir='ltr'><strong>oppositione.</strong></span> <span class='ocrx_word' id='word_1_856' title='bbox 1853 5359 1893 5416; x_wconf 80' lang='lat' dir='ltr'><strong>Se</strong></span> 
     </span>
     <span class='ocr_line' id='line_1_60' title="bbox 164 5433 1891 5519; baseline 0.003 -20"><span class='ocrx_word' id='word_1_857' title='bbox 164 5433 168 5444; x_wconf 57' lang='lat'><strong>¹</strong></span> <span class='ocrx_word' id='word_1_858' title='bbox 196 5442 267 5512; x_wconf 69' lang='lat' dir='ltr'><strong>sinc,</strong></span> <span class='ocrx_word' id='word_1_859' title='bbox 288 5435 330 5499; x_wconf 86' lang='lat' dir='ltr'><strong>its</strong></span> <span class='ocrx_word' id='word_1_860' title='bbox 350 5459 461 5516; x_wconf 91' lang='lat' dir='ltr'><strong>quoque</strong></span> <span class='ocrx_word' id='word_1_861' title='bbox 482 5441 535 5500; x_wconf 91' lang='lat' dir='ltr'><strong>boc</strong></span> <span class='ocrx_word' id='word_1_862' title='bbox 558 5441 620 5499; x_wconf 89' lang='lat' dir='ltr'><strong>loco</strong></span> <span class='ocrx_word' id='word_1_863' title='bbox 644 5442 674 5497; x_wconf 78' lang='lat' dir='ltr'><strong>tn</strong></span> <span class='ocrx_word' id='word_1_864' title='bbox 693 5442 849 5519; x_wconf 80' lang='grc' dir='ltr'>ὁμοιώμαιι</span> <span class='ocrx_word' id='word_1_865' title='bbox 871 5444 1031 5516; x_wconf 74' lang='grc' dir='ltr'><strong>ἀνθρώπων</strong></span> <span class='ocrx_word' id='word_1_866' title='bbox 1059 5444 1180 5500; x_wconf 89' lang='lat' dir='ltr'><strong>cundum</strong></span> <span class='ocrx_word' id='word_1_867' title='bbox 1216 5461 1300 5516; x_wconf 91' lang='lat' dir='ltr'><strong>quam</strong></span> <span class='ocrx_word' id='word_1_868' title='bbox 1337 5449 1464 5500; x_wconf 88' lang='lat' dir='ltr'><strong>naturam</strong></span> <span class='ocrx_word' id='word_1_869' title='bbox 1492 5443 1618 5500; x_wconf 82' lang='lat' dir='ltr'><strong>Christus</strong></span> <span class='ocrx_word' id='word_1_870' title='bbox 1653 5453 1696 5502; x_wconf 88' lang='lat' dir='ltr'><strong>est</strong></span> <span class='ocrx_word' id='word_1_871' title='bbox 1732 5448 1891 5514; x_wconf 77' lang='lat' dir='ltr'><strong>exinanitur,</strong></span> 
     </span>
     <span class='ocr_line' id='line_1_61' title="bbox 135 5522 1890 5609; baseline 0.005 -23"><span class='ocrx_word' id='word_1_872' title='bbox 135 5538 139 5545; x_wconf 87' lang='lat'>&#39;</span> <span class='ocrx_word' id='word_1_873' title='bbox 168 5538 170 5543; x_wconf 88' lang='lat'>&#39;</span> <span class='ocrx_word' id='word_1_874' title='bbox 193 5530 343 5606; x_wconf 72' lang='grc' dir='ltr'><strong>γενόμενος</strong></span> <span class='ocrx_word' id='word_1_875' title='bbox 359 5535 405 5586; x_wconf 77' lang='lat' dir='ltr'><strong>cet</strong></span> <span class='ocrx_word' id='word_1_876' title='bbox 419 5527 516 5605; x_wconf 84' lang='grc' dir='ltr'>ὅμοιος</span> <span class='ocrx_word' id='word_1_877' title='bbox 526 5522 687 5607; x_wconf 64' lang='grc' dir='ltr'>ἀνθρώποις</span> <span class='ocrx_word' id='word_1_878' title='bbox 696 5530 856 5602; x_wconf 74' lang='grc' dir='ltr'><strong>γενόμενος.</strong></span> <span class='ocrx_word' id='word_1_879' title='bbox 886 5532 1028 5591; x_wconf 66' lang='lat' dir='ltr'><strong>Camerti.</strong></span> <span class='ocrx_word' id='word_1_880' title='bbox 1058 5531 1211 5591; x_wconf 77' lang='lat' dir='ltr'><strong>secundum</strong></span> <span class='ocrx_word' id='word_1_881' title='bbox 1229 5529 1346 5587; x_wconf 77' lang='lat' dir='ltr'><strong>eandem</strong></span> <span class='ocrx_word' id='word_1_882' title='bbox 1364 5530 1448 5590; x_wconf 81' lang='lat' dir='ltr'><strong>etiam</strong></span> <span class='ocrx_word' id='word_1_883' title='bbox 1465 5531 1615 5603; x_wconf 67' lang='lat' dir='ltr'><strong>exaltatus,</strong></span> <span class='ocrx_word' id='word_1_884' title='bbox 1639 5536 1671 5588; x_wconf 85' lang='lat' dir='ltr'><strong>ut</strong></span> <span class='ocrx_word' id='word_1_885' title='bbox 1690 5535 1816 5593; x_wconf 76' lang='lat' dir='ltr'><strong>ostendit</strong></span> <span class='ocrx_word' id='word_1_886' title='bbox 1832 5549 1890 5609; x_wconf 75' lang='lat' dir='ltr'><strong>pur·</strong></span> 
     </span>
    </p>
   </div>
   <div class='ocr_carea' id='block_1_4' title="bbox 0 0 2005 6020">
    <p class='ocr_par' dir='ltr' id='par_1_4' title="bbox 0 0 2005 6020">
     <span class='ocr_line' id='line_1_62' title="bbox 0 0 2005 6020; baseline 0 0"><span class='ocrx_word' id='word_1_887' title='bbox 0 0 2005 6020; x_wconf 95' lang='lat' dir='ltr'><strong> </strong></span> 
     </span>
    </p>
   </div>
  </div>
 </body>
</html>
