3984 6022
603 273 913 333 ornumornum
931 245 1083 332 orricio
1101 275 1262 332 cumam.
1728 286 1788 348 sss
1885 276 1887 281 ’

92 430 274 501 Λόγον-ποι
294 430 458 503 phantasma
475 430 589 502 aliquod
607 446 656 486 sen
674 429 844 500 spiritualem
864 430 927 486 sub·
953 431 1075 500 jusmodi
1105 431 1177 487 enim
1201 429 1340 486 defectus:
1370 447 1456 498 mors,
1489 430 1591 500 fames,
1623 432 1697 500 sitis,
1727 442 1792 493 aunt

93 517 239 585 stantiam,
264 519 312 573 sed
335 535 429 573 verum
459 535 557 589 corpus
574 517 724 572 humanum
742 533 824 573 carne
841 524 870 574 ot
886 536 929 574 os·
954 534 1061 588 poenae
1079 518 1195 588 peccati,
1212 519 1272 589 jam
1291 534 1365 587 sero,
1387 518 1435 589 qui
1452 518 1561 588 peccati
1578 536 1695 590 poenam
1712 521 1742 576 in
1759 539 1791 578 se

92 605 168 659 sibus
198 610 340 668 constans,
371 606 496 677 adeoque
525 621 618 660 veram
646 604 784 661 humanae
812 609 929 660 naturae
955 605 1088 675 suscepit,
1117 622 1167 675 pro
1193 603 1315 674 peccatis
1342 602 1442 658 nosuis
1469 603 1610 659 satisfecit
1653 605 1790 677 Secundo,

91 690 276 745 substantiam
293 692 469 762 assumsisse,
487 709 552 747 nam
570 691 639 746 Luc.
658 696 704 755 21,
724 709 749 745 v.
769 695 809 747 39.
836 692 928 762 Spiri-
954 698 985 745 ut
1009 690 1153 746 veritatem
1179 695 1318 745 assumtae
1342 695 1459 745 naturae
1483 688 1620 745 humanae
1644 690 1672 745 in
1692 685 1790 749 animis

91 785 135 830 tas
156 785 184 831 st
206 795 273 831 cano
296 776 350 832 sibi
374 778 490 834 invicem
514 783 708 850 opponuntur3
736 781 761 833 3.
784 783 816 832 ut
841 777 927 833 consi·
954 776 1054 831 nostris
1076 777 1175 832 fortius
1198 775 1350 845 stabiliret,
1378 776 1444 847 quia
1467 782 1566 831 natura
1588 776 1710 832 humana
1734 796 1790 835 non

91 864 241 919 derandum
278 865 359 920 uobis
396 873 561 937 proponeret
587 865 748 920 immensam
779 863 844 918 Filii
874 863 928 918 Dei
955 862 1034 918 aliter
1059 869 1119 918 erat
1150 868 1215 918 nota
1243 861 1414 930 hominibus,
1446 862 1499 916 nisi
1525 869 1607 934 prout
1634 863 1790 921 defectibus
1831 926 1832 930 1

90 951 248 1020 caritatem,
272 952 346 1023 quod
370 970 432 1008 cum
449 953 571 1024 potuerit
589 950 750 1006 immediate
768 950 928 1021 operatione
954 949 1008 1004 illia
1027 948 1199 1019 subjacebat
1235 947 1344 1019 Tertio,
1371 954 1402 1002 ut
1421 948 1576 1020 exemplum
1594 948 1745 1022 patientias
1761 957 1790 1008 st

11 1041 13 1045 ’
88 1038 124 1092 de
141 1054 213 1092 novo
230 1037 283 1093 sibi
301 1055 394 1094 creare
412 1045 538 1116 natmam
557 1038 706 1093 humanam
724 1037 808 1109 longe
821 1035 926 1092 felicio·
952 1035 1116 1092 tolerantiae
1140 1036 1169 1091 in
1194 1036 1362 1091 sustinendis
1380 1034 1435 1090 illis
1452 1035 1628 1107 passionibus
1647 1036 1727 1092 nobis
1744 1055 1789 1093 er·

88 1140 146 1178 rem
169 1139 202 1177 ac
224 1125 464 1195 praestantiorem,
492 1142 576 1198 quam
600 1123 654 1179 fuit
675 1124 705 1178 in
724 1122 833 1178 Adamo
862 1128 926 1177 ants
953 1123 1067 1179 biberet.
1103 1122 1232 1193 Suscepit
1250 1139 1316 1193 ergo
1333 1139 1381 1177 eas
1398 1122 1435 1176 ad
1456 1128 1579 1178 nostrum
1599 1123 1734 1188 meritum,
1752 1124 1789 1179 ad

88 1211 209 1280 lapsum,
230 1211 358 1266 maluerit
377 1228 409 1266 ex
427 1210 536 1266 homins
563 1219 591 1266 et
614 1210 651 1265 ab
671 1210 781 1265 homine
797 1215 926 1263 naturam
952 1226 1034 1266 verae
1054 1209 1235 1264 humanitatis
1259 1208 1454 1264 documentum
1480 1216 1507 1265 et
1530 1215 1645 1281 propter
1664 1217 1788 1267 nostrum

87 1297 244 1375 humanam,
265 1315 337 1368 quae
354 1303 467 1368 pmpter
485 1296 673 1369 fragilitatem,
694 1295 817 1351 miserias
839 1301 867 1350 et
883 1296 923 1349 in-
952 1296 1114 1368 exemplum.
1150 1296 1226 1351 Addi
1243 1301 1336 1367 potest
1354 1302 1461 1367 quarto,
1479 1303 1512 1350 ut
1528 1313 1579 1368 per
1593 1313 1657 1352 suos
1672 1302 1788 1352 affectus

88 1381 231 1437 firmitates
250 1392 364 1439 vocatur
381 1400 454 1451 caro,
472 1383 578 1454 absque
595 1387 712 1453 peccato
730 1388 831 1450 tamen
850 1398 925 1437 assu·
951 1400 1035 1453 puros
1053 1389 1082 1438 et
1093 1389 1202 1439 sanctos
1216 1382 1384 1453 peccatrices
1397 1388 1505 1437 nostros
1519 1382 1637 1438 affectus
1652 1383 1784 1455 expiaret.

88 1484 174 1535 mere,
198 1468 262 1522 Esa.
289 1476 335 1538 411,
359 1488 384 1523 v.
411 1475 434 1525 6.
454 1469 558 1526 Psalm.
584 1474 629 1538 ts,
652 1486 679 1527 v.
699 1476 746 1537 393
766 1474 790 1523 1.
810 1474 841 1523 ut
862 1485 925 1524 cou-
952 1469 1070 1534 Quinto,
1097 1474 1129 1524 ut
1154 1469 1235 1525 nobis
1265 1468 1354 1540 magis
1378 1468 1576 1524 assimilaretur
1600 1486 1632 1523 ac
1654 1471 1787 1541 majorem

87 1555 262 1611 siderandum
292 1555 370 1609 nobis
402 1561 568 1627 proponeret
597 1555 779 1610 arctissimam
808 1561 926 1609 naturae
952 1556 1082 1611 fiduciam
1110 1557 1140 1610 in
1170 1556 1260 1627 ipsum
1283 1554 1497 1626 collocaremus,
1526 1555 1613 1610 Hebr.
1638 1564 1669 1626 1,
1694 1575 1719 1612 v.
1746 1563 1787 1615 15.

88 1627 282 1714 cognationem
310 1648 339 1696 et
366 1641 649 1713 consanguinitatem,
678 1657 735 1714 qua
759 1640 848 1695 Filius
871 1640 924 1696 Dei
953 1643 1137 1699 Miserationis
1156 1643 1275 1712 affectu,
1293 1659 1349 1696 non
1367 1641 1533 1696 conditionis
1552 1622 1718 1698 decessitats
1739 1659 1787 1698 cus

89 1726 169 1782 nohis
187 1727 321 1800 conjungi
342 1727 442 1796 voluit,
468 1744 502 1781 ea
519 1727 592 1782 enim
611 1727 639 1780 in
657 1726 802 1798 Scriptura
820 1727 860 1782 sic
879 1729 925 1783 de·
952 1730 1094 1800 assumsit3
1107 1728 1324 1801 potuissetenim
1337 1728 1595 1801 esssabsqusillius
1606 1730 1785 1799 vemshomo,

87 1813 171 1869 scribi
199 1813 282 1868 solet:
317 1831 348 1867 os
380 1830 469 1866 meran
497 1822 522 1866 ct
546 1831 614 1867 saro
641 1831 703 1867 mea
728 1822 775 1877 cst,
804 1812 874 1869 Gen.
901 1820 924 1882 2,
952 1816 1024 1871 sicut
1041 1816 1133 1872 Adam
1153 1821 1218 1871 ante
1236 1815 1344 1887 lapsum
1362 1816 1537 1871 vsmuhomo
1554 1815 1615 1870 fuit.
1648 1818 1714 1870 Non
1728 1817 1786 1879 risit

87 1919 112 1954 v.
127 1906 167 1957 23.
184 1917 208 1955 ο.
228 1906 270 1969 23,
287 1918 311 1956 v.
334 1906 373 1956 14.
393 1900 458 1955 Jud.
475 1907 499 1966 o,
517 1919 542 1954 v.
556 1905 579 1955 2.
600 1905 623 1955 2.
643 1899 715 1956 Sam.
731 1907 754 1969 5,
766 1916 792 1956 r.
816 1908 836 1957 1.
852 1899 924 1971 Eph.
952 1904 1128 1971 conditionis,
1141 1905 1193 1956 ssd
1205 1903 1386 1971 ‹iipnationia
1401 1901 1482 1957 Beth.
1496 1920 1575 1958 serm.
1592 1909 1613 1958 1.
1627 1903 1662 1957 de
1673 1919 1786 1958 resurr:

88 1994 117 2053 5,
141 2005 166 2042 v.
185 1991 226 2042 31.
244 1994 296 2041 stc.
332 1986 491 2043 Notandum
508 1988 605 2052 tertio,
627 1986 702 2059 quod
724 1986 847 2054 nomina,
866 1987 925 2059 qui·
952 1988 1788 2059 Partisspsfncnsssstinrirmitatisnostrac,noninpnitatis,

87 2074 140 2129 hus
162 2090 229 2128 vera
247 2073 348 2130 Christi
366 2073 524 2128 humanitus
541 2073 689 2144 probatur,
714 2074 851 2145 quaedam
870 2073 926 2127 sint
951 2085 982 2130 nt
1002 2092 1056 2146 por
1082 2074 1271 2142 infirmitatem
1290 2091 1458 2128 commissam
1477 2075 1595 2128 solverat
1612 2075 1789 2145 iniquitatem

88 2161 237 2230 abstracta,
252 2161 391 2231 quaedam
404 2168 540 2215 concreto.
567 2160 768 2229 Illanatursm,
784 2159 925 2231 haecpsr-
953 2171 1087 2217 nostram.
1124 2160 1244 2232 August.
1266 2160 1347 2232 epist.
1376 2166 1432 2216 112.
1472 2166 1495 2216 4.
1517 2162 1592 2232 quod
1619 2160 1788 2233 disnnguen·

90 2264 184 2302 sonam
204 2245 240 2302 ab
257 2247 379 2301 humana
396 2253 524 2302 naturam
544 2246 749 2303 denominatam
761 2246 924 2318 exprimunt
953 2249 1019 2304 dum
1051 2248 1088 2301 sit
1106 2246 1179 2302 inter
1209 2252 1324 2301 naturae
1341 2245 1479 2301 humanae
1506 2246 1640 2302 deiectus.
1668 2246 1789 2312 Quidam

88 2333 926 2404 Abstractasuntquodvocaturcorascmcnmolisris,con·
952 2336 1025 2392 enim
1043 2341 1119 2402 ,sunt
1141 2349 1300 2389 commones
1325 2334 1376 2388 toti
1397 2333 1514 2402 speciei,
1541 2332 1589 2403 qui
1611 2333 1640 2386 in
1661 2332 1788 2388 omnibus

87 2425 172 2488 oreta,
183 2420 257 2491 quod
268 2425 385 2475 vocatur
397 2420 563 2487 bonofilius
574 2419 788 2490 hominis,fiiins
799 2420 923 2473 Marias.
952 2429 1016 2493 post
1032 2422 1141 2492 lapsum
1159 2418 1339 2475 communiter
1358 2418 1545 2487 inveniuntur,
1565 2416 1648 2490 itque
1659 2434 1692 2473 so
1704 2437 1788 2475 sensu

123 2513 163 2563 32.
199 2505 282 2562 Circa
300 2509 411 2561 tertiam
429 2515 655 2575 ornamentorum
674 2507 791 2560 classem
809 2505 927 2560 observa
953 2508 1083 2563 dicuntur
1100 2507 1258 2576 naturales,
1275 2499 1307 2560 ut
1324 2522 1411 2575 mors,
1429 2504 1497 2570 sitis,
1514 2504 1612 2575 mures,
1631 2504 1691 2561 illos
1710 2505 1787 2561 chri·

91 2602 113 2651 1.
135 2593 209 2666 quod
234 2593 461 2664 distinguendum
485 2593 521 2647 sit
539 2592 611 2648 inter
632 2591 709 2661 πάθη
727 2591 785 2647 sive
803 2591 925 2659 affectio·
952 2601 1012 2649 stus
1032 2594 1165 2664 suscepit,
1189 2592 1295 2664 absque
1312 2597 1405 2646 tamen
1425 2596 1555 2662 peccato,
1581 2591 1648 2663 quia
1664 2593 1787 2664 pronita-

87 2698 137 2737 nss
155 2679 314 2733 essentiales
332 2688 359 2733 st
374 2680 573 2734 accidentales.
609 2678 678 2734 Illae
698 2679 835 2743 dicuntur,
853 2695 925 2749 quae
952 2689 1008 2737 tem
1025 2680 1063 2736 ad
1081 2680 1183 2735 malum
1202 2685 1230 2734 et
1247 2677 1440 2734 difficultatem
1458 2678 1493 2732 ad
1512 2678 1615 2733 bonum
1628 2685 1788 2749 expectato

86 2783 138 2839 per
148 2784 178 2821 se
190 2772 218 2821 et
229 2766 414 2822 essentialiter
425 2765 528 2821 homini
540 2771 708 2836 competunt,
720 2765 925 2837 haevsroquae
952 2767 1033 2838 primi
1056 2767 1176 2823 hominis
1192 2770 1281 2821 ortam
1301 2771 1329 2821 et
1347 2764 1474 2819 omnibus
1492 2763 1650 2819 hominibus
1667 2781 1788 2821 commu·

86 2870 137 2926 per
161 2852 291 2908 accidens
314 2852 368 2922 ipsi
393 2852 567 2908 conveniunt.
604 2851 671 2906 Illas
689 2850 815 2906 Christus
833 2850 924 2905 adhuc
951 2873 1014 2911 nem
1034 2872 1088 2910 non
1107 2854 1236 2926 suscepit.
1273 2853 1393 2920 Quidam
1410 2869 1476 2908 vero
1494 2856 1560 2907 sunt
1579 2852 1685 2924 proprii
1703 2853 1786 2909 certis

87 2940 116 2994 in
139 2944 212 2993 statu
240 2938 345 3010 gloriae
374 2944 402 2992 st
423 2938 453 2992 in
479 2944 622 2993 aeternum
649 2933 760 3007 rennes,
789 2936 839 2991 has
859 2954 924 2992 vero
952 2943 1088 2998 duntaxat
1105 2940 1269 3009 individuis,
1281 2941 1451 3009 personales
1471 2944 1617 3019 propterea
1636 2939 1716 3008 dicti,
1739 2939 1787 3012 qui
1881 3010 1885 3018 ¹

88 3026 189 3093 ινηιᾶς
208 3025 369 3096 δυσχερείας
388 3031 416 3079 οι
436 3024 655 3079 infirmitatesad
666 3031 776 3096 tempus
786 3025 923 3091 assumsit,
952 3046 1007 3084 non
1033 3030 1240 3098 consequuntur
1259 3031 1345 3081 totam
1363 3032 1491 3080 naturam
1509 3024 1657 3080 humanam
1675 3030 1788 3097 propter

88 3118 120 3167 ut
143 3130 193 3184 pro
217 3112 307 3186 salute
328 3111 442 3165 humani
470 3112 578 3183 generis
603 3111 663 3182 pati
680 3127 713 3164 ac
733 3111 801 3165 mori
820 3119 922 3182 posset,
951 3120 1098 3186 peccatum
1129 3113 1210 3184 primi
1239 3111 1372 3179 hominis,
1402 3111 1450 3167 sed
1481 3111 1606 3166 oriuntur
1635 3129 1667 3167 ex
1696 3112 1787 3166 causis

87 3199 137 3254 sed
163 3215 209 3252 aas
233 3198 262 3252 in
289 3203 363 3251 statu
381 3196 487 3268 gloriae
505 3213 560 3251 una
577 3214 641 3251 cum
658 3196 749 3251 forma
766 3195 857 3252 servili
877 3197 923 3252 de·
951 3199 1116 3272 quibusdam
1135 3197 1363 3271 particularibus,
1382 3203 1414 3252 ut
1432 3198 1518 3270 lepra,
1537 3198 1680 3269 epilepsia,
1699 3198 1787 3254 cacci-

87 3284 194 3357 posuit,
218 3284 337 3356 August.
359 3290 396 3339 11.
414 3284 449 3339 de
468 3301 491 3339 a.
512 3283 548 3340 D.
570 3300 593 3338 c.
613 3290 640 3340 9:
668 3285 765 3352 Neque
794 3284 865 3356 enim
893 3284 922 3336 in
951 3294 1007 3355 tas3
1031 3285 1078 3358 qui
1104 3286 1148 3340 vel
1173 3302 1207 3340 ex
1231 3285 1343 3340 defectu
1367 3284 1478 3339 virtutis
1502 3288 1664 3352 πλαστικῆς,
1691 3285 1735 3340 vel
1753 3301 1787 3342 cx

87 3390 142 3442 qno
168 3390 263 3425 oerum
289 3379 350 3424 crat
378 3371 499 3423 bominis
523 3388 625 3440 corpas
649 3379 674 3423 st
697 3387 778 3423 verm
802 3370 923 3424 imninis
950 3373 1062 3428 deiectu
1080 3371 1212 3439 hominia,
1237 3388 1269 3426 er
1295 3370 1497 3427 inordinatione
1517 3371 1607 3427 victus
1626 3377 1677 3427 eta.
1696 3371 1787 3427 oriun-

86 3460 210 3526 animns,
237 3456 333 3524 faisses
364 3465 424 3510 crat
457 3457 594 3510 humanas
619 3458 744 3527 affectem.
789 3457 846 3512 liic
872 3457 923 3510 bos
949 3468 1008 3528 tur,
1035 3476 1082 3514 eos
1100 3458 1226 3513 Christus
1249 3471 1304 3511 non
1329 3457 1460 3529 suscepit.
1479 3457 1577 3514 Thom.
1602 3477 1629 3530 p.
1656 3466 1679 3515 3.
1699 3477 1725 3530 q.
1746 3464 1786 3516 ll.

87 3553 176 3598 motas
202 3551 294 3597 cartas
318 3542 507 3611 desponsionis
527 3544 632 3612 pratia,
661 3543 711 3612 s'ta,
740 3561 801 3597 cnm
827 3542 924 3607 vomit,
949 3552 1000 3602 nrt,
1019 3552 1044 3604 4,

86 3631 208 3700 suscepit
225 3630 319 3683 animo
340 3629 478 3699 bassano,
505 3637 548 3697 nt,
567 3647 630 3682 cnm
651 3630 753 3699 volni,
771 3632 865 3694 factas
883 3636 923 3680 est
984 3635 1025 3688 83,
1060 3632 1106 3687 Ad
1130 3631 1204 3685 huna
1221 3630 1314 3686 losum
1332 3631 1477 3688 referenda
1495 3630 1658 3686 suavissima
1673 3636 1785 3702 patrum
1814 3668 1825 3693 ,

87 3719 175 3772 honio.
211 3717 273 3770 Nos
298 3715 367 3770 ilias
390 3717 550 3785 affectiones
574 3705 705 3770 habentos
728 3733 760 3771 sn
787 3717 923 3769 hnmanae
950 3720 1027 3774 dicta
1050 3719 1086 3774 de
1110 3717 1226 3773 veritate
1246 3721 1274 3771 st
1291 3717 1452 3790 integritate
1469 3724 1584 3773 naturae
1601 3717 1739 3773 humanas
1756 3717 1786 3773 in

88 3803 258 3859 conditionis
269 3802 436 3874 infirmitate,
453 3821 509 3856 non
521 3810 613 3855 antam
625 3803 665 3855 ita
678 3803 818 3856 Dominus
829 3802 923 3869 Jossss,
950 3805 1066 3874 Christo,
1084 3805 1156 3860 Iren.
1174 3803 1222 3858 lib.
1233 3794 1266 3870 5,
1283 3821 1307 3861 ο.
1329 3811 1368 3862 13.
1386 3823 1413 3876 p.
1427 3809 1490 3861 334:
1513 3805 1621 3875 Sijqois
1633 3807 1785 3860 semnion

87 3892 169 3959 majos
188 3898 214 3943 ct
242 3891 390 3960 infirmitas
407 3891 466 3954 fnit
492 3906 525 3943 cc
547 3897 697 3958 potestots;
739 3895 761 3944 2.
785 3889 858 3960 quod
885 3887 922 3942 ab
949 3893 1001 3946 hoc
1027 3892 1147 3946 aunam
1173 3891 1244 3944 dicit
1262 3891 1382 3945 Domini
1404 3908 1516 3944 carnem
1540 3909 1559 3943 a
1576 3898 1674 3945 nostra
1692 3908 1786 3961 carne,

87 3976 306 4032 accidentalibus
333 3974 527 4031 affectionibus
554 3982 582 4029 et
606 3973 812 4030 infirmitatibus
835 3992 922 4030 remo-
949 3979 1081 4048 qnoniam
1106 3977 1160 4031 iiia
1179 3977 1293 4047 quidem
1310 3995 1364 4031 non
1379 3978 1520 4046 peccavit,
1545 3994 1597 4030 nos
1614 3985 1705 4030 aretem
1719 3995 1784 4046 psc-

86 4062 206 4117 vendsm
237 4062 274 4116 sit
304 4067 462 4132 peccatum,
476 4080 477 4084 ¹
493 4062 573 4131 cujus
604 4078 639 4116 ne
670 4060 783 4115 minima
811 4061 923 4132 quidem
950 4073 1058 4119 catores
1081 4072 1153 4118 recte
1179 4064 1264 4132 sois,-
1292 4063 1320 4116 si
1343 4071 1436 4116 antam
1454 4063 1571 4116 ahmam
1600 4063 1785 4116 nsbstontiam

86 4148 165 4203 labes
189 4147 294 4218 inipso
312 4148 402 4202 locum
423 4147 528 4212 habuit,
546 4147 609 4201 Esa.
631 4152 676 4215 53,
701 4165 726 4200 v.
745 4155 768 4203 9.
793 4146 879 4202 Hebr.
899 4155 923 4217 5,
950 4151 1045 4205 carnis
1065 4151 1190 4204 Domino
1214 4149 1342 4218 affingit,
1365 4150 1426 4217 jam
1449 4167 1506 4202 non
1523 4150 1660 4203 constabit
1679 4150 1726 4203 illi
1741 4165 1786 4203 rs·

87 4254 112 4288 v.
135 4239 157 4288 2.
186 4233 273 4290 Ηοοι.
295 4240 323 4301 1,
350 4251 375 4286 v.
394 4240 434 4288 23.
474 4241 494 4288 1.
522 4232 598 4288 Patr.
626 4240 648 4303 2,
680 4252 705 4288 v.
736 4240 782 4302 223
809 4242 924 4289 vocatur
950 4237 1157 4292 conciliationis
1174 4252 1271 4288 ammo.
1308 4233 1374 4290 Vid.
1394 4235 1484 4289 eumd.
1506 4234 1553 4290 lib.
1576 4241 1599 4304 3,
1621 4240 1662 4289 32.
1681 4253 1708 4305 p.
1727 4239 1785 4291 221.

85 4327 214 4375 sanctam
231 4317 300 4374 Luc.
331 4325 356 4387 1,
376 4337 400 4372 v.
416 4326 462 4389 353
483 4329 610 4374 sanctum
629 4329 788 4374 sanctorum
806 4320 878 4375 Dan.
899 4327 923 4390 3,
950 4323 1069 4395 August
1093 4321 1142 4377 lib.
1168 4328 1206 4377 to.
1233 4321 1276 4376 de
1303 4336 1327 4374 c.
1353 4319 1388 4373 D.
1414 4337 1437 4375 c.
1462 4326 1506 4375 27:
1534 4324 1676 4390 Proptcra
1701 4329 1787 4377 totum

86 4425 113 4463 v.
143 4411 184 4461 21.
228 4405 307 4472 Quod
338 4421 389 4476 pro
417 4405 496 4461 nobis
523 4415 669 4476 peccatam
700 4411 797 4472 sactus
823 4406 924 4462 dicitur
950 4411 1086 4464 bominem
1103 4408 1164 4463 sins
1179 4416 1297 4479 peccato
1315 4408 1449 4477 anceps,
1472 4416 1502 4461 nt
1518 4415 1620 4472 totum,
1646 4425 1700 4477 qao
1724 4426 1786 4463 aon·

87 4499 111 4549 2.
130 4491 251 4547 Corinth.
271 4499 294 4547 5.
315 4509 340 4545 v.
359 4491 410 4558 ult,
430 4491 458 4544 id
477 4493 669 4563 accipiendum
686 4510 741 4548 non
757 4495 868 4548 ratione
882 4495 924 4547 in·
949 4497 1042 4550 stabat
1065 4497 1159 4563 homo,
1182 4513 1201 4547 a
1221 4502 1402 4562 pcccatorum
1421 4501 1501 4564 psstc
1524 4503 1647 4551 sanarat.
1683 4495 1786 4550 Dama·

85 4580 242 4642 bassianis,
273 4577 339 4649 quia
364 4577 478 4633 additur
505 4598 561 4634 nan
591 4581 667 4634 novit
687 4589 848 4650 paccatum,
874 4580 924 4634 sed
950 4599 1049 4639 acanus
1066 4581 1115 4636 lib.
1135 4588 1158 4637 3.
1177 4579 1246 4635 ortb.
1267 4580 1314 4635 fid.
1338 4597 1363 4634 c.
1383 4586 1411 4636 6:
1437 4578 1505 4634 διον
1522 4580 1586 4641 ὅλος
1604 4579 1725 4651 ἀνέλαβέ
1741 4600 1786 4651 με,

85 4672 145 4720 tum
171 4670 299 4736 respectu
324 4666 535 4733 imputationis,
569 4667 643 4737 quod
669 4667 753 4721 Pater
778 4667 809 4719 in
835 4667 925 4736 ipsum
951 4674 997 4724 καὶ
1014 4669 1078 4729 ὅλος
1096 4667 1152 4737 ὅλῳ
1172 4665 1275 4735 ἠνιάθη,
1296 4671 1342 4720 ἵνα
1359 4666 1415 4736 disp
1426 4666 1475 4734 ι’ὴν
1486 4673 1624 4740 σωτηρίαν
1629 4673 1787 4743 χαρισηῐοι.

86 4753 237 4821 conjecerit
256 4752 417 4821 iniquitates
435 4753 556 4806 omnium
577 4756 701 4806 nostram
717 4752 776 4807 Ειο
787 4759 829 4816 53,
850 4771 874 4808 v.
894 4759 925 4823 63
950 4757 1033 4829 Fulg.
1050 4755 1097 4811 lib.
1120 4760 1141 4809 1.
1161 4754 1197 4808 ad
1215 4753 1400 4825 lhasymund.
1418 4772 1445 4825 p.
1466 4759 1529 4810 251:
1550 4755 1627 4809 &aas
1640 4763 1725 4809 totum
1739 4755 1786 4812 llo·

84 4845 147 4893 tum
163 4844 291 4909 respectu
308 4840 523 4909 mtisfactionis,
543 4839 609 4911 quin
626 4855 730 4911 poenas
749 4846 925 4910 pcccatorum
950 4844 1051 4896 minem
1084 4842 1216 4895 diabolos
1246 4840 1413 4910 decipiendo
1438 4841 1594 4910 permissit,
1630 4841 1671 4895 ita
1707 4845 1786 4896 Dens

85 4931 242 4980 nostrorum
266 4924 294 4977 in
320 4942 350 4979 se
373 4925 533 4995 recipiendo
555 4925 709 4996 perfectam
734 4927 925 4996 propeccatis
951 4937 1037 4983 totam
1064 4927 1242 4997 nescipisndo
1271 4926 1397 4980 salvavit.
1451 4925 1510 4981 Leo
1534 4927 1614 4999 epist
1643 4932 1688 4982 tt:
1722 4929 1788 4981 Nos

87 5012 188 5067 nostris
208 5010 424 5066 satisfactionem
443 5011 504 5066 Deo
527 5011 680 5081 praestitit3
705 5010 769 5065 Esa.
790 5016 837 5076 53,
855 5031 880 5066 v.
900 5019 923 5068 5.
948 5022 1040 5084 potest
1066 5014 1213 5085 quisptam
1237 5029 1269 5066 eo
1294 5013 1385 5083 capite
1402 5014 1538 5082 planiori,
1566 5014 1596 5067 in
1615 5032 1670 5084 qno
1688 5016 1789 5070 assent

89 5105 113 5155 3.
128 5099 204 5171 quod
220 5098 355 5153 humanas
371 5097 543 5152 infirmitates
560 5104 588 5152 st
606 5096 730 5153 defectus
749 5099 835 5170 (apud
852 5100 925 5155 Eva·
951 5110 1083 5154 naturam
1098 5118 1180 5153 snam
1200 5118 1256 5153 non
1273 5099 1377 5152 haberi.
1443 5107 1445 5110 ’
1790 5083 1799 5110 ⁸

19 5194 73 5242 ιω.
89 5186 182 5258 guium
203 5185 252 5239 lib.
273 5192 296 5241 4.
319 5202 342 5240 c.
366 5190 407 5239 39.
432 5191 565 5238 vocantur
585 5182 690 5256 φυσικὰ
710 5188 756 5237 καὶ
775 5183 926 5255 ἀδιάβλητοι
987 5192 1027 5243 84.
1065 5185 1227 5244 Antithesis.
1270 5184 1389 5252 Quidam
1415 5202 1508 5241 veram
1536 5185 1639 5242 Christi
1664 5187 1789 5244 humani·
1830 5215 1833 5221 ·

84 5273 177 5340 πάθη,
191 5271 332 5327 naturales
344 5269 637 5341 et·irreprehensibiles
646 5270 807 5341 passiones),
821 5271 926 5343 absque
950 5279 1038 5330 tatem
1055 5273 1227 5328 labefactant
1249 5274 1363 5339 directa,
1386 5272 1498 5344 quidam
1520 5273 1638 5342 oblique.
1671 5275 1788 5341 ¹Dissuta

88 5367 184 5415 mmcn
207 5365 322 5429 peccato
341 5357 466 5412 Christus
485 5357 624 5429 suscipere
642 5356 761 5413 voluerit
778 5357 926 5430 praecique
952 5367 976 5415 1.
997 5363 1180 5433 perscorensi
1204 5363 1250 5413 καὶ
1274 5360 1401 5428 ianime,
1425 5359 1472 5432 qui
1492 5360 1657 5429 docuerunt,
1680 5362 1788 5418 Filium

88 5447 126 5502 ob
152 5450 207 5500 tros
224 5462 339 5500 causas:
367 5444 470 5515 primo,
497 5451 529 5500 ut
552 5444 724 5500 satisfaceret
739 5461 791 5514 pro
809 5451 926 5515 peccato
952 5447 1012 5501 Dei
1034 5463 1090 5500 non
1112 5447 1276 5500 assumsisse
1298 5463 1392 5499 norom
1411 5447 1561 5500 humanam
1581 5455 1718 5516 amm-am,
1737 5449 1789 5502 ssd

87 5532 194 5591 Adoni
219 5537 248 5589 ct
272 5530 394 5587 omnium
418 5536 591 5602 posterorum
617 5530 677 5602 ejus
699 5531 830 5602 peccatis.
865 5506 940 5595 Hui
947 5535 1122 5606 phantasma
1146 5541 1172 5587 st
1194 5533 1311 5610 spissiam
1335 5535 1480 5605 msandom
1505 5535 1643 5592 damnant
1660 5534 1788 5605 corporis
