3984 6022
243 276 303 336 lto
950 270 1073 330 Locus
1085 270 1230 330 PRIMUS

102 439 229 483 asom·
277 428 337 480 346.
356 429 380 479 2.
400 425 428 478 A
450 423 577 478 Graecam
593 426 730 478 umsiouu
747 427 778 479 iu
792 428 828 481 N.
845 431 876 480 Τ.
896 427 1075 495 allegatum.
1106 432 1138 481 ut
1162 444 1176 480 s
1200 430 1297 495 tenne,
1324 443 1499 500 nequaquam
1523 444 1589 486 vero
1611 446 1645 485 ex
1668 445 1702 485 eo
1725 429 1816 485 eriam
1839 434 1939 501 potat,

103 496 230 584 fflssffi]
246 509 371 564 Obrietus
393 519 420 563 ct
445 510 569 580 apostoli
593 511 624 563 iu
648 513 686 566 N.
716 513 746 565 Τ.
772 513 917 566 Hebraeae
942 514 1078 568 dictiones
1105 513 1209 567 unllam
1231 513 1318 568 fuisse
1341 512 1526 570 differentiam
1544 514 1617 570 inter
1642 504 1669 566 ul
1698 514 1785 570 Scbir
1801 515 1895 584 jomim
1912 523 1939 573 et

103 595 136 687 δὲ,
138 595 230 687 11111141·
245 598 409 668 caprimum,
426 597 497 650 sicut
515 597 545 650 in
561 598 686 652 cernone
704 599 787 653 LXX
801 600 920 670 interpp.
936 600 1078 671 labentur,
1104 588 1206 653 usin
1230 600 1319 667 smol,
1345 600 1393 655 sed
1421 600 1512 672 potius
1533 600 1708 656 contrarium.
1745 606 1769 656 2.
1787 599 1851 658 Nisi
1868 601 1939 657 entim

141 674 230 740 ustie.
244 691 270 738 et
290 683 400 737 ratione
425 683 564 736 vocalium
587 685 622 737 ab
639 685 777 738 Hebraeis
795 686 908 756 punctu
923 687 1076 756 plurimum
1105 681 1244 739 4141144110
1262 684 1361 739 fuisset
1376 685 1449 740 inter
1463 686 1549 741 Setia
1560 687 1656 756 jurum
1672 692 1701 742 et
1715 685 1769 743 cta
1786 686 1868 751 carol,
1885 704 1939 743 nou

242 769 412 837 commutat
429 785 462 822 eu
477 769 642 836 genealogia
659 769 765 824 Christi
776 771 878 827 Mottb.
894 777 918 828 1.
933 773 1035 826 etLuc.
1050 774 1077 826 3.
1105 771 1260 840 potuissent
1287 770 1477 842 Ephraimitae
1505 788 1555 842 per
1588 772 1617 827 id
1646 773 1682 828 ab
1713 773 1777 827 aliis
1813 772 1939 829 discerni.

242 855 403 926 cumprimis
422 862 550 925 apparet.
587 852 670 926 Resp.
708 861 727 911 1.
746 856 824 922 Quae
843 875 877 913 ex
897 858 931 915 V.
948 858 982 913 T.
1000 857 1076 914 Obri—
1104 861 1128 910 3.
1147 856 1229 921 Quod
1247 860 1273 907 m
1291 857 1358 912 1440
1376 863 1475 927 postca
1492 862 1614 912 mutatur
1630 858 1660 912 in
1674 873 1743 913 voce
1769 844 1866 928 abac,
1885 876 1939 916 non

239 946 299 997 stus
331 948 359 996 ct
384 940 503 1012 apostoli
530 940 665 1013 allegent,
692 960 725 999 ea
747 943 814 999 licet
840 962 896 1000 non
924 944 1075 1000 secundum
1102 941 1217 1011 probat,
1247 951 1314 997 tnnc
1339 960 1396 998 nou
1425 942 1511 998 inissa
1540 944 1674 998 usitatum
1696 944 1747 1002 Sin
1774 944 1861 1008 smol,
1891 945 1939 1002 sed

239 1024 334 1083 litem
355 1033 384 1083 et
403 1027 497 1096 rerba,
515 1034 607 1082 tamen
624 1029 775 1083 secundum
793 1047 904 1084 sensnm
923 1048 986 1086 cum
998 1038 1075 1087 textu
1103 1026 1217 1098 spirim
1235 1048 1256 1083 s.
1274 1029 1387 1100 placuit,
1405 1029 1457 1084 hac
1476 1029 1582 1085 ratione
1602 1029 1691 1102 megia
1706 1031 1854 1102 perspicue
1865 1031 1938 1088 blac

239 1109 369 1168 Hebraeo
393 1113 584 1168 consentiunt·
611 1120 634 1170 2.
661 1114 743 1182 Quod
767 1114 849 1170 LXX
873 1115 990 1188 interpp.
1015 1134 1075 1172 rer·
1102 1131 1163 1168 snm
1173 1114 1408 1185 Ephraimiturum
1426 1131 1579 1171 sermonem
1595 1117 1756 1187 exprimere.
1786 1126 1811 1173 4.
1827 1118 1939 1185 umus

239 1197 344 1253 sionem
374 1198 467 1270 potius
499 1215 581 1272 quem
608 1204 715 1254 textum
742 1200 912 1257 Hebraicnm
943 1204 971 1257 in
1008 1203 1074 1259 alle·
1102 1207 1194 1255 autem
1212 1200 1254 1254 ris
1273 1201 1310 1255 sit
1329 1207 1357 1255 et
1376 1199 1502 1256 efficacia
1517 1202 1644 1272 punctuli
1666 1202 1800 1275 Dagcseb
1818 1204 1856 1259 44
1875 1220 1938 1260 oon·

240 1284 351 1358 gaiam
371 1293 537 1357 sequantur,
557 1285 663 1341 iactum
681 1287 756 1352 ideo,
774 1289 841 1359 qnia
857 1288 969 1343 Graeca
986 1288 1075 1344 versio
1101 1286 1285 1354 stitnendum,
1313 1286 1517 1342 fortificandnm
1546 1293 1575 1343 et
1602 1288 1817 1351 intendendum.
1850 1305 1938 1362 quan·

133 1392 143 1413 ·
240 1377 306 1427 tunc
325 1375 385 1425 erat
402 1370 581 1426 usitatissima
599 1379 627 1428 et
647 1374 876 1443 communissima,
897 1381 929 1430 ut
948 1375 1074 1446 superius
1102 1372 1193 1444 doque
1211 1373 1294 1428 etism
1308 1374 1472 1428 mutandum
1486 1372 1701 1445 significationes
1714 1392 1824 1446 vocum,
1842 1383 1939 1433 notun

241 1475 275 1516 cx
292 1456 407 1513 Hieron.
425 1457 603 1513 ostendimus.
640 1464 663 1515 3.
683 1460 764 1525 Quod
783 1460 865 1516 LXX
884 1462 1021 1533 quaedam
1045 1462 1074 1516 in
1101 1466 1144 1515 est
1162 1460 1309 1515 Hebraeae
1328 1460 1442 1531 linguae
1459 1462 1561 1533 gnaris.

239 1544 275 1602 V.
296 1543 329 1598 Τ.
345 1544 426 1600 aliter
442 1545 549 1617 legunt,
566 1563 648 1618 quam
668 1553 773 1617 puncta
789 1548 912 1620 genuina
925 1550 1074 1620 postulant,
1136 1553 1195 1603 349.
1226 1551 1249 1600 5.
1278 1548 1309 1602 Α
1335 1548 1490 1600 camimum
1519 1549 1723 1602 Hebraicorum
1756 1549 1988 1616 irroratione&

240 1630 270 1687 id
297 1631 403 1704 arguit,
430 1647 477 1686 eos
498 1630 584 1686 iuius
608 1649 672 1686 usos
696 1633 844 1704 exemplari
863 1651 918 1689 non
932 1641 1073 1706 punctum,
1101 1633 1188 1687 Ratio
1213 1633 1360 1696 mrmiuis,
1388 1650 1441 1702 quo
1468 1635 1569 1704 tm'plt‘
1591 1642 1655 1688 Mt
1680 1634 1806 1706 Pwltbi,
1836 1610 1990 1699 Mil

239 1734 415 1792 nequaquam
433 1734 498 1773 vero
517 1716 618 1789 probat
629 1719 721 1774 omnia
736 1719 885 1776 bibliorum
899 1722 1074 1793 exemplaria,
1101 1726 1127 1773 st
1150 1720 1255 1781 Jobsu,
1278 1720 1342 1787 sicit
1363 1721 1394 1772 in
1417 1720 1555 1774 vocalium
1580 1738 1706 1784 numero,
1734 1722 1892 1790 4444141444
1914 1721 1986 1810 siff,

240 1792 336 1873 411444,
357 1820 390 1859 ea
410 1821 482 1875 quae
502 1804 531 1858 in
549 1805 700 1877 synagogis
719 1807 943 1877 asservabantur,
962 1807 1073 1878 punctis
1102 1805 1244 1874 qrsubtutc.
1279 1805 1393 1875 loseph.
1419 1804 1467 1860 lib.
1494 1812 1517 1860 t.
1554 1806 1691 1879 Antiquit
1717 1824 1742 1864 o.
1773 1813 1821 1863 10:
1858 1814 1899 1862 At
1913 1809 1989 1865 siti⁰

239 1891 369 1947 caruisse.
392 1898 415 1947 4.
434 1890 642 1946 Anrersioillu
657 1891 774 1962 Graeca,
790 1911 862 1965 quse
875 1893 958 1948 hodie
976 1901 1073 1964 exstat,
1101 1889 1201 1944 iicdtm
1224 1891 1366 1944 vocalibw
1390 1899 1532 1946 ulormlw
1556 1893 1643 1946 biblia
1666 1901 1815 1962 wicta,
1842 1895 1939 1965 quibu

239 1977 276 2033 sit
292 1976 375 2032 LXX
392 1977 572 2049 intepretum,
596 1978 698 2034 cruditi
720 1997 776 2034 non
795 1980 854 2036 sine
870 1981 977 2036 ratione
995 1980 1074 2037 dubi·
1100 1992 1167 2029 usus
1192 1985 1232 2030 est
1249 1978 1350 2031 Dauid
1372 1986 1398 2030 et
1419 1978 1524 2047 reliqui
1546 1979 1776 2048 psalmograpbi,
1806 1981 1857 2049 qui
1877 1981 1975 2046 fieriu·

239 2069 308 2122 tent.
326 2063 458 2120 Bellarm.
477 2062 525 2118 lib.
544 2069 568 2118 2.
589 2063 624 2119 de
642 2064 726 2121 verbo
744 2064 798 2120 Dei
816 2083 839 2121 e.
863 2072 892 2122 o:
916 2068 995 2121 licet
1020 2086 1074 2122 aon
1098 2069 1209 2131 portel,
1233 2071 1262 2116 ut
1285 2065 1361 2117 ratio
1383 2065 1538 2118 carminum
1560 2064 1641 2117 uobis
1665 2081 1721 2118 noa
1738 2065 1939 2123 innotescerett

239 2151 372 2221 ignorem,
390 2151 540 2205 nonnullos
556 2152 587 2203 in
600 2168 633 2205 ea
646 2155 783 2207 sententio
795 2171 860 2222 esse,
881 2163 910 2207 ut
924 2156 1076 2208 existiment
1101 2146 1186 2219 Rctp.
1224 2148 1381 2204 1.si01im
1407 2166 1441 2204 ex
1463 2148 1606 2203 vocalibus
1626 2148 1783 2219 dijudicata
1799 2157 1867 2205 tunt
1882 2168 1939 2215 1111·

240 2237 496 2307 intepretationem
530 2239 613 2292 LXX
645 2240 785 2293 senionem
798 2241 911 2309 penitus
930 2241 1076 2308 interiisse,
1102 2234 1189 2297 1111118,
1221 2250 1288 2305 ergo
1311 2236 1423 2290 vocales
1449 2235 1514 2290 illae
1541 2235 1571 2289 in
1595 2235 1672 2291 libris
1695 2235 1818 2306 biblicis,
1843 2239 1941 2294 ultan

240 2323 327 2379 multo
349 2324 528 2395 probabilius
556 2341 666 2393 censeo,
697 2326 778 2379 illam
807 2327 901 2380 adbuc
927 2344 1077 2397 superesse,
1103 2319 1284 2391 quibusdam,
1309 2321 1480 2396 exstiterunt
1522 2327 1545 2376 t.
1569 2320 1611 2375 Ex
1635 2322 1687 2377 hoc
1711 2330 1879 2395 ugumenm
1900 2325 1939 2379 'n-

240 2410 293 2464 4441
314 2411 386 2463 adeo
409 2417 571 2480 corruptam
597 2418 622 2464 et
647 2411 789 2481 oblatam,
818 2420 849 2466 ut
876 2413 988 2466 omnim
1015 2413 1077 2466 olio
1102 2405 1168 2461 ferri
1189 2412 1296 2476 posset,
1322 2406 1409 2462 biblia
1431 2413 1527 2461 nostm
1549 2408 1653 2464 babere
1669 2414 1776 2478 punctu
1793 2410 1881 2480 plane
1899 2410 1938 2465 di·

242 2514 301 2551 esse
317 2495 455 2550 uideatur.
1104 2507 1184 2545 versa
1208 2491 1333 2560 abillis,
1359 2492 1460 2562 quibus
1483 2493 1547 2549 libn'
1572 2494 1851 2567 psalmograpbomm
1875 2497 1936 2554 olim

100 2558 229 2631 &Anami-
277 2586 336 2638 347,
357 2587 381 2639 3,
401 2582 429 2635 Α
452 2582 593 2636 nominum
614 2583 800 2653 propriorum
821 2585 935 2637 divorum
953 2585 1078 2639 lectione.
1103 2578 1181 2633 fuere
1206 2578 1283 2647 lecti,
1308 2579 1434 2649 adeoque
1454 2580 1567 2635 remollit
1592 2581 1719 2651 genuinis
1746 2581 1776 2637 in
1798 2582 1939 2652 rythmicis

103 2648 229 2740 {fflssm'
244 2668 430 2739 Septuagiuta
458 2669 580 2738 interpp.
612 2676 638 2722 et
668 2676 765 2722 auctor
794 2670 916 2724 Latinae
943 2672 1079 2725 ourionis
1103 2663 1158 2717 illic
1181 2663 1258 2719 librili
1281 2662 1445 2719 htbercmut
1471 2670 1575 2736 punctu
1592 2667 1746 2738 peregrim
1783 2676 1809 2726 3.
1831 2670 1939 2742 Duplex

103 2740 211 2834 ῗὲέἆῗῶ
242 2754 385 2823 mutae,
411 2753 455 2806 uti
483 2753 566 2807 etiam
590 2755 777 2823 Hieronymus
799 2756 939 2827 pleraque
965 2758 1078 2812 nomina
1104 2757 1146 2804 cst
1167 2749 1304 2804 vocalium
1328 2749 1463 2805 officium:
1498 2752 1574 2822 prius
1597 2752 1729 2809 inservire
1754 2755 1884 2827 lectioni,
1913 2761 1939 2813 ά

238 2839 363 2913 propriu
377 2839 625 2909 patriarcharum,
652 2857 761 2909 regum,
781 2842 961 2912 pontificum,
987 2861 1078 2897 eucer-
1103 2853 1165 2891 eam
1191 2835 1271 2907 (11111ῠί
1296 2837 1432 2905 animare,
1461 2840 1598 2908 posteriue
1627 2840 1761 2897 rationem
1787 2844 1938 2899 summu

242 2928 354 2992 domm,
370 2925 587 2996 prophetarum,
614 2927 724 2980 urbium
741 2934 790 2981 stc.
815 2928 896 2995 loros
914 2929 982 2983 aliis
998 2948 1078 2983 voco·
1104 2925 1256 2981 ostendere
1284 2925 1415 2990 Quamvis
1428 2926 1514 2998 igitur
1532 2928 1835 2999 respectnposterioriu
1855 2929 1938 2986 officii

242 3012 315 3068 libus
332 3019 359 3066 et
371 3010 486 3083 punctis
503 3012 655 3082 enuntiant,
674 3031 758 3083 ostam
776 3014 807 3066 iu
821 3015 1012 3070 Masoretbico
1030 3034 1079 3070 ssu
1104 3028 1170 3065 usus
1197 3011 1334 3066 vocalium
1360 3011 1443 3067 bodie
1470 3030 1526 3068 nou
1557 3014 1593 3068 sit
1622 3022 1718 3069 exacte
1746 3015 1829 3072 nobis
1851 3022 1939 3086 notua

237 3106 372 3172 punctulo
397 3098 552 3168 exemplari
575 3098 716 3167 loquutur,
740 3106 772 3153 ut
795 3108 915 3170 apparet
940 3118 972 3154 eu
996 3102 1078 3156 iuter·
1104 3114 1138 3153 ex
1161 3114 1193 3153 eo
1216 3103 1310 3154 tamen
1331 3097 1393 3153 elici
1418 3100 1527 3170 nequit,
1558 3100 1642 3155 etiam
1665 3101 1765 3172 prioris
1788 3100 1877 3158 officii
1897 3119 1938 3158 rae

237 3185 396 3257 pretatione
420 3184 562 3239 nomicum
579 3185 771 3239 Hebraeorum
795 3187 905 3240 tradita
925 3188 961 3238 ob
979 3189 1079 3243 Hiero·
1103 3182 1178 3238 bone
1201 3200 1257 3239 non
1280 3200 1339 3239 esse
1362 3184 1481 3240 eundem
1497 3185 1580 3240 bodie
1604 3186 1742 3241 vocalium
1767 3204 1866 3258 mum,
1893 3187 1938 3261 qui

242 3291 324 3343 aymo
343 3279 370 3326 et
389 3272 464 3325 Ario
483 3271 631 3325 Montano.
665 3270 749 3343 Rcsp.
789 3278 810 3328 l.
830 3273 999 3345 Interpretes
1022 3293 1079 3331 non
1104 3270 1170 3324 olim
1187 3269 1249 3327 fuit.
1285 3277 1310 3325 4·
1332 3270 1375 3323 Ex
1397 3270 1449 3325 hcc
1471 3271 1532 3341 ipso
1554 3278 1708 3343 agnoscant
1726 3272 1869 3330 infidelem
1886 3281 1937 3331 144·

244 3358 427 3414 observarunt
450 3364 578 3412 accurate
601 3363 628 3412 et
649 3357 839 3428 superstitiose
865 3359 894 3413 in
922 3360 1079 3416 nominibus
1104 3356 1217 3411 ditionis
1243 3356 1413 3425 custodiam,
1436 3373 1486 3427 per
1511 3374 1595 3428 quam
1622 3358 1705 3413 411444
1730 3359 1784 3414 istu
1805 3362 1939 3417 vocalium

243 3443 363 3517 propriis
391 3442 514 3514 singulas
542 3441 636 3497 literas
665 3449 693 3497 et
721 3443 862 3498 literarum
890 3445 998 3516 apices,
1029 3447 1078 3501 sed
1104 3459 1171 3496 usus
1193 3441 1222 3496 in
1247 3441 1353 3498 rabone
1377 3443 1528 3497 carminum
1553 3443 1732 3499 monstranda
1755 3445 1793 3500 ad
1811 3463 1862 3502 nos
1878 3462 1938 3519 pro

244 3536 358 3602 propter
381 3526 525 3600 εὐφωνίαν
553 3528 651 3583 leviter
677 3530 845 3601 quandoque
869 3530 976 3602 aliquid
1002 3531 1079 3588 infle-
1104 3529 1203 3600 pagari
1224 3528 1373 3585 debuisset
1409 3528 1489 3593 Quod
1514 3530 1539 3584 si
1561 3546 1628 3603 ergo
1645 3538 1814 3601 punctorum
1832 3550 1938 3590 consor

243 3621 330 3672 ctunt.
380 3621 404 3671 2.
430 3613 578 3680 Quaelibet
604 3613 676 3668 enim
706 3614 803 3686 lingua
830 3616 942 3671 nomina
968 3619 1079 3688 propria
1104 3615 1178 3671 vatio
1205 3614 1257 3669 soli
1280 3615 1422 3670 traditioni
1445 3624 1561 3687 accepta
1583 3617 1686 3685 fertur,
1714 3618 1835 3688 quilibet
1857 3620 1937 3678 fictu

244 3702 336 3758 aliena
363 3701 399 3756 ad
426 3717 538 3756 suarum
565 3699 672 3754 aurium
691 3700 828 3771 judicium
854 3702 1021 3768 conformat,
1048 3712 1080 3759 ut
1104 3700 1248 3773 intelligit,
1273 3719 1357 3773 qnam
1382 3701 1486 3756 infideli
1512 3704 1621 3759 custodi
1646 3703 1937 3776 acceptaturum

243 3787 382 3843 interdum
401 3787 447 3841 vix
466 3801 614 3857 agnoscas,
641 3802 677 3839 an
696 3786 794 3841 eadem
813 3787 879 3856 sint,
903 3805 939 3843 an
962 3789 1077 3846 diversa
1104 3804 1189 3858 quam
1210 3787 1349 3843 lubricum
1379 3788 1519 3860 religionis
1545 3796 1656 3845 nostrae
1678 3794 1819 3847 statuatur
1841 3790 1936 3847 tunda-

244 3872 352 3931 Nomen
369 3871 520 3944 prophetae
537 3854 679 3947 5111911711,
702 3872 796 3926 Latini
813 3875 994 3944 pronuntiant
1010 3877 1078 3930 Ese—
1104 3880 1235 3928 mentum.
1271 3881 1296 3931 5.
1315 3875 1378 3930 Nou
1397 3893 1430 3930 ex
1448 3875 1512 3930 solis
1530 3875 1672 3931 vocalibus
1691 3883 1720 3931 et
1739 3893 1836 3933 esrum
1853 3894 1936 3950 quan·

164 3952 167 3957 ’
246 3960 325 4016 cbiel.
362 3963 385 4014 ³.
404 3958 434 4014 si
451 3974 484 4013 ex
502 3956 649 4013 inflexione
666 3957 716 4011 illa
739 3960 912 4030 propriorum
937 3961 1078 4016 nominum
1103 3958 1197 4028 titate,
1224 3960 1274 4014 sed
1300 3960 1382 4015 etiam
1400 3977 1433 4015 ex
1451 3961 1612 4017 acmutibns
1630 3967 1659 4017 et
1675 3979 1775 4018 vocum
1792 3963 1935 4021 inflexione

244 4046 281 4103 ab
306 4044 504 4115 interpretibus
528 4043 604 4099 fucta
629 4043 723 4098 inferri
749 4052 857 4115 posset,
887 4055 992 4117 puncta
1019 4065 1079 4104 esse
1103 4044 1264 4116 perlitatae
1282 4046 1354 4101 ratio
1372 4047 1501 4101 carminis
1520 4048 1596 4120 apud
1613 4048 1758 4104 Hebraeos
1774 4051 1911 4108 mustiut

243 4149 339 4188 recens
360 4131 502 4186 inventum
516 4129 716 4198 Rabbinorum,
732 4137 826 4200 posset
844 4147 878 4186 ex
895 4133 992 4188 codem
1004 4135 1078 4204 prin·
1139 4136 1197 4187 ³50.
1224 4137 1249 4188 6.
1277 4133 1305 4185 Α
1327 4141 1494 4202 punctorum
1522 4135 1552 4187 ia
1577 4134 1721 4188 hodiernis
1748 4128 1960 4191 Hebraeom‘

244 4219 317 4291 cipio
335 4217 446 4285 inferri,
473 4217 502 4270 in
525 4215 593 4286 ipsis
610 4215 697 4271 literis
717 4216 802 4272 etiam
821 4217 923 4273 iactam
942 4235 1003 4275 esse
1020 4239 1077 4276 mu·
1103 4219 1216 4289 scriptis
1228 4219 1383 4273 omissione.
1414 4219 1545 4284 Hebraei,
1566 4220 1850 4292 444144444444444,
1872 4221 1986 4292 8444444

242 4306 390 4374 tationem,
415 4303 489 4375 quod
512 4311 605 4358 tamen
626 4302 710 4374 hujus
734 4302 871 4375 opinionis
895 4306 1004 4376 patroni
1022 4323 1077 4362 non
1103 4305 1210 4373 surpta
1234 4321 1288 4357 sua
1314 4305 1416 4373 444444
1440 4306 1550 4374 paucus
1576 4307 1709 4373 conficere
1725 4308 1823 4362 somus
1858 4286 1992 4377 114444ΕΙΙῘ

245 4393 404 4451 admittunt,
1100 4398 1207 4461 punctu
1236 4407 1292 4443 nou
1325 4398 1390 4443 suut
1418 4391 1576 4445 essmtiult's
1599 4409 1672 4462 pars
1698 4393 1858 4463 scripturae
1883 4393 1936 4449 He
1945 4390 1990 4462 “fij

277 4484 338 4536 348.
362 4485 386 4535 4.
413 4478 442 4533 Α
461 4475 592 4544 Duomcb
617 4483 643 4528 et
663 4476 763 4545 puncti
779 4479 828 4530 rob
856 4478 881 4526 u
910 4477 1076 4531 conditione.
1104 4478 1224 4531 boicae.
1269 4474 1352 4546 Resp.
1384 4482 1407 4533 l.
1431 4477 1570 4532 Omittunt
1590 4483 1695 4547 puncta
1719 4478 1756 4535 ob
1777 4477 1937 4535 festinatam
1947 4452 1978 4534 ⁴,

242 4567 353 4622 Puncta
370 4561 567 4631 unumunurn
587 4561 797 4616 consonantium
815 4563 992 4626 variantem,
1011 4581 1078 4633 qua·
1103 4561 1293 4633 scriptionem,
1323 4580 1393 4633 quae
1419 4570 1513 4619 tamen
1533 4564 1736 4621 adlectionem
1764 4565 1878 4623 omniuo
1898 4582 1937 4623 rc·
1983 4630 1988 4639 ⁸

243 4653 285 4707 lia
296 4659 359 4707 eunt
370 4648 511 4716 Dapescb.
525 4648 602 4716 quod
612 4646 722 4700 literam
735 4648 869 4717 duplicat,
882 4656 907 4701 et
918 4666 989 4718 apen
1000 4666 1078 4719 rupe·
1105 4648 1258 4720 quiruntur,
1278 4647 1336 4703 sive
1355 4650 1452 4704 addita
1470 4651 1526 4705 sint
1542 4650 1571 4705 in
1582 4651 1741 4723 scriptione,
1758 4651 1818 4707 sire
1829 4652 1937 4709 onius

242 4738 311 4808 rior,
329 4735 379 4806 qui
396 4736 422 4785 Ψ
442 4736 567 4787 deutrum
587 4740 613 4786 et
630 4733 791 4802 sinistrum,
808 4735 860 4787 boc
878 4742 931 4803 est,
950 4734 1036 4789 Sclio
1053 4744 1079 4789 et
1105 4743 1129 4792 2.
1147 4734 1267 4791 Proinde
1285 4741 1350 4789 sunt
1366 4735 1520 4791 essentialis
1543 4753 1608 4807 pars
1630 4737 1774 4808 orationis,
1802 4744 1835 4793 ut
1858 4755 1938 4811 tupe-

246 4821 699 4890 &rememoreramus
716 4837 773 4874 4444
791 4829 906 4891 oportet,
924 4840 959 4876 ac
971 4830 1078 4893 peracto
1103 4822 1160 4876 rius
1178 4821 1430 4876 demonstravimus
1467 4828 1490 4877 3.
1510 4822 1633 4888 Quilibet
1649 4824 1788 4894 agnmcit,
1809 4841 1845 4881 44
1866 4841 1938 4899 quse

243 4913 363 4967 mealia.
400 4908 470 4964 Jam
492 4923 558 4960 vero
581 4923 613 4960 eu
630 4907 729 4960 Judic.
755 4909 805 4975 12,
831 4925 855 4962 u.
880 4910 905 4961 6.
928 4909 1078 4977 colligitur,
1104 4909 1209 4981 absque
1233 4909 1344 4978 punctis
1361 4907 1465 4977 scripta
1485 4915 1563 4977 sunt,
1589 4909 1650 4964 aliis
1674 4913 1759 4981 atque
1785 4909 1849 4965 aliis
1869 4927 1938 4983 pun·

243 5008 365 5068 tempore
385 4995 514 5064 judicum
537 5010 591 5046 nou
609 4992 699 5056 fussee
716 4992 792 5045 illud
804 5001 938 5062 punctim
955 4994 985 5047 ia
1011 4995 1077 5048 sini-
1104 4994 1156 5048 ctis
1178 4993 1336 5050 substitutis
1357 5012 1467 5050 sensum
1491 4995 1607 5067 gignere
1632 4996 1780 5052 diversum.
1814 4995 1940 5071 Erguti

243 5091 300 5138 stro
317 5082 361 5137 uel
378 5083 475 5135 deetro
494 5097 581 5133 cornu
598 5079 697 5134 literae
717 5080 743 5128 11
770 5079 948 5133 obseruatum.
993 5079 1078 5151 Resp.
1103 5080 1148 5134 vel
1173 5079 1292 5136 maxime
1316 5098 1371 5136 nou
1397 5081 1566 5151 pertinerent
1589 5082 1625 5136 sd
1648 5082 1797 5137 urentium
1814 5082 1941 5155 scriptio-

246 5175 268 5226 l.
285 5169 359 5224 illud
377 5169 515 5223 duntaxat
534 5183 567 5221 ex
586 5183 618 5221 eo
635 5166 697 5222 loco
709 5164 859 5236 colligitur,
877 5166 951 5237 quod
963 5166 1078 5236 Ephrai·
1104 5166 1160 5233 nis,
1185 5173 1278 5222 tamen
1303 5167 1338 5221 ad
1364 5168 1557 5223 certitudinem
1576 5167 1701 5224 lectionis
1718 5176 1746 5225 et
1764 5169 1940 5227 conformita-

243 5255 327 5310 mitae
344 5271 400 5309 non
418 5251 560 5324 potuerint
577 5269 591 5305 s
610 5269 673 5308 cum
694 5251 861 5323 aspiratione
877 5252 929 5322 ch,
952 5253 1001 5308 sed
1018 5259 1078 5307 tan·
1102 5258 1158 5306 tem
1181 5258 1334 5309 sententiae
1357 5269 1391 5309 ex
1416 5254 1520 5324 scripto
1544 5255 1682 5324 petendae
1699 5256 1880 5327 requiruntur
1895 5257 1942 5315 vsl

198 5356 206 5374 ⁸
244 5344 305 5395 tum
321 5358 335 5394 s
352 5345 435 5395 tenue
453 5336 647 5411 pronuntiare,
667 5340 733 5410 quia
751 5356 802 5411 pro
820 5338 987 5393 scibboleth
1006 5338 1079 5395 dice·
1103 5337 1228 5394 maxime.
1264 5346 1288 5395 4.
1304 5340 1375 5394 Tam
1397 5340 1425 5394 in
1444 5339 1530 5411 Syra,
1551 5357 1634 5411 quam
1652 5341 1681 5395 in
1699 5341 1825 5399 Arabica
1843 5343 1943 5417 lingua

245 5425 314 5483 bmt
329 5426 475 5494 sibboleth,
500 5424 575 5480 unde
593 5439 627 5479 ex
642 5423 694 5479 hoc
711 5424 842 5482 idiomate
862 5425 976 5497 linguae
993 5441 1077 5494 agno
1102 5421 1210 5479 felicius
1235 5442 1379 5495 possumus
1406 5424 1536 5498 progredi
1553 5426 1612 5482 sins
1636 5433 1804 5498 punctorum
1823 5430 1944 5489 admini-

246 5511 409 5581 mabuntur,
426 5511 542 5584 perinde
558 5516 591 5567 ut
607 5509 689 5567 hodie
706 5509 881 5589 8444444141
898 5508 1079 5601 pronuntiant
1104 5509 1175 5580 culo,
1193 5526 1278 5585 quam
1294 5511 1324 5567 in
1335 5510 1472 5569 Hebraea
1508 5518 1533 5567 t.
1552 5511 1758 5571 Banmbcebins
1776 5515 1807 5573 in
1817 5515 1846 5577 41
1858 5522 1942 5577 met
