3984 6022
185 267 249 329 sti
584 279 586 282 ⁴
715 314 718 319 .
871 258 993 317 LOCUS
1013 258 1193 325 Quassus

189 416 246 480 Qui
269 416 428 485 passionem
457 414 599 481 Uniperciti
627 413 728 466 deitati
752 414 843 482 ipsine
870 413 1024 467 decmbere
1049 410 1097 465 fid.
1119 428 1144 467 c.
1163 418 1186 466 6.
1204 411 1356 484 distinguit
1374 413 1447 468 iuter
1465 416 1680 486 propositiones,
1705 434 1783 485 qaae
1803 426 1890 471 actea

188 507 273 569 mene
297 501 338 553 ita
360 498 533 552 divinitatem
556 497 617 564 ejus
637 497 803 566 partibilem
827 513 952 551 asserem
975 513 1023 548 ου·
1050 498 1263 566 incarnationis,
1281 506 1310 552 et
1326 498 1399 567 illas,
1417 517 1490 571 quae
1506 510 1607 557 emtam
1625 504 1776 557 incarnati
1794 503 1892 558 deseri

189 586 268 650 dent,
293 585 343 638 tos
361 590 543 638 comosuncta
562 590 588 634 et
607 584 782 636 oecumenica
797 584 921 651 synodus
940 581 1023 636 otut-
1050 582 1171 637 bunis*
1211 586 1238 635 2.
1260 583 1359 652 Λόγου
1385 592 1411 638 et
1437 586 1528 638 deitas
1554 585 1655 656 Λόγου
1680 604 1739 639 non
1759 587 1894 655 deferant

189 670 354 725 cedema
372 670 406 721 dc
426 668 544 721 cenatio
563 669 741 721 sacerdotum
759 669 888 737 νογοόὶίσ,
917 675 982 722 tom.
1002 672 1024 721 l.
1050 669 1174 724 realiter.
1214 668 1296 730 Quod
1321 669 1349 721 ei
1373 687 1439 737 erpo
1464 687 1577 739 poenum
1599 672 1711 740 dicere,
1738 672 1840 741 Λόγος
1856 680 1893 725 eet

189 755 273 813 Cone.
290 755 384 810 Calon
407 753 449 809 ed
473 771 500 823 p.
526 759 584 809 884.
611 752 686 808 Huic
704 754 845 810 conforme
868 760 924 823 est,
950 751 1025 823 quod
1046 770 1167 821 pasees,
1194 753 1289 822 atique
1308 755 1392 807 etiam
1409 755 1503 808 dicere
1523 773 1652 824 poteram,
1677 757 1776 811 deitas
1797 757 1895 827 Λόγου

189 841 308 896 babetur
323 840 353 893 in
370 838 541 909 professione
561 839 626 895 fidei
648 840 808 908 catholicae,
827 857 912 910 quam
923 839 1025 895 Dama·
1051 844 1090 888 συθ
1098 854 1196 904 passa.
1214 836 1440 907 Respondemus:
1457 846 1479 895 1·
1494 838 1638 912 Scriptum
1647 841 1725 906 dieii,
1739 844 1895 896 Domim
1921 847 1935 865 '

189 944 235 982 sus
254 925 329 981 misit
347 926 384 980 ad
396 924 545 980 Paulinum
565 925 626 980 libr.
646 933 670 982 e.
694 924 799 980 Hister.
814 927 921 995 tripart.
941 941 965 980 c.
983 929 1024 978 16:
1050 922 1161 989 pieriae
1178 940 1235 976 esee
1254 924 1425 994 mmmmm,
1442 925 1492 981 sed
1510 926 1641 982 deitatem
1658 926 1895 983 crucifixamesse

190 1013 226 1069 st
242 1013 305 1081 quic
323 1013 393 1066 dicit
413 1013 590 1082 inpositione
609 1013 700 1066 crucis
719 1013 845 1067 dolorem
861 1010 1026 1064 natinnisee
1051 1007 1180 1077 nuspiam
1196 1007 1272 1062 dicit.
1307 1014 1330 1063 2.
1348 1009 1448 1065 Deitas
1465 1009 1569 1065 Christi
1585 1018 1615 1066 et
1628 1028 1752 1082 persona
1766 1012 1893 1068 Christus

190 1099 250 1155 Dei
267 1097 374 1150 Filiam
400 1098 546 1151 divinitate
571 1105 597 1150 et
621 1108 677 1150 non
703 1114 787 1150 carne
810 1104 836 1149 et
860 1097 955 1148 cointe
979 1112 1026 1146 ra·
1052 1110 1107 1147 non
1134 1094 1214 1163 paria
1237 1109 1346 1165 semper
1368 1095 1521 1151 sumtum
1538 1097 1706 1167 praedicatu.
1740 1097 1771 1152 Ὁ
1790 1098 1892 1168 Λόγος,

191 1183 302 1250 tionuti,
320 1200 403 1251 qoam
422 1183 553 1235 assumsit
567 1184 596 1236 in
601 1184 704 1250 forma
718 1183 799 1250 saei,
817 1190 847 1235 ut
859 1182 931 1233 dicit
943 1197 1027 1232 sacra
1052 1195 1170 1248 persona
1181 1180 1311 1249 secunda,
1322 1180 1423 1235 dicitur
1435 1181 1527 1237 factus
1538 1199 1617 1252 oar03
1629 1183 1680 1239 sed
1690 1184 1786 1240 deitas
1798 1182 1894 1256 Λόγου

191 1268 352 1336 Scriptura,
373 1268 522 1320 anathema
544 1268 588 1321 eit.
624 1267 796 1324 Athanasius
815 1274 879 1323 tom.
898 1272 921 1321 2.
941 1266 975 1319 de
987 1264 1027 1317 in·
1052 1279 1108 1318 non
1126 1264 1226 1319 dicitur
1243 1264 1318 1321 facta
1336 1283 1408 1321 caro.
1443 1268 1541 1324 Deitas
1559 1269 1625 1324 Filii
1637 1277 1682 1326 est
1696 1271 1791 1326 deitas
1802 1272 1893 1327 Patris

76 1332 80 1351 ι
190 1361 295 1409 cernat.
323 1342 418 1407 ¹Verbi
441 1370 469 1421 p.
488 1358 535 1406 37:
563 1353 619 1414 teni
635 1354 767 1406 deitatem
784 1353 859 1407 Filii
875 1353 945 1405 dicit
959 1369 1026 1421 pae—
1054 1353 1082 1402 et
1095 1349 1215 1418 Spiritus
1225 1369 1256 1417 s,
1274 1351 1324 1407 sed
1340 1368 1460 1422 persone
1471 1354 1537 1409 Filii
1550 1371 1606 1409 nou
1617 1357 1894 1426 estpersouaPauis

111 1504 115 1508 ι
190 1440 312 1508 sibilent,
337 1439 409 1490 tunc
436 1439 601 1491 condemnat
625 1447 724 1491 sancta
744 1440 869 1492 occimia.
906 1435 1028 1508 Cyrillus
1054 1438 1082 1487 et
1108 1435 1225 1505 Spiritus
1243 1453 1265 1489 s.
1301 1427 1434 1506 **Λόγος
1463 1445 1491 1495 et
1519 1439 1669 1502 indurasse
1699 1443 1807 1512 Λόγου
1831 1452 1892 1498 suut

190 1526 221 1581 in
253 1525 372 1596 Apolog.
404 1529 501 1577 contra
529 1522 710 1578 Tbeodoret.:
742 1525 836 1578 Aliud
865 1532 904 1575 est
934 1525 1028 1575 dicere
1057 1520 1135 1573 ιουτό
1157 1542 1186 1573 u.
1221 1520 1297 1591 Ergo
1316 1521 1339 1574 si
1358 1521 1440 1576 homo
1459 1532 1502 1580 est
1519 1526 1624 1596 Λόγος,
1641 1528 1725 1584 homo
1746 1529 1891 1583 eritetiam

191 1614 285 1666 Deum
309 1629 357 1664 scu
378 1610 484 1662 Filium
501 1611 559 1662 Dei
577 1610 647 1679 pali
664 1610 694 1662 t'n
712 1626 797 1662 cerne
817 1618 842 1662 et
862 1610 944 1661 nlircd
962 1608 1026 1661 eim·
1055 1603 1245 1665 untertana*
1281 1615 1304 1662 3.
1324 1607 1441 1673 Quando
1461 1611 1572 1676 dicitur,
1590 1613 1666 1684 quod
1681 1630 1757 1668 uuus
1772 1613 1891 1669 Christis

187 1698 304 1769 pliciter
323 1697 417 1750 dicere
433 1697 498 1766 poli
516 1697 672 1748 divinitatis
692 1704 829 1748 naturam.
864 1696 941 1757 lma,
961 1694 1028 1763 quin
1054 1690 1110 1744 sint
1135 1690 1206 1745 duae
1230 1696 1361 1762 naturae,
1389 1701 1418 1748 et
1443 1695 1515 1752 duae
1534 1703 1651 1753 natum
1671 1715 1747 1754 unus
1765 1699 1893 1763 Chritus

191 1785 267 1837 idem
285 1782 378 1836 Filiae
396 1782 456 1837 Dei
476 1782 560 1833 sinent
579 1783 659 1832 Dens
677 1791 716 1834 est
736 1790 760 1834 et
778 1782 874 1843 torno,
901 1780 1027 1849 impassi-
1054 1793 1109 1830 non
1127 1782 1169 1830 est
1188 1793 1299 1845 seusus,
1322 1779 1410 1848 quod,
1431 1797 1613 1853 quaecuuque
1632 1783 1668 1838 de
1687 1783 1802 1839 Christo
1818 1802 1892 1856 prae

192 1867 258 1922 ldie
273 1868 386 1937 quidem
408 1875 447 1920 est
464 1867 614 1918 recusutum
629 1867 787 1919 divinitatis
807 1875 945 1934 nataracn,
959 1883 1027 1935 pas-
1055 1860 1195 1925 dimntur,
1223 1863 1259 1917 de
1283 1863 1392 1919 duabus
1420 1865 1527 1920 uatmie
1550 1868 1767 1939 praedicentur,
1792 1888 1827 1925 ex
1842 1888 1894 1942 quo

146 2000 149 2005 .
191 1953 282 2007 sibilis
311 1954 463 2006 eccondstm
495 1952 701 2006 dunione‘tatcm.
747 1954 845 2022 Neque
876 1952 1028 2004 eluendam
1055 1947 1143 2001 muita
1165 1956 1346 2017 sequerentur
1369 1951 1507 2022 absurda,
1543 1953 1678 2022 θῇσιν
1702 1952 1832 2011 Christus
1855 1964 1894 2011 est

192 2048 245 2107 est,
273 2040 348 2092 siin
363 2046 480 2101 natura,
499 2054 570 2106 qnos
584 2038 653 2106 poti
664 2046 766 2107 potest,
788 2039 903 2092 dicasse
916 2054 1028 2108 poema,
1056 2039 1174 2103 unaque
1193 2049 1244 2087 sua
1261 2041 1369 2092 natura.
1406 2035 1481 2110 Ergo
1500 2038 1895 2108 quaelibetmturscnuus-

188 2125 351 2195 passionem
376 2123 513 2177 nesciente
541 2123 717 2192 impaeoddi.
756 2122 900 2194 'Epipbsn
929 2124 976 2179 lib.
1004 2131 1028 2178 3,
1057 2135 1110 2191 que
1136 2136 1186 2173 sua
1211 2127 1319 2177 natura.
1356 2121 1419 2178 Non
1440 2125 1629 2195 sequenti*
1656 2126 1707 2182 sed
1726 2128 1803 2199 quod
1820 2127 1894 2183 cun-

191 2216 258 2265 tem.
286 2216 309 2265 ².
338 2228 366 2280 p.
396 2215 458 2265 3³3:
487 2209 662 2262 Mirabiliter
690 2211 853 2275 confiterere·
876 2211 1028 2265 Dominum
1055 2213 1114 2261 stus
1133 2222 1188 2260 uon
1206 2205 1243 2260 eit
1260 2207 1371 2263 οοηίωσ
1385 2209 1574 2281 quidpraeter
1584 2211 1763 2268 ambassuas
1775 2220 1895 2282 mmras,

188 2313 308 2365 pasncm
325 2295 356 2347 in
372 2295 487 2349 scritate
506 2302 531 2346 et
546 2296 691 2362 passionis
710 2304 844 2349 exsortem
860 2291 1028 2363 inveritate,
1054 2292 1129 2347 unde
1146 2291 1311 2347 Damasceu'.
1338 2292 1400 2347 libr.
1427 2304 1450 2350 3.
1474 2313 1497 2350 c.
1517 2304 1541 2351 3.
1563 2301 1592 2350 et
1611 2303 1651 2356 11.
1678 2299 1803 2354 ostendit
1825 2300 1894 2357 iuter

164 2388 171 2398 ¹
192 2383 298 2435 dottam
326 2398 382 2434 non
409 2397 501 2451 pessa
528 2380 779 2434 immmulilitotcm
806 2388 832 2434 et
858 2382 1030 2435 alienitatem
1055 2375 1154 2447 Λόγου
1175 2376 1326 2432 internum
1344 2385 1373 2432 et
1390 2379 1521 2435 deitatem
1541 2381 1656 2453 aliquod
1673 2383 1826 2441 discrimen
1840 2394 1893 2440 sta-

191 2484 211 2520 a
225 2467 363 2536 passione
388 2473 413 2520 et
436 2465 697 2519 coessentialitatem
721 2484 782 2518 cam
803 2467 899 2520 Patre.
936 2465 1029 2520 Carne
1055 2463 1105 2518 tui.
1141 2472 1164 2518 4.
1189 2463 1233 2517 De
1255 2464 1344 2535 Λόγῳ
1368 2465 1480 2538 ἀσόρκῳ
1503 2468 1695 2541 concedimus,
1723 2471 1804 2542 quod
1826 2473 1893 2528 imu

191 2571 256 2608 vero
270 2570 376 2623 pascite
395 2560 449 2620 tet,
471 2570 526 2604 non
544 2552 639 2606 didiae
660 2553 763 2606 deitate
782 2571 800 2604 o
816 2554 981 2623 praesentia
999 2554 1029 2605 in
1055 2549 1186 2605 deitatem
1204 2551 1253 2603 rosi
1273 2550 1373 2620 Λόγου
1391 2556 1420 2605 et
1437 2555 1498 2624 ejus
1516 2552 1683 2624 hypostasin
1701 2574 1760 2611 non
1777 2558 1894 2613 sitietis

192 2622 277 2694 carne
304 2639 333 2691 in
359 2640 424 2707 ipsa
446 2637 596 2706 passione,
624 2642 675 2691 etc.
712 2636 902 2693 Damascenus
931 2637 977 2693 lib.
1004 2646 1028 2694 3.
1055 2634 1168 2706 aliquod
1194 2634 1350 2692 discrimen.
1386 2637 1442 2693 Sed
1465 2638 1495 2692 in
1514 2639 1558 2694 bis
1571 2641 1815 2712 propositionibus
1833 2645 1893 2701 sub

192 2740 216 2779 o.
241 2731 270 2778 6:
307 2720 340 2776 ari
365 2723 396 2776 dl
422 2721 569 2795 δυνάμεθα
594 2727 694 2791 elusit,
720 2722 735 2792 ἡ
755 2722 840 2796 φύσις
860 2727 910 2779 rori
929 2726 1028 2794 Λόγου
1051 2720 1123 2791 jecti
1147 2720 1207 2776 loeo
1223 2722 1336 2792 ponitur
1353 2722 1450 2794 Λόγος
1467 2726 1615 2797 irruptos,
1639 2728 1709 2800 quia
1727 2736 1760 2785 et
1776 2731 1893 2787 divinam

192 2790 314 2872 indies,
340 2807 373 2863 od
396 2806 450 2882 γὰρ
471 2808 577 2863 ἔπαθεν
601 2809 616 2875 ἦ
643 2809 739 2878 Sedens
758 2809 887 2882 trar’mgi
923 2810 1029 2865 Eadem
1055 2811 1084 2860 et
1100 2805 1249 2862 humanam
1267 2815 1396 2864 naturam
1414 2813 1443 2864 iu
1461 2828 1596 2882 personae
1613 2829 1682 2870 suae
1699 2815 1811 2873 uniute
1828 2817 1893 2873 inae

82 2895 86 2903 “
192 2895 331 2952 sententia
353 2895 489 2967 repetitur
512 2911 529 2949 a
550 2894 672 2950 Luthero
689 2895 718 2949 in
735 2895 858 2952 Confess.
878 2897 976 2967 majori
995 2897 1029 2952 de
1055 2891 1219 2962 parabiliter
1241 2895 1404 2965 conjunctas
1426 2897 1562 2969 exprimit.
1606 2899 1741 2964 Quamvis
1768 2919 1836 2974 ergo
1855 2920 1894 2959 re

183 2998 279 3049 ,coena
296 2988 361 3036 tom
381 2988 405 3037 3.
423 2979 486 3036 Jen.
504 2999 532 3051 p.
550 2987 616 3037 5⁴2:
636 2984 720 3036 Recte
732 2984 846 3046 dieitur,
865 2984 959 3037 stum
970 2985 1031 3038 Dei
1056 2985 1153 3050 spectu
1177 2995 1313 3050 personae
1331 2981 1464 3054 simplicis
1482 2984 1541 3040 sire
1558 2980 1658 3056 Λόγου
1677 2986 1808 3060 όσόρκου
1827 2989 1893 3045 inter

188 3069 310 3138 patitm.
342 3068 410 3121 Etsi
426 3068 499 3122 enim
516 3086 573 3121 una
592 3069 681 3138 ipsine
701 3069 1028 3140 pare(ntsiclopeor),
1056 3063 1219 3134 hypostasin
1243 3070 1291 3119 τοῦ
1315 3069 1414 3139 Λόγου
1439 3074 1468 3122 et
1492 3069 1623 3125 deitatem
1645 3073 1695 3126 τοῦ
1719 3074 1823 3144 Λόγου
1843 3093 1894 3130 non

193 3155 328 3209 divinitae
340 3155 456 3222 scilicet,
472 3173 527 3208 non
535 3156 653 3224 potitur,
671 3164 764 3208 tanim
776 3172 1031 3227 supercommune
1056 3151 1093 3203 sit
1111 3151 1186 3206 reale
1203 3151 1359 3222 discrimen,
1377 3170 1410 3208 ex
1426 3170 1459 3209 eo
1475 3161 1569 3210 tamen
1587 3155 1683 3211 inferri
1695 3160 1808 3230 nequit,
1825 3160 1894 3232 quod

151 3242 155 3251 '
194 3241 276 3294 Deae
293 3248 347 3307 cet,
368 3241 483 3310 patitur
508 3240 538 3292 in
556 3242 649 3294 alteru
666 3259 719 3294 ena
732 3249 826 3311 parte,
845 3243 978 3295 nimirem
1000 3243 1029 3294 in
1057 3236 1130 3290 idem
1156 3237 1283 3292 obtineat
1304 3238 1377 3294 inter
1394 3240 1495 3310 Λόγον
1520 3241 1657 3316 indeptos
1680 3249 1709 3297 et
1729 3246 1794 3316 ejus
1813 3247 1894 3302 deita-

193 3326 372 3380 tumanitate.
408 3315 499 3379 Foru.
519 3324 654 3380 Concord.
674 3325 702 3379 in
722 3326 824 3381 declar.
844 3331 895 3381 art
914 3327 948 3383 de
968 3342 1030 3397 per·
1056 3326 1127 3389 tem,
1152 3323 1219 3393 quia
1240 3331 1305 3394 post
1327 3325 1430 3381 factam
1454 3326 1657 3385 incarnatinem
1675 3329 1831 3394 ὑπόστασις
1849 3335 1894 3387 roi

194 3428 253 3468 son.
271 3410 381 3466 Christi.
399 3428 426 3481 p.
448 3417 511 3467 766:
531 3414 655 3481 Propter
672 3413 874 3482 hypostaticam
892 3414 1030 3479 unionem,
1057 3407 1155 3477 Λόγου
1174 3408 1309 3482 ἰνσόρκου
1335 3429 1392 3467 uon
1412 3412 1500 3467 solum
1518 3413 1644 3484 divinae,
1671 3416 1724 3472 sed
1745 3418 1832 3473 σῶσι
1849 3436 1894 3475 na·

194 3514 267 3569 meae
283 3498 344 3550 cine
361 3514 429 3551 ocra
448 3498 695 3552 communicatione
714 3505 881 3551 adorarem
896 3517 945 3552 nec
957 3500 1030 3567 copi·
1057 3501 1137 3549 tuae
1154 3501 1196 3550 est
1211 3494 1381 3567 hypostasis,
1397 3515 1430 3552 ao
1446 3499 1563 3571 proinde
1582 3518 1639 3556 non
1655 3503 1753 3558 statim
1772 3505 1849 3576 quod
1864 3506 1895 3559 de

194 3584 253 3634 tori
270 3599 319 3635 nec
336 3582 483 3636 mlentere
497 3590 598 3653 potest,
616 3600 672 3635 non
688 3585 762 3636 nude
783 3591 808 3636 et
825 3583 888 3637 sola
908 3585 1031 3638 tamena
1057 3580 1145 3650 Λόγῳ
1165 3581 1289 3653 ἰνσόρκῳ
1309 3583 1367 3639 sire
1384 3585 1530 3656 hypostasi
1547 3586 1726 3657 predicatum,
1751 3593 1837 3647 etiam
1859 3591 1896 3645 di·

194 3676 306 3729 namra,
324 3669 405 3736 cnjus
417 3667 570 3737 propriane
591 3676 631 3721 est
644 3669 711 3737 pali
727 3676 753 3721 et
772 3670 854 3737 mori,
876 3688 933 3739 pro
946 3671 1030 3723 totins
1058 3666 1166 3721 vinitati
1186 3674 1260 3722 recte
1279 3669 1419 3725 tribuitur.
1453 3677 1480 3725 3.
1502 3674 1637 3742 Apostoli
1653 3677 1792 3731 dicuntur
1810 3680 1898 3748 ipsam

195 3753 295 3806 mandi
314 3755 441 3822 pcccatis
466 3762 507 3806 est
528 3771 630 3822 passa.
676 3755 735 3808 Sed
760 3756 821 3824 epse
852 3756 947 3809 Futm
974 3758 1033 3811 Dei
1059 3751 1158 3821 Λόγον
1177 3754 1406 3824 sitae,‹1ut'fait
1425 3756 1476 3811 ἀπ’
1498 3756 1588 3830 ἀρχῆς,
1607 3760 1697 3813 ocsus
1715 3764 1778 3816 suis
1798 3766 1897 3818 metrice

194 3853 273 3905 ecre,
288 3840 437 3891 secundom
452 3846 544 3890 temen
561 3839 712 3892 humanam
732 3840 862 3893 nutrirem
880 3851 1033 3896 asmtmtom
1060 3847 1086 3892 et
1104 3841 1230 3893 marcitae
1248 3851 1432 3897 contrectasse
1454 3851 1475 3900 t.
1493 3844 1559 3903 Joh.
1580 3852 1608 3913 1,
1632 3862 1658 3898 v.
1680 3854 1710 3915 13
1728 3864 1797 3917 erpo
1818 3852 1899 3905 &aas
1922 3906 1930 3917 .

192 3940 298 3993 passus
324 3931 364 3976 est
388 3941 421 3976 oc
446 3932 585 3991 rnorteue,
617 3925 670 3977 etsi
694 3925 793 3978 divina
820 3935 924 3981 natura
947 3945 1034 3997 neque
1060 3941 1122 3978 vere
1146 3927 1240 3979 dicere
1259 3946 1408 3997 possumus
1426 3931 1517 3999 speum
1537 3930 1635 4001 Λόγον
1653 3932 1745 3997 vitae,
1765 3937 1818 4004 qui
1835 3939 1898 4004 fuit,

192 4011 259 4080 pati
276 4027 363 4080 neque
380 4010 454 4063 mori
466 4016 566 4080 potest.
587 4008 696 4063 Similia
713 4017 860 4065 occurrunt
876 4012 1033 4084 inApolog.
1060 4011 1096 4063 ab
1121 4012 1202 4064 initio
1226 4028 1285 4076 esee
1307 4031 1440 4083 pascum,
1465 4033 1500 4069 ac
1523 4018 1645 4085 proinde
1661 4019 1750 4073 dmm
1769 4023 1900 4076 deitatem

195 4097 285 4153 Form.
311 4097 446 4153 Concord.
472 4114 500 4167 p.
526 4103 567 4151 57.
592 4095 668 4166 apud
691 4096 726 4150 D.
746 4096 887 4170 Rungium
906 4098 935 4152 in
953 4099 1035 4154 refut.
1060 4098 1109 4151 roci
1126 4097 1304 4181 Λόγουιοσοσ
1318 4117 1445 4169 pascam.
1476 4100 1702 4172 Respondemus:
1722 4109 1900 4164 nouoetalis

196 4182 310 4239 camah.
330 4182 413 4256 Ubiq.
431 4202 459 4254 p.
482 4189 523 4239 84.
542 4189 571 4238 et
590 4181 711 4238 Gerlach
730 4183 758 4238 in
779 4190 1000 4256 surempsit.
1059 4199 1177 4253 persona
1204 4184 1298 4254 Λόγος
1324 4184 1458 4255 ἄσαρκος,
1485 4187 1533 4258 qni
1560 4187 1614 4242 fuit
1640 4188 1678 4243 ab
1705 4189 1789 4247 initio
1808 4194 1900 4266 Λόγος

233 4277 288 4327 199.
334 4270 495 4326 &duanae
523 4269 676 4326 manneae
701 4269 812 4340 patrem
838 4277 939 4342 urgent
966 4271 1034 4326 haee
1061 4272 1208 4344 ἔνσορκος,
1230 4287 1313 4342 quem
1332 4272 1450 4342 apostoli
1468 4273 1612 4344 viderunt,
1630 4274 1692 4330 ideo
1711 4285 1790 4335 recte
1810 4281 1898 4350 potuit

197 4362 374 4430 argumenta:
412 4361 434 4411 1.
457 4357 491 4410 Si
509 4364 582 4410 recte
598 4374 714 4426 possem
733 4358 833 4424 dicere,
853 4358 944 4410 deitas
962 4359 1037 4411 Filii
1061 4353 1152 4410 dicere
1170 4355 1324 4423 iohannes,
1347 4357 1423 4428 quod
1446 4358 1565 4428 apostoli
1586 4358 1665 4413 illum
1689 4360 1785 4433 ipsum
1805 4367 1900 4437 Atym

197 4454 237 4499 est
256 4446 415 4507 incarnata,
435 4444 530 4511 ntique
550 4443 632 4496 etiam
645 4451 719 4496 recte
726 4460 843 4511 poenum
855 4445 957 4511 dcere,
976 4444 1034 4496 dei·
1059 4441 1148 4508 vitae,
1171 4441 1218 4511 qui
1233 4441 1288 4496 fuit
1304 4442 1340 4496 ab
1359 4442 1452 4510 initio,
1474 4444 1617 4514 viderunt,
1638 4464 1693 4516 quo
1712 4465 1803 4506 sensu
1822 4454 1898 4508 &sm

196 4539 241 4585 tac
258 4530 333 4583 Filii
352 4537 392 4582 eet
405 4548 505 4599 passu.
541 4528 767 4599 Respondemus:
789 4535 832 4583 est
849 4528 943 4600 dispar
955 4530 1035 4584 ratio.
1059 4526 1143 4582 facile
1167 4527 1358 4598 concedimus,
1379 4528 1470 4599 ipsum
1488 4530 1568 4584 illum
1584 4531 1699 4602 Λόγον,
1726 4536 1779 4605 qni
1796 4537 1851 4593 fuit
1864 4537 1898 4592 sb

167 4665 169 4668 ,
197 4617 269 4674 Nem
288 4614 318 4669 rt
338 4615 486 4668 incarnari
502 4632 558 4669 uon
569 4621 612 4668 est
623 4613 759 4668 humanae
771 4615 907 4669 duntaxat
918 4607 1046 4709 naturaei
1059 4612 1146 4681 initio,
1163 4629 1224 4668 esse
1241 4629 1365 4684 passum,
1382 4615 1432 4670 sed
1448 4617 1680 4686 quemadmodum
1691 4624 1816 4690 apostoli
1826 4625 1897 4680 ride

196 4700 360 4774 proprietas,
378 4700 428 4755 sed
447 4701 575 4755 unicum
594 4701 711 4754 duarum
724 4705 887 4755 naturarum
896 4701 1033 4772 exprimit,
1058 4704 1124 4753 runt
1150 4705 1178 4753 et
1206 4706 1414 4754 contrectarent
1439 4701 1538 4772 Λόγον
1565 4721 1621 4758 σου
1647 4704 1677 4758 iu
1705 4724 1761 4763 sua
1787 4710 1897 4776 deinte,

197 4791 264 4865 quia
294 4795 327 4843 ut
352 4787 515 4859 Symbolum
541 4788 678 4843 Nicenum
708 4786 880 4859 teoctpaemmr
907 4787 1034 4858 explicat,
1055 4784 1138 4854 juxta
1159 4800 1242 4856 quam
1264 4785 1318 4839 fuit
1341 4783 1378 4840 aii
1400 4785 1478 4841 initio
1501 4787 1559 4844 sire
1583 4789 1619 4845 ab
1641 4796 1774 4864 aeterno,
1796 4796 1846 4851 sed
1868 4796 1896 4849 in

197 4878 292 4934 Filiae
308 4877 369 4929 Dei
390 4876 426 4927 de
451 4876 528 4928 coelo
552 4875 696 4927 descendit
722 4883 759 4926 et.
771 4875 851 4927 bomo
872 4874 968 4935 factas
985 4881 1034 4940 eet,
1059 4877 1182 4926 assumta
1199 4887 1295 4936 carne,
1317 4872 1410 4926 stafim
1427 4873 1500 4929 enim
1518 4875 1631 4930 additrir
1647 4895 1674 4932 v.
1695 4883 1729 4934 2:
1747 4887 1795 4935 sat
1814 4882 1831 4949 ἡ
1848 4882 1896 4947 cusi

86 4991 124 5031 111.
139 4985 185 5029 ⁴⁸7,
198 4980 264 5036 ergo
290 4964 320 5017 to
346 4965 375 5035 τῇ
401 4959 566 5035 irrepentem
589 4958 671 5013 simul
697 4958 858 5029 exprimitur
875 4963 975 5014 natura
993 4959 1033 5012 di·
1060 4956 1238 5029 ἐφανερώθη,
1261 4957 1392 5013 videlicet
1415 4958 1446 5010 tr
1466 4966 1550 5032 supet
1573 4967 1594 5016 l.
1612 4961 1735 5019 Timoth.
1756 4972 1786 5037 3,
1814 4986 1840 5021 v.
1859 4974 1896 5035 to,

198 5049 263 5103 rina
281 5049 330 5102 roi
349 5045 465 5117 Λόγου,
484 5062 556 5118 quae
570 5045 599 5099 in
617 5062 728 5100 earnem
744 5062 774 5099 se
791 5044 901 5098 demisit
919 5060 1035 5116 eamque
1060 5042 1099 5096 ita
1125 5060 1235 5115 quoque
1253 5038 1413 5099 iddendum
1431 5050 1488 5113 est,
1512 5045 1613 5118 Λόγον
1631 5064 1693 5103 esse
1709 5067 1828 5122 passum
1844 5071 1896 5108 non

200 5134 228 5187 iu
248 5150 383 5206 personoe
408 5149 475 5186 suae
499 5132 633 5187 unitatem
657 5130 800 5197 assumsit,
823 5134 852 5185 et
868 5137 968 5184 natura
984 5130 1034 5184 hu·
1060 5129 1089 5183 in
1115 5146 1166 5182 sua
1188 5129 1306 5197 deitate,
1332 5131 1382 5185 sed
1406 5131 1435 5186 in
1459 5139 1582 5187 assumta
1606 5150 1704 5204 earne,
1730 5139 1850 5209 proinde
1870 5146 1896 5193 et

198 5234 281 5274 mana
298 5227 433 5287 assumm,
451 5219 570 5290 quaein
587 5218 676 5289 ipsam
695 5217 793 5288 Λόγου
811 5216 975 5287 hypostasin
993 5225 1035 5273 est
1060 5215 1191 5269 deitatem
1215 5233 1271 5270 uon
1297 5234 1356 5272 esse
1381 5234 1505 5288 passam,
1532 5220 1582 5275 sed
1608 5219 1722 5277 DEUM
1747 5225 1778 5280 iu
1807 5241 1895 5280 carue.

198 5310 301 5359 eveum
348 5306 388 5359 At
418 5304 478 5376 pati
506 5302 597 5358 carnis
627 5309 767 5358 assumtae
798 5310 839 5358 est
869 5301 1033 5374 proprietas.
1061 5306 1083 5355 t.
1109 5303 1167 5354 Pro
1194 5304 1294 5356 mandi
1317 5305 1376 5358 vita
1394 5306 1462 5373 pati
1481 5324 1537 5359 non
1553 5315 1593 5360 est
1607 5311 1896 5379 proprietatem,

197 5386 340 5442 ”Divina
359 5395 459 5444 natura
479 5396 522 5444 est
541 5389 691 5444 incarnata.
719 5390 795 5460 Ergo
809 5388 894 5444 etiarn
906 5396 1035 5455 assumta,
1060 5389 1111 5440 sed
1135 5389 1221 5441 totins
1240 5406 1383 5458 perreriae
1411 5393 1562 5445 comedam
1586 5402 1738 5466 utramque
1758 5408 1895 5455 nutum

199 5472 266 5549 quia
289 5470 412 5530 humana
427 5482 557 5533 assumta.
593 5474 783 5530 Damascenus
800 5473 849 5530 lib.
867 5480 891 5528 3.
909 5473 944 5526 de
961 5473 1033 5528 orth.
1059 5474 1139 5541 Erpa
1152 5475 1236 5528 etiam
1244 5477 1647 5547 mdatpmetotnontueta.
1667 5480 1897 5554 Respondemus:
