3984 6022
214 233 276 293 104
920 227 1043 285 locus
1061 226 1205 286 ramos

86 380 201 483 affin·
250 388 309 438 245.
331 389 356 439 4.
374 381 562 452 mandam
579 385 676 437 44444.
712 382 843 439 irenaeus
859 381 907 437 lib.
929 385 953 450 3,
972 384 1052 447 414,
1079 381 1273 438 exinanih'onis
1302 389 1330 438 st
1360 384 1550 453 exaltationis3
1584 382 1813 456 distinguendam
1841 382 1911 441 ister
1937 376 1942 386 ’

112 493 140 535 11.
154 489 200 535 m
211 487 240 542 p.
263 476 326 527 tea:
363 472 458 525 Lucas
476 469 676 539 inseparabili
693 470 750 532 fnit
768 489 787 523 n
807 467 901 522 Panlo
919 482 1051 537 cooperc-
1078 466 1259 533 infirmitates,
1276 484 1346 540 quas
1365 469 1490 527 Christus
1508 476 1607 543 sponte
1623 477 1739 543 propter
1752 480 1805 527 uos
1821 484 1911 529 suess

84 552 169 594 ΒΜ·
213 556 275 610 rins
292 557 355 625 4444
373 556 404 610 in
421 553 572 624 euangelio.
595 571 618 610 c.
642 559 687 618 ll,
705 573 731 624 p.
753 560 816 610 181:
853 556 945 608 erccr
963 559 1050 606 recto·
1077 552 1135 622 pit,
1172 558 1201 610 et
1218 553 1290 611 inter
1308 562 1456 626 peccatum
1471 573 1506 612 sc
1524 556 1636 613 mtiosos
1655 555 1787 625 affectas,
1811 544 1911 628 quihus

214 650 259 697 tor·
280 651 306 697 et
327 642 486 711 discipulas
510 641 709 711 apostoloram.
745 640 860 697 Tertull.
879 638 924 696 lib.
943 645 968 695 4.
986 638 1048 692 adv.
1077 639 1188 695 omnino
1206 638 1305 696 carnit.
1341 641 1517 714 Augustinus
1539 642 1588 698 lib.
1612 648 1637 698 a.
1660 642 1696 698 44
1720 659 1795 698 cons.
1814 658 1912 714 evang.

212 726 345 784 Marcion.
364 746 390 799 p.
410 733 468 783 224.
486 727 581 782 itidem
601 742 664 782 eum
680 732 763 783 vocat
776 727 867 781 Penii
878 733 1049 791 secmtorern,
1076 740 1100 777 c.
1128 732 1152 780 4.
1175 725 1275 796 probat
1300 726 1374 782 hunc
1397 727 1488 783 locum
1511 744 1571 784 esse
1589 727 1790 800 evangelicum.
1824 727 1911 785 Atta·

104 862 107 867 .
212 831 245 871 ex
265 831 320 886 quo
338 813 413 868 haud
431 813 566 869 immerito
586 813 721 877 creditur,
740 812 815 884 quod
829 813 912 883 jussu
930 809 1048 881 apostoli
1075 810 1168 865 nasius
1195 810 1258 866 libr.
1282 818 1306 868 6.
1331 812 1369 868 44
1384 813 1571 885 Theophilum
1594 813 1744 868 anathema
1763 811 1834 868 dicit
1850 812 1911 882 illis,

211 899 295 956 Pauli
312 899 502 971 evangelicam
513 915 591 953 suam
604 898 745 954 historiam
759 897 961 969 conscripserit,
973 896 1048 951 unde
1075 895 1123 966 qui
1146 904 1251 969 negant
1277 897 1418 955 chrisum
1439 899 1605 969 sanguinem
1630 899 1753 954 sudasse.
1797 897 1913 955 Constat

212 986 325 1058 quidam
342 985 515 1050 existimant,
541 984 661 1041 Paulum
679 1001 740 1040 eam
759 1001 859 1039 vocare
873 1002 951 1038 saram
965 1001 1046 1037 evcn-
1074 983 1249 1053 evangelium
1266 983 1363 1039 Lucae
1381 985 1520 1056 capitibus
1540 991 1581 1055 24,
1605 986 1635 1040 in
1652 983 1755 1056 quihus
1771 991 1833 1041 tum
1849 1001 1910 1056 pro

209 1073 312 1140 pelium
330 1071 447 1126 Roman.
467 1078 491 1139 2,
508 1089 534 1128 t.
556 1075 594 1126 46.
631 1076 654 1127 2.
674 1070 746 1127 lim.
769 1076 793 1140 2,
811 1088 836 1124 r.
856 1075 880 1128 8.
910 1069 1046 1125 Eusebius
1074 1067 1162 1123 dromi
1173 1068 1237 1124 ioh.
1249 1070 1394 1141 Baptistae
1407 1068 1578 1126 tamchtisti
1593 1068 1776 1137 nativitatem,
1793 1059 1921 1127 amcam·

210 1156 259 1214 lib.
281 1163 303 1213 3.
321 1156 384 1212 hist.
403 1157 500 1212 eccles.
517 1173 540 1210 4.
553 1161 594 1212 21.
609 1162 740 1224 testatur,
758 1157 931 1223 4444444444
951 1158 1046 1210 Lucae
1072 1153 1212 1222 cisionem,
1231 1156 1423 1212 educationem
1441 1163 1470 1212 44
1488 1154 1612 1212 officium
1624 1162 1754 1213 accurate
1767 1155 1910 1215 4444ῐί444

209 1262 265 1298 non
294 1245 385 1298 minas
411 1261 496 1313 qinom
522 1243 665 1297 Matthaei
693 1251 719 1298 et
744 1243 843 1296 ilorci
869 1263 887 1297 a
913 1242 1045 1296 Johonne
1110 1255 1168 1306 246,
1188 1257 1212 1307 4,
1234 1251 1419 1318 &amelium
1433 1252 1582 1307 Jotamj,
1617 1249 1693 1307 fluia
1708 1255 1770 1307 ton
1789 1248 1962 1324 miqui-41«

207 1331 300 1396 sarisa
324 1331 518 1400 approbatum.
565 1328 670 1383 Mentio
698 1327 731 1383 fir
759 1329 844 1400 hujus
870 1329 963 1385 Lucae
992 1327 1044 1383 04
1071 1339 1115 1389 tae
1132 1335 1305 1406 praeclarum
1329 1337 1407 1392 dedit
1429 1337 1625 1392 testimonium,
1660 1334 1784 1391 Basilius
1807 1334 1838 1391 in
1861 1318 1962 1413 baffi*

208 1415 272 1472 loss.
292 1423 323 1485 4,
347 1433 374 1473 v.
401 1423 441 1472 14.
479 1422 503 1475 2.
521 1415 590 1470 'Ihm
612 1422 643 1484 4,
665 1431 692 1472 r.
719 1421 758 1473 ll.
794 1415 939 1470 Philemon
959 1433 984 1472 v.
1003 1420 1043 1471 24.
1072 1420 1129 1478 mih
1154 1438 1215 1493 sup.
1242 1421 1328 1491 princ.
1354 1423 1474 1479 Johann.
1508 1423 1606 1477 Omnis
1630 1420 1909 1492 ennnpsiiorrrsrnns

210 1503 369 1575 cumprimis
389 1503 473 1574 juxta
497 1501 671 1573 quorundam
695 1501 859 1557 seutentiam
884 1507 907 1557 2.
934 1500 996 1557 Cor.
1020 1506 1044 1569 8,
1072 1506 1189 1576 reliquis
1207 1509 1331 1562 ornnrhue
1352 1509 1446 1563 444444
1467 1508 1593 1579 &iriam
1610 1507 1773 1578 prceeeptr's
1790 1508 1908 1564 4444444-

209 1608 235 1643 v.
258 1596 303 1646 18:
331 1589 464 1644 Misimus
484 1606 545 1643 curn
563 1588 615 1642 illo
624 1589 760 1656 fratrem,
778 1589 858 1656 errius
875 1588 941 1643 leae
957 1588 1044 1641 celin
1071 1593 1129 1646 tior
1146 1609 1203 1647 esra
1221 1594 1411 1662 dipnoscitar,
1434 1595 1513 1663 qnod
1537 1595 1568 1647 in
1592 1592 1662 1649 44444
1686 1610 1740 1664 pes·
1754 1593 1910 1664 propbetas

209 1677 353 1744 enarcpctio
376 1692 432 1744 per·
457 1692 550 1730 omnes
579 1675 722 1742 4441444444,
751 1691 785 1729 ex
811 1690 867 1744 qno
894 1674 1044 1744 colligitur,
1071 1694 1181 1742 cernor,
1200 1680 1230 1732 in
1248 1681 1400 1748 4444444444
1417 1688 1509 1734 erdem
1523 1696 1578 1749 per·
1594 1695 1625 1735 se
1643 1679 1784 1733 Dominae
1801 1697 1853 1734 noc
1869 1687 1909 1735 est

210 1761 385 1834 evangelium
403 1760 499 1817 Lucae
518 1762 579 1832 jam
598 1766 657 1815 tum
677 1760 707 1814 in
728 1760 846 1816 eeclesia
862 1766 958 1815 notum
984 1776 1045 1830 pro—
1072 1763 1217 1819 alterutris.
1262 1767 1298 1820 la
1325 1767 1415 1835 ipsine
1441 1773 1532 1820 antem
1559 1765 1699 1833 eocnpelii
1724 1765 1859 1821 4444444444
1883 1775 1909 1821 n

209 1848 340 1905 batumve
356 1848 457 1916 fuisse,
482 1865 545 1902 cum
569 1846 621 1902 enh
644 1846 760 1902 Claudio
778 1847 882 1902 Paulus
899 1862 934 1902 ex
952 1845 1045 1902 Mace·
1071 1851 1206 1903 nerrnonr'r
1222 1852 1415 1919 mapnitndr‘ne
1432 1859 1458 1905 et
1478 1851 1677 1905 rentmticrnsr
1698 1851 1840 1919 pravitate
1857 1852 1909 1907 Jo-

210 1935 294 1990 donia
309 1935 437 1990 tenderet
454 1934 683 2005 Hierosolymam.
703 1933 833 1990 irenaeus
851 1932 898 1988 lib.
918 1938 942 2002 3,
959 1950 984 1989 4.
1005 1939 1045 1993 44.
1071 1936 1177 1989 lennes
1196 1937 1278 2003 filins
1302 1938 1420 1990 tonitrui
1436 1938 1550 2007 primns
1569 1937 1680 1992 obtinet.
1716 1935 1860 2008 Chrysost
1878 1936 1908 1993 'm

208 2040 237 2092 p.
259 2026 315 2076 446.
332 2026 528 2075 commemorat
547 2021 647 2089 omnia,
663 2036 735 2092 quas
753 2037 820 2090 prae
835 2019 949 2090 reliquis
963 2036 1045 2075 cvan-
1070 2021 1176 2093 prolog.
1202 2030 1347 2078 comment.
1374 2039 1458 2092 super
1481 2021 1602 2077 iohann.
1636 2023 1721 2077 Omni
1743 2023 1908 2078 4444444444

209 2105 317 2177 gelistis
337 2105 428 2159 Lucas
455 2106 607 2162 annotavit.
641 2105 707 2160 Fuit
731 2106 823 2176 patria
845 2105 1045 2173 Antiochcnus,
1070 2107 1230 2174 Johannes,
1249 2109 1376 2178 omnique
1398 2109 1507 2162 mnrr'ca
1526 2108 1641 2161 4444444
1656 2108 1811 2178 utiliusque
1825 2124 1908 2178 prce·

210 2190 381 2263 professione
399 2191 532 2259 medicas,
548 2198 621 2248 teste
632 2192 753 2247 Eusebio
771 2192 831 2248 libr.
854 2191 960 2247 314444.
980 2198 1043 2247 c.4.
1071 2194 1146 2247 cinit.
1181 2196 1235 2248 Est
1258 2195 1285 2247 er'
1305 2195 1483 2263 proscenium
1506 2194 1663 2248 carbasum
1688 2194 1810 2261 coelum,
1834 2195 1908 2250 4444·

209 2285 238 2334 44
267 2277 437 2348 Hieronymo
469 2277 499 2331 in
528 2277 647 2349 catalog.
680 2277 773 2347 script.
805 2278 879 2348 quod
915 2278 1044 2349 congruit
1071 2287 1142 2332 trum
1160 2281 1236 2332 orbis
1255 2287 1361 2348 terrae,
1385 2288 1553 2350 spectmorer
1581 2280 1676 2349 angeli
1698 2288 1726 2334 et
1752 2280 1907 2352 4444444444

208 2380 272 2419 cnm
296 2362 399 2419 Colone.
429 2369 458 2431 4,
483 2381 507 2418 v.
535 2370 573 2418 14.
618 2362 648 2418 Si
671 2363 827 2432 Nicephoro
853 2363 900 2418 lib.
926 2370 951 2420 6.
980 2363 1043 2420 hist.
1071 2366 1193 2419 heminae
1224 2366 1321 2434 onpeli
1342 2374 1406 2418 ment
1427 2374 1477 2421 aar
1495 2367 1563 2435 fieri
1583 2366 1756 2421 4444444444.
1790 2365 1908 2423 Ambro-

208 2467 233 2504 c.
255 2456 280 2505 6.
303 2448 386 2504 tidem
412 2448 560 2512 habemus,
591 2465 654 2503 cum
681 2448 834 2504 medicinae
863 2450 962 2519 peritia
984 2451 1044 2519 pin-
1070 2451 1127 2504 eius
1153 2450 1201 2505 lib.
1225 2457 1248 2506 ³.
1275 2451 1311 2505 de
1329 2450 1449 2506 Sacram.
1473 2469 1497 2507 c.
1523 2456 1545 2507 2.
1579 2451 1727 2506 Johcnnea
1748 2468 1908 2525 44444444

209 2534 293 2606 gandi
320 2534 466 2589 artificium
495 2535 647 2605 conjunxit.
690 2534 878 2605 Hieronymus
905 2536 933 2589 in
964 2554 988 2594 c.
1019 2544 1043 2591 n.
1071 2538 1169 2590 ceteris
1197 2537 1269 2590 vidit
1292 2554 1395 2604 moync
1418 2537 1551 2605 mycterio
1576 2545 1625 2592 etc.
1668 2538 1771 2592 Omnes
1795 2538 1908 2608 quiden

208 2621 273 2676 Esa.
293 2620 391 2675 tribuit
408 2619 434 2675 ei
451 2618 504 2674 hoc
529 2619 663 2690 elogium,
687 2622 763 2688 quod
784 2619 913 2675 Graecae
931 2622 1044 2690 linquae
1071 2624 1164 2675 nancti
1182 2622 1383 2689 errcnpelirtae,
1403 2639 1495 2676 omnes
1513 2622 1638 2692 apostoli
1648 2631 1767 2692 praeter
1776 2623 1907 2694 prodito·

203 2707 298 2775 snerit
311 2707 509 2775 4444ιὺ44444,
528 2705 558 2759 id
577 2707 652 2776 quod
670 2705 729 2776 ipsc
747 2706 880 2762 sermonis
894 2707 1044 2778 character,
1071 2724 1137 2776 rern,
1156 2725 1249 2762 ornnes
1265 2709 1365 2776 nancti,
1380 2717 1473 2763 tamen
1492 2717 1607 2763 sanctas
1623 2709 1781 2776 14444444,
1800 2710 1851 2780 qai
1864 2710 1906 2765 al·

210 2809 266 2864 qno
296 2790 484 2862 evangelicam
513 2790 655 2847 historiam
688 2793 868 2863 conscripsit,
904 2793 1044 2849 luculente
1071 2794 1153 2845 timon
1171 2794 1283 2862 44444444
1300 2794 1473 2861 cvanqelinm
1489 2795 1574 2863 penei
1595 2795 1769 2849 masma
1790 2795 1907 2864 repar'si·

208 2885 334 2945 testatur,
354 2894 455 2947 purum
474 2877 676 2931 Hellenshnsarn
694 2895 754 2932 earn
773 2878 936 2946 dilipentina
955 2882 1043 2935 obser-
1070 2887 1114 2932 tire
1131 2887 1155 2932 et
1173 2879 1274 2932 electura
1291 2896 1310 2934 a
1329 2879 1440 2933 Chrirto
1458 2880 1569 2948 majore
1592 2881 1717 2950 44444444
1741 2879 1808 2935 adn
1823 2879 1907 2948 fida

209 2982 289 3019 narse
306 2982 392 3034 qnam
409 2972 514 3017 ceteros
531 2964 731 3033 evangelistes,
748 2973 843 3019 noturn
861 2974 901 3019 cst
917 2968 1044 3034 eraditis,
1070 2965 1218 3032 mysterio,
1241 2965 1375 3032 quicquid
1392 2965 1500 3018 4444444
1517 2973 1572 3027 est,
1590 2965 1751 3034 mysterium
1769 2973 1818 3022 444.
1853 2963 1907 3036 (iy-

209 3051 249 3106 ait
271 3049 391 3106 Casaub.
414 3066 502 3107 exerc.
528 3056 556 3115 2,
582 3066 604 3104 4
626 3057 653 3118 4,
677 3069 704 3121 p.
725 3057 781 3107 161.
816 3050 990 3122 Epiphanius
1012 3059 1043 3108 42
1070 3051 1121 3103 rill.
1149 3049 1177 3103 in
1200 3049 1307 3120 prolog.
1324 3048 1424 3105 Johan.
1462 3051 1516 3104 Eri
1540 3051 1653 3119 pnidern
1679 3053 1844 3120 4444444444
1863 3066 1907 3105 es·

210 3135 352 3208 discipulis
372 3152 437 3192 eum
463 3143 641 3204 annumerat,
663 3136 698 3192 de
721 3152 776 3207 quo
802 3137 899 3193 merito
923 3137 1045 3192 dubitari
1069 3136 1173 3205 pordic
1192 3135 1350 3204 acqualiter
1368 3137 1493 3190 omnibu-r
1505 3137 1656 3207 proporr‘tn
1677 3144 1703 3191 et
1725 3139 1768 3191 cd
1790 3138 1907 3191 4444444

209 3229 314 3294 potest,
337 3239 401 3277 cum
427 3222 457 3276 in
474 3222 636 3293 evangelica
655 3221 770 3277 historia
790 3239 814 3277 c.
837 3230 862 3289 l,
890 3241 914 3278 v.
934 3229 958 3281 2.
977 3241 1045 3280 aaa
1070 3222 1175 3275 cnlcern
1200 3221 1341 3275 arrricalc
1364 3223 1450 3290 44444
1475 3222 1625 3291 diiigenter·
1650 3239 1745 3277 ornnes
1765 3224 1906 3292 fem,

210 3326 240 3364 se
259 3308 343 3364 scribi
361 3308 450 3370 dicat,
474 3324 546 3379 quae
563 3307 667 3363 tradita
683 3307 737 3362 sibi
756 3307 812 3364 sint
830 3308 866 3364 ab
888 3308 963 3378 aliis,
989 3328 1044 3365 non
1069 3324 1162 3360 nerum
1186 3308 1258 3359 enim
1280 3323 1345 3360 nero
1369 3309 1483 3361 dicer-rc
1507 3309 1549 3362 es'e
1576 3308 1669 3362 oratio
1685 3316 1716 3361 at
1733 3309 1861 3377 quamn
1876 3309 1962 3375 iam

211 3394 313 3465 quibus
337 3394 397 3465 ipae
422 3394 585 3450 interfuerit.
626 3395 739 3449 Annum
762 3395 861 3449 aetatis
885 3395 979 3467 attigit
1002 3402 1043 3454 84.
1070 3411 1155 3446 annm
1173 3394 1267 3445 arbem
1279 3394 1484 3467 persenserint,
1494 3395 1525 3446 in
1543 3394 1797 3464 maynnfeesiiores
1814 3403 1907 3451 tam

209 3486 282 3537 testo
302 3479 472 3550 Hieronymo
498 3480 527 3534 in
555 3480 674 3551 catalog.
703 3498 759 3552 qno
789 3481 901 3536 tandem
930 3489 1045 3538 mortem
1072 3481 1156 3532 ceder
1187 3477 1262 3530 cline
1291 3477 1352 3530 atio
1381 3479 1522 3546 inprecari
1549 3479 1619 3533 miii
1643 3480 1762 3533 cidenrr.
1807 3479 1905 3536 Hirco-

211 3566 282 3622 obiit
298 3566 328 3620 in
344 3566 492 3636 Bithynia,
515 3565 650 3621 referente
667 3568 764 3622 eodem
782 3567 811 3620 in
827 3568 891 3622 Act.
926 3568 1045 3633 Quidam
1071 3582 1146 3636 nyrn
1166 3563 1195 3617 in
1214 3580 1335 3633 prooem.
1354 3570 1497 3619 comment.
1521 3563 1550 3616 in
1568 3563 1666 3619 blattb
1688 3564 1819 3621 Jocnrres
1839 3582 1906 3636 444

210 3652 325 3708 tradam
347 3669 410 3707 cum
434 3652 462 3706 in
485 3641 604 3706 Graecia
628 3651 663 3706 de
687 3653 748 3707 olea
770 3669 933 3723 suspensum
956 3653 1042 3707 vitam
1072 3651 1161 3705 etnim
1179 3658 1204 3703 ct
1223 3648 1408 3717 campanea,
1427 3667 1506 3718 qncrn
1523 3650 1608 3704 Jecur
1625 3651 1732 3705 4444444
1746 3651 1910 3722 piarirsass,

212 3738 344 3808 martyrio
361 3737 473 3793 finiisse.
509 3738 587 3803 Quae
604 3754 690 3792 causa
706 3737 797 3808 ipsum
814 3739 850 3791 ad
868 3738 1045 3794 scribendam
1073 3754 1157 3805 caper
1170 3743 1269 3805 444444
1283 3735 1405 3789 Domini
1420 3736 1579 3789 recumbenti
1594 3736 1751 3806 perierimus
1768 3738 1909 3793 444444444-

210 3823 354 3879 historiam
371 3824 561 3896 evangelicam
579 3823 731 3896 impulerit,
753 3824 870 3895 ipsemet
889 3824 918 3879 in
937 3825 1045 3894 praefa—
1072 3840 1135 3874 ram
1153 3822 1261 3889 fluenta
1283 3821 1408 3889 potavit,
1434 3821 1565 3891 44444444
1593 3823 1630 3875 dc
1647 3839 1726 3876 44444
1745 3823 1846 3878 meruit
1861 3840 1910 3877 oa·

211 3910 287 3967 tione
319 3909 496 3967 manifestum
525 3909 602 3965 facit.
651 3910 789 3966 Eusebius
818 3909 866 3964 lib.
899 3916 922 3964 3.
952 3911 1045 3967 histor.
1074 3909 1150 3974 dire,
1169 3923 1230 3960 ecce
1246 3914 1336 3959 mater
1353 3913 1409 3959 tac.
1430 3905 1477 3961 lib.
1499 3912 1521 3962 4.
1545 3906 1654 3962 advers.
1676 3906 1769 3963 Joriu.
1796 3915 1907 3978 aposte-

109 4012 138 4052 11.
153 4008 197 4053 tal.
210 4014 235 4053 4.
256 4003 298 4053 24.
315 3996 432 4052 indicat:
456 3998 563 4051 444444
580 4014 627 4065 ec,
655 4013 726 4066 4444
746 3998 872 4052 64444444
890 3999 979 4068 eoepit
999 4000 1045 4061 fa·
1073 3993 1143 4059 lam,
1169 3992 1367 4060 enanpelrhtam
1387 3999 1413 4045 ct
1425 3992 1594 4061 4444444444
1613 4009 1675 4046 enni
1692 4001 1790 4059 socan
1810 3993 1907 4067 Angr-

210 4099 272 4138 cere
289 4091 316 4137 et
333 4085 535 4152 doceremque
557 4085 599 4136 cd
621 4082 809 4151 captivitatem
826 4082 969 4137 Johnnnr'e
988 4087 1046 4139 Ba·
1073 4077 1135 4133 stin.
1159 4077 1238 4147 epist.
1265 4082 1320 4132 168.
1343 4077 1530 4146 praeeipuam
1556 4077 1716 4132 dininonrrn
1741 4087 1908 4135 samem

206 4171 312 4241 ptr'stce
332 4178 359 4225 et
377 4186 412 4224 en
426 4173 517 4236 ferme
536 4171 674 4223 dantnnm
692 4169 861 4232 (4444444444,
879 4186 951 4238 qnae
965 4171 1046 4224 tertio
1072 4165 1248 4232 interpretem
1265 4179 1326 4215 cnm
1345 4162 1481 4232 appellnt.
1498 4161 1547 4216 lib.
1569 4168 1608 4218 14.
1623 4162 1658 4218 44
1678 4162 1731 4218 civ.
1749 4162 1806 4220 Dei
1824 4181 1850 4221 c
1868 4171 1908 4223 24.

210 4274 285 4311 anno
308 4257 458 4311 minr'sterii
478 4255 585 4310 6244444
608 4256 785 4324 acciderunt,
809 4257 883 4308 unde
900 4256 1046 4310 lohannes
1072 4249 1189 4302 Initium
1213 4248 1307 4303 sonms'
1330 4248 1481 4316 evangelii,
1504 4248 1551 4301 otti
1572 4265 1670 4303 nornen
1693 4255 1735 4303 eet
1757 4252 1909 4307 eccm

208 4352 307 4414 postea
329 4344 360 4397 in
381 4359 433 4397 444
458 4343 602 4411 erranpelio
627 4342 682 4396 illc
699 4341 831 4411 nrrpplere
849 4349 962 4395 coactae
978 4343 1043 4406 fnit
1072 4336 1242 4396 4014444444,
1265 4333 1382 4402 quidam
1401 4332 1578 4397 Platonkw.
1602 4333 1673 4387 444144
1691 4351 1710 4386 a
1729 4343 1827 4390 sancto
1845 4350 1908 4391 sess

210 4428 372 4486 Ambrosius
399 4429 429 4483 in
446 4445 471 4483 4.
494 4434 508 4484 2
532 4428 627 4483 Lucae
654 4428 689 4484 de
707 4444 740 4482 eo
761 4426 871 4482 scribit:
900 4429 994 4480 44444
1016 4445 1045 4481 ee
1075 4419 1271 4489 Simpliciano.
1284 4418 1442 4488 4444404444
1455 4418 1669 4472 Μθᾶἱοὶαπθωὲ
1679 4420 1905 4491 4444444444)κύ

208 4517 279 4571 sotis
305 4517 418 4570 divitem
437 4518 508 4584 sore
536 4515 672 4582 credidit,
699 4515 727 4567 si
744 4530 882 4583 praesepe
908 4521 933 4566 et
960 4531 1046 4566 canna
1072 4507 1147 4559 aedit
1172 4505 1330 4574 4444440444,
1361 4503 1518 4557 solabamur
1544 4505 1660 4572 audire,
1695 4506 1792 4560 aureis
1817 4507 1908 4563 ls'tsris

210 4603 331 4658 Domini
345 4603 401 4655 sibi
417 4619 450 4655 ex
468 4602 593 4655 omnibns
610 4601 778 4656 vendicaret.
813 4599 855 4653 Ex
874 4616 896 4653 4.
918 4604 958 4653 22.
976 4598 1044 4652 Luc.
1073 4591 1298 4645 vvtwfflbttldum
1316 4597 1341 4642 ⁶3
1352 4605 1408 4657 4³⁰²·
1426 4605 1519 4642 Omw
1538 4589 1632 4644 444444·
1652 4588 1683 4644 ⁸⁸4⁸
1701 4590 1772 4646 1⁰05·
1791 4592 1907 4648 timim·

209 4688 275 4745 olim
300 4687 330 4743 in
361 4686 478 4742 dubium
507 4692 637 4741 revocata
663 4684 718 4740 fuit
739 4684 853 4739 historia
879 4687 914 4738 de
941 4686 1046 4739 endor-e
1072 4678 1188 4732 44444444
1203 4678 1419 4746 proponendum
1437 4691 1496 4729 eece
1513 4675 1631 4730 dicebat.
1648 4681 1729 4733 tract.
1742 4681 1783 4732 36.
1803 4677 1907 4735 ianr.

211 4775 320 4832 virini
341 4774 495 4841 sucaranae
524 4780 550 4826 ct
576 4772 768 4825 consolatione
796 4771 940 4839 anpelicc,
974 4775 1045 4825 teste
1075 4764 1165 4818 Ceteri
1189 4762 1375 4830 evangelistae
1402 4769 1536 4831 44444444
1564 4780 1626 4816 cum
1649 4763 1775 4817 Domino
1798 4764 1908 4819 homins

209 4860 316 4916 Hilario
344 4859 392 4914 lib.
422 4865 462 4914 46.
490 4857 527 4911 44
554 4856 652 4911 'lhinit
680 4861 709 4910 et
731 4855 902 4927 Hieronymo
930 4856 992 4911 libr.
1020 4861 1043 4912 2.
1072 4852 1102 4904 in
1119 4848 1373 4941 terra'nmbrdont,
1400 4848 1436 4901 de
1460 4847 1606 4902 diuinitate
1629 4849 1691 4918 4444
1709 4866 1808 4920 pauco
1832 4852 1908 4906 dice

209 4953 306 5004 contra
331 4944 428 5017 Pelag.
454 4943 551 5014 procul
583 4943 681 5009 dubio,
711 4942 776 5013 quia
804 4958 868 4997 cum
899 4941 1044 4996 divinitate
1071 4945 1150 4999 rant,
1178 4936 1338 4989 Jokaooem
1356 4941 1447 4988 amm
1465 4935 1549 5004 44444
1563 4935 1690 5004 pipnerit
1708 4936 1738 4988 r'n
1753 4943 1834 4992 terra
1850 4953 1907 4991 ass·

209 5031 275 5087 Filii
300 5047 335 5088 ω
359 5029 528 5087 videbantur
553 5044 694 5101 pugnare,
724 5027 797 5082 niem
822 5027 905 5082 etiam
930 5028 1045 5099 quidam
1056 5004 1060 5100 1
1071 5023 1177 5090 halare,
1195 5021 1281 5075 erexit
1299 5037 1329 5074 se
1350 5038 1407 5074 non
1422 5020 1513 5074 solnm
1531 5038 1616 5091 saper
1633 5029 1738 5076 terram
1757 5030 1783 5076 et
1801 5040 1909 5079 4444444

208 5117 338 5174 catholici
356 5123 534 5189 praepostero
552 5115 613 5172 4414
633 5132 648 5171 4
666 5114 724 5169 suia
742 5113 822 5169 codd.
840 5112 956 5168 verbum
966 5114 1045 5183 sterit
1071 5110 1203 5164 ambitum
1233 5107 1308 5160 aem
1337 5113 1362 5159 et
1390 5106 1476 5174 coeli,
1502 5108 1553 5161 red
1579 5123 1665 5177 caper
1690 5125 1799 5163 ornnem
1825 5109 1909 5164 444444

209 5220 243 5260 er
263 5220 287 5257 c.
313 5209 352 5260 43.
373 5202 444 5260 Luc.
471 5202 649 5269 abraserunt,
674 5200 811 5256 refereme
831 5198 989 5271 Epiphanio
1015 5199 1044 5253 in
1071 5196 1218 5251 exercitum
1236 5194 1400 5262 anpelcrarn
1418 5201 1444 5247 et
1455 5195 1584 5262 peruenit
1601 5196 1643 5248 cd
1659 5210 1734 5262 earn,
1753 5211 1811 5266 per·
1829 5213 1909 5265 44444

207 5289 359 5346 44444444.
394 5288 452 5346 Sed
468 5288 538 5344 baec
557 5305 614 5343 non
630 5286 685 5342 fuit
704 5285 845 5343 sufficiens
862 5302 947 5341 causa
964 5285 1044 5341 dubi·
1063 5284 1151 5350 facta
1169 5287 1232 5333 nint
1251 5280 1352 5342 omnin,
1372 5278 1483 5333 daem:
1500 5281 1536 5333 In
1547 5279 1692 5350 principio
1703 5289 1767 5334 erat
1782 5281 1907 5337 Variana

206 5374 330 5434 tationis.
365 5374 603 5447 Distinguendum
619 5373 692 5428 enim
711 5374 784 5429 inter
799 5378 930 5427 naturam
941 5370 1045 5426 Christi
1056 5404 1059 5525 Ι
1070 5373 1149 5422 tract.
1168 5371 1191 5420 3.
1209 5365 1239 5419 in
1256 5364 1337 5436 epist.
1355 5363 1456 5421 Johan.
1485 5367 1545 5419 Lac
1569 5374 1694 5420 nostram
1714 5365 1843 5423 canarno
1858 5367 1908 5422 ln

208 5462 331 5522 divinam
355 5466 385 5517 et
403 5461 569 5531 humanam3
598 5458 825 5533 distinguendum
844 5459 917 5515 inter
939 5462 1045 5515 statum
1070 5452 1147 5508 nsiiir
1166 5451 1310 5521 cat-cibas
1327 5458 1422 5505 444444
1438 5451 1512 5505 idem
1530 5449 1657 5506 04444444
1675 5453 1805 5522 44444444
1816 5453 1909 5510 Petri.
