3984 6022
184 259 245 322 522
721 283 725 290 ·
869 253 993 312 LOCUS
1015 254 1196 320 QUARTUS

156 433 161 454 ι
185 412 291 465 natura
308 414 336 466 st
352 410 433 464 homo
451 408 599 476 differunt,
624 414 656 464 ut
672 409 845 463 individuum
863 414 893 464 st
908 409 1089 533 spericapest
1113 412 1206 478 Deus,
1239 428 1296 466 uon
1324 416 1389 466 sunt
1415 410 1618 479 accidentales,
1646 411 1699 466 sed
1722 414 1878 481 personales.

188 511 360 566 consequens
379 496 441 563 erit,
467 495 615 549 humanam
632 495 734 550 Christi
750 503 876 550 naturam
894 513 954 551 esse
973 496 1021 566 hy·
1048 503 1070 550 4.
1093 495 1122 550 Si
1141 495 1208 552 haec
1227 498 1391 569 propositio:
1410 499 1490 551 Deus
1508 506 1547 550 est
1566 498 1657 564 hansa,
1678 505 1829 569 propterea
1842 517 1881 555 ac·

187 582 327 652 postasin,
345 598 377 636 ac
398 583 514 652 proinde
532 582 614 637 etiam
631 583 660 636 in
679 582 788 637 Christo
808 600 868 637 esse
884 583 954 637 duas
971 583 1021 653 hy·
1046 583 1192 637 cidentalis
1213 589 1286 638 esset
1306 584 1437 651 dicenda,
1454 584 1528 653 quod
1547 583 1741 652 praedicatum
1759 586 1799 639 sit
1815 591 1883 641 extra

187 675 322 740 postases.
361 676 385 724 4.
406 668 485 722 Haec
503 669 625 739 analysis
648 670 676 723 in
693 687 748 724 uuo
767 670 920 740 eodemque
936 669 1022 723 verbo
1047 669 1195 722 essentiam
1213 669 1340 740 subjecti,
1357 687 1413 724 nou
1426 685 1537 740 possem
1547 669 1692 739 reciproce
1704 669 1882 726 dicerehcns

185 754 214 809 in
238 755 363 825 subjecto
384 756 465 807 Deus
490 760 546 810 tres
569 756 713 810 constitnit
730 761 826 826 typos,
854 755 943 825 primo
962 756 1021 825 qui-
1047 762 1088 805 est
1114 757 1207 822 Dens,
1235 754 1301 825 quia
1322 755 1489 809 vocabulum
1511 756 1609 823 homo,
1636 756 1713 827 quod
1742 756 1773 810 in
1799 757 1883 827 priore

187 841 250 895 dem
275 840 469 911 synecdochen
492 841 738 907 adiudicandum,
768 842 843 912 quod
868 860 921 896 vox
942 845 1021 895 Deus
1046 840 1233 910 propositione
1262 847 1321 895 erat
1345 841 1523 910 adjunctum,
1553 847 1640 896 staret
1669 841 1731 896 loco
1761 842 1883 913 subjecti,

184 944 240 980 non
264 932 388 981 sumatur
409 944 460 997 pro
479 934 538 981 tota
553 928 689 994 trinitate,
715 930 764 983 sed
783 933 891 982 tantum
911 944 961 997 pro
981 945 1020 982 se·
1046 925 1253 980 scvocabulum
1266 928 1354 994 Dan,
1372 927 1447 997 quod
1464 927 1493 980 in
1510 927 1702 999 propositione
1717 927 1813 999 priore
1832 935 1884 983 ssu

185 1011 278 1066 cunda
296 1029 413 1082 persona
431 1012 574 1081 trinitatis,
600 1014 700 1068 deinde
724 1013 916 1084 synecdochen
934 1013 1021 1083 partis
1046 1012 1211 1082 subjectum,
1231 1020 1316 1068 staret
1333 1014 1395 1068 loco
1413 1013 1549 1085 adjuncti,
1567 1020 1596 1069 et
1614 1014 1656 1068 sic
1672 1014 1830 1085 subiectum
1846 1016 1884 1069 in·

185 1113 235 1167 pro
255 1102 320 1164 toto,
340 1114 402 1152 cum
421 1098 494 1153 enim
512 1106 630 1168 ponatur
649 1100 784 1154 duntaxat
803 1116 859 1153 una
877 1116 941 1169 pars
959 1117 1019 1168 per·
1046 1105 1119 1153 esset
1136 1099 1277 1169 adjuncto.
1313 1099 1389 1172 Ergo
1409 1118 1465 1155 non
1482 1117 1517 1154 ex
1533 1100 1617 1155 modo
1636 1100 1774 1156 inessmdi
1791 1101 1883 1172 logice

185 1199 270 1238 sonae
283 1188 427 1251 narseten,
445 1185 610 1256 intelligitur
622 1190 697 1240 totus
711 1185 836 1240 Christus
847 1191 1021 1256 111101111-
1046 1191 1174 1253 accepto,
1202 1185 1251 1239 sed
1278 1203 1311 1241 ex
1336 1186 1418 1241 modo
1440 1185 1551 1240 unionis
1571 1191 1674 1240 natura
1690 1192 1718 1241 et
1733 1187 1884 1257 explicatio
1894 1187 1923 1227 tu

185 1275 248 1324 tura
263 1276 406 1325 constans:
421 1271 544 1342 denique
553 1272 717 1326 mntrariam
731 1272 925 1342 synecdochen
936 1272 1022 1326 totius
1047 1269 1266 1340 propositionum
1285 1271 1382 1326 harum
1402 1262 1575 1327 deducenda

185 1372 235 1426 pro
252 1360 340 1426 parte,
361 1357 436 1426 quod
454 1357 544 1426 posito
562 1362 622 1412 toto
635 1357 744 1411 Christo
764 1356 937 1428 intelligatur
953 1358 1021 1412 dun·
1086 1362 1142 1410 162.
1179 1364 1202 1409 t.
1232 1355 1351 1420 Quidam
1369 1356 1467 1411 dicunt
1484 1372 1545 1411 esse
1558 1357 1793 1426 praedicationes
1810 1359 1884 1411 iden·

188 1447 264 1497 11111
283 1441 405 1497 humana
423 1441 509 1512 ipsius
527 1451 633 1498 natura.
667 1443 723 1497 Tot
740 1441 961 1511 circuitionibus,
981 1450 1023 1497 101
1047 1442 1125 1495 tices.
1160 1440 1240 1496 Conf.
1266 1441 1343 1496 Orth.
1367 1441 1386 1497 f.
1413 1449 1451 1498 18.
1472 1447 1501 1497 11
1523 1447 1584 1497 123:
1618 1444 1656 1496 In
1677 1445 1883 1512 propositione:

185 1527 280 1596 tropis,
296 1533 338 1582 tot
351 1527 552 1583 detorsionibus
562 1544 632 1597 opus
644 1542 692 1596 est,
706 1534 738 1581 ut
746 1544 780 1583 er
792 1528 885 1598 phrasi
898 1528 1022 1598 Scriptu—
1047 1529 1105 1580 Iste
1123 1528 1204 1580 homo
1223 1536 1263 1581 est
1282 1529 1377 1581 Filius
1395 1528 1456 1581 Dei
1468 1545 1524 1597 pes·
1542 1528 1715 1596 nshjsctum,
1734 1530 1814 1582 homo
1831 1547 1881 1583 aen

185 1630 232 1668 rue
243 1620 271 1668 et
284 1631 316 1668 ex
327 1613 514 1683 propositione
523 1614 674 1683 personali:
692 1615 773 1667 Deus
782 1624 823 1667 est
832 1616 920 1676 home,
931 1614 1021 1669 elicia-
1047 1614 1130 1682 illari,
1148 1616 1225 1683 qrsod
1239 1613 1366 1667 Christus
1375 1614 1463 1677 homo,
1481 1617 1532 1667 scri
1550 1615 1669 1684 quaein
1682 1613 1795 1668 Chrs'sto
1807 1616 1881 1669 horso

186 1707 231 1754 tur
251 1700 364 1755 tandem
383 1699 444 1753 illa:
464 1702 585 1753 humana
599 1699 706 1754 Christi
723 1710 827 1753 natura
847 1709 887 1753 est
904 1701 992 1755 homo.
1048 1707 1095 1767 cst,
1114 1700 1166 1754 hoc
1184 1708 1225 1754 est
1243 1701 1399 1769 hypostasis
1417 1707 1442 1752 st
1456 1717 1591 1768 pasena,
1611 1700 1792 1768 intellipitur.
1826 1701 1882 1755 Hoc

164 1804 168 1814 ·
224 1790 279 1841 161.
315 1793 339 1841 4.
367 1785 487 1849 Quidam
511 1786 607 1840 dicunt
633 1804 692 1840 esse
716 1788 925 1855 propositiones
951 1787 1022 1840 acci·
1048 1794 1139 1839 autem
1159 1795 1199 1839 cst
1217 1787 1276 1855 ipm
1296 1787 1355 1838 Dei
1365 1786 1460 1839 Filius
1478 1794 1632 1839 assumtam
1653 1794 1680 1839 st
1698 1787 1882 1840 111111111ηὲ11

186 1872 327 1940 mames,
346 1871 421 1941 quod
440 1870 531 1925 iacere
556 1879 693 1941 coguntur
712 1888 820 1939 omnes,
846 1871 894 1943 qui
912 1889 1022 1926 samem
1049 1872 1077 1924 in
1101 1889 1130 1925 se
1157 1872 1260 1925 habens
1284 1872 1498 1939 humanitatem,
1523 1889 1580 1940 qua
1601 1873 1684 1926 homo
1704 1880 1754 1929 est.
1791 1874 1882 1942 Liquet

187 1957 283 2012 dicunt
301 1974 361 2012 esse
374 1954 473 2022 Λόγου
491 1957 653 2026 adjunctum
670 1957 728 2012 sive
747 1958 884 2013 accidens.
909 1957 1023 2014 Contra:
1049 1958 1135 2023 iaitnr
1162 1958 1226 2011 hine
1242 1966 1362 2026 propter
1387 1958 1512 2026 ejsudem
1531 1958 1693 2024 hypostasis
1718 1960 1751 2011 in
1769 1961 1881 2028 najara

190 2050 212 2097 1.
230 2042 296 2098 unio
320 2060 376 2097 non
394 2048 437 2096 est
456 2042 642 2097 accidentalis.
678 2043 753 2114 Ergo
771 2060 823 2098 nec
840 2043 1023 2114 praedicatio,
1048 2052 1075 2096 et
1097 2045 1265 2112 praedicato
1293 2045 1468 2096 identitatem
1496 2044 1633 2097 hominem
1663 2042 1806 2097 Christum
1830 2061 1881 2098 ssss

186 2135 211 2184 2.
232 2129 261 2182 11
279 2127 485 2199 praedicatione
502 2128 667 2183 accidentali
682 2146 823 2200 nunquam
840 2131 952 2199 ponitur
961 2130 1022 2184 loco
1049 2130 1156 2183 Filiam
1174 2131 1233 2183 Dei
1253 2130 1470 2198 praedicatione
1495 2146 1558 2181 uere
1575 2131 1716 2198 idmtica,
1742 2148 1798 2199 qua
1814 2131 1881 2182 siric

186 2213 340 2284 praedicati
363 2213 447 2282 illud,
473 2214 547 2285 quod
564 2215 602 2269 ad
619 2214 650 2267 τὸ
668 2214 739 2269 εἶναι
757 2215 941 2270 inperatricis
958 2215 1021 2269 suh·
1049 2217 1114 2269 licet
1137 2217 1211 2268 idem
1237 2218 1272 2269 de
1295 2233 1324 2269 se
1350 2216 1424 2285 ipso,
1449 2217 1484 2269 iel
1506 2223 1547 2268 est
1566 2215 1663 2268 Filius
1689 2217 1752 2269 Dei
1776 2218 1811 2270 ds
1834 2233 1882 2269 sua

183 2300 253 2371 jecti
276 2300 404 2369 pertinet.
440 2300 495 2357 Sed
519 2300 548 2355 in
571 2301 803 2371 propositionibus
830 2301 1022 2372 personalibus
1049 2302 1206 2369 hypostasi,
1231 2302 1268 2369 ab
1292 2302 1384 2355 altera
1408 2310 1433 2355 st
1456 2309 1580 2354 assumta
1600 2309 1708 2354 natura
1724 2303 1881 2372 proprisit

185 2385 247 2440 loco
264 2385 416 2456 praedicati
426 2386 545 2456 ponitur,
564 2387 638 2457 quod
656 2387 692 2440 ad
710 2386 740 2441 ui
756 2388 826 2442 sirm
841 2386 1024 2442 ὑποσιαιικὸν
1050 2388 1238 2440 essentialiter
1259 2389 1456 2455 praedicatur.
1501 2383 1648 2455 Grynaeus
1677 2386 1784 2456 disput
1811 2388 1836 2440 d.
1859 2394 1883 2441 et

186 2469 305 2542 subjecti
331 2471 468 2542 pertinet,
497 2477 673 2545 utflcoustat.
715 2472 798 2544 Ergo.
834 2480 857 2528 3.
879 2474 954 2531 Unio
982 2481 1024 2529 est
1050 2471 1694 2541 Ρ1111111111.3.0011111.Ε101111.0.11.
1718 2472 1882 2527 1211111111

186 2558 313 2628 mystica,
330 2558 514 2630 μονότροπος,
532 2558 688 2630 singularis,
706 2559 847 2627 inusitata,
861 2576 927 2631 ergo
940 2561 1022 2614 etiam
1049 2566 1151 2613 vocant
1170 2559 1322 2612 identicam
1346 2557 1574 2628 propositionem.
1611 2552 1684 2613 Inde
1701 2558 1776 2614 tales
1793 2575 1881 2630 propo

187 2643 251 2698 talis
269 2643 321 2697 erit
337 2642 517 2715 praedicatio.
541 2643 704 2714 Excipiunt:
722 2647 933 2713 Praedicatum,
947 2648 1024 2714 quael
1050 2642 1296 2704 nuntiantium:
1320 2644 1414 2696 Filius
1435 2645 1495 2697 Dei
1512 2652 1552 2696 est
1570 2644 1659 2712 hana,
1680 2645 1774 2698 idest
1791 2645 1883 2714 iapa'

188 2738 229 2782 est
254 2736 332 2783 entra
355 2730 472 2798 urijccti
498 2731 663 2791 essentiam,
692 2732 906 2784 accidentaliter
931 2733 966 2785 cle
990 2748 1022 2784 so
1051 2739 1089 2785 est
1112 2731 1206 2784 Filius
1223 2732 1283 2784 Dei
1291 2771 1298 2798 ,
1317 2738 1357 2783 est
1375 2731 1460 2783 stiam
1478 2731 1576 2794 homo;
1597 2746 1740 2799 persocia,
1760 2747 1832 2799 quas
1849 2738 1882 2784 sst

184 2815 379 2884 praedicatur.
415 2815 506 2884 Atqui
531 2824 634 2869 natura
660 2817 782 2870 humana
812 2826 852 2870 cst
878 2805 957 2870 cetra
983 2834 1022 2870 es·
1050 2818 1138 2885 leomo,
1158 2824 1197 2870 est
1218 2817 1301 2869 elsam
1320 2818 1408 2879 Deus,
1429 2817 1522 2869 h's'lius
1537 2817 1598 2869 Dei
1616 2824 1779 2869 sustentans
1798 2818 1881 2871 huma

187 2901 303 2952 sentiam
325 2901 372 2952 roi
388 2899 495 2970 Λόγου.
525 2901 603 2967 Erpa
622 2902 884 2956 accidentalitatis
896 2920 1021 2972 capras·
1049 2922 1113 2956 nans
1129 2911 1261 2956 naturam
1278 2909 1318 2955 est
1334 2905 1421 2957 Deus.
1447 2902 1522 2956 Besa
1539 2901 1568 2955 iu
1583 2900 1651 2956 Coll.
1671 2901 1781 2973 Momp.
1796 2920 1823 2974 p.
1833 2908 1882 2958 113.

186 2985 309 3039 ductum
326 2985 479 3057 Respond:
500 2992 522 3041 1.
540 2987 563 3040 11
574 2987 619 3041 111
632 2987 749 3043 maxime
760 2988 789 3041 in
801 2988 928 3043 omnihus
939 2990 1022 3044 rebus
1051 3007 1101 3059 pro
1113 2989 1288 3060 Eutychiano
1302 2989 1431 3060 dogmate
1443 2987 1535 3055 habet,
1553 2987 1665 3058 quando
1681 2987 1798 3052 dieitur,
1816 2990 1883 3059 quad

185 3070 359 3126 marathus
386 3072 478 3126 locum
500 3071 615 3128 haberet
638 3072 686 3126 illa
709 3073 821 3145 regula,
850 3081 942 3130 tamen
966 3093 1022 3130 101
1049 3077 1129 3129 homo
1148 3077 1199 3127 iste
1218 3075 1334 3128 Mariae
1345 3074 1429 3144 filius
1446 3074 1559 3143 reipsa
1578 3090 1633 3143 per
1652 3073 1789 3127 unionem
1807 3077 1882 3145 lappa

185 3162 280 3227 posset
307 3158 342 3212 ad
368 3159 530 3230 mysterium
559 3159 668 3214 unionis
692 3161 844 3231 personalis
874 3168 902 3216 et
928 3180 960 3218 ex
989 3180 1021 3218 eo
1048 3163 1177 3215 staticam
1194 3162 1233 3214 sit
1250 3162 1339 3229 Deus,
1360 3178 1415 3214 non
1433 3162 1462 3212 in
1480 3177 1522 3226 se,
1542 3161 1595 3213 scd
1613 3159 1641 3211 in
1661 3158 1768 3230 Λόγῳ,
1787 3162 1832 3214 cui
1848 3168 1882 3214 sa

185 3244 351 3300 resultantes
379 3245 537 3314 personales
564 3247 785 3317 praedicationes
812 3249 1020 3307 accommodari.
1049 3248 1220 3316 hypostatice
1238 3248 1350 3312 unitus,·
1376 3264 1403 3318 p.
1423 3243 1684 3301 291110111011111
1715 3245 1753 3299 Si
1772 3248 1882 3300 dicimus

187 3329 259 3394 Quia
275 3330 304 3384 in
320 3330 403 3385 rebus
421 3331 594 3386 naturalibus
613 3333 711 3388 modus
730 3334 884 3404 inessendi,
915 3335 962 3404 qui
981 3343 1022 3389 est
1049 3335 1129 3386 illum
1147 3333 1283 3385 hcirrr'ncm
1298 3335 1470 3394 esseDeum,
1492 3331 1744 3399 intelliyimussui
1757 3332 1882 3386 vocam

185 3416 351 3487 principium
362 3416 550 3486 praedicandi,
565 3427 607 3473 est
619 3418 754 3475 duntaxat
765 3419 875 3489 duplex,
893 3421 936 3475 sel
949 3421 1021 3474 enim
1049 3421 1168 3473 hominis
1186 3421 1318 3472 deitatem
1338 3419 1382 3472 vel
1395 3419 1502 3472 filium
1520 3419 1580 3470 Dei
1597 3417 1648 3471 hoc
1665 3419 1774 3471 modo:
1797 3418 1882 3471 bilius

185 3502 258 3556 inest
277 3502 382 3573 aliquid
399 3508 532 3573 tauquam
553 3506 700 3558 essentiale
718 3507 899 3574 emetituens,
929 3507 973 3560 rel
991 3514 1022 3561 ut
1049 3506 1115 3573 Dei,
1138 3506 1187 3574 qni
1204 3506 1298 3557 unitus
1316 3513 1356 3558 est
1372 3503 1558 3571 humanitati,
1582 3511 1608 3555 st
1625 3503 1721 3555 dedas
1741 3505 1832 3572 ipsius
1848 3511 1883 3556 est

186 3587 360 3642 accidentale
386 3606 566 3658 consequens,
591 3590 664 3646 unde
682 3591 785 3660 duplex
809 3592 1021 3660 praedicationis
1049 3593 1137 3657 Deru,
1155 3591 1258 3643 Deitas
1277 3591 1349 3643 enim
1368 3590 1536 3643 humanitati
1548 3606 1603 3641 non
1618 3597 1661 3641 est
1673 3591 1884 3644 communicatu

187 3672 298 3737 modus,
318 3674 471 3729 essentialis
489 3681 517 3729 et
535 3675 728 3742 accidentalis,
750 3677 841 3732 011111.
878 3678 966 3749 Atqui
993 3678 1022 3731 in
1049 3676 1184 3730 Martinus
1203 3677 1242 3730 sic
1253 3676 1440 3747 progreditur:
1463 3676 1519 3729 Hic
1532 3675 1613 3728 homa
1625 3682 1665 3727 est
1679 3676 1771 3729 Deus.
1799 3678 1884 3730 Homo

186 3759 288 3820 unione
296 3761 434 3828 personali
450 3769 548 3817 neuter
564 3762 662 3817 modus
673 3762 813 3817 inessendi
826 3763 910 3818 habet
921 3764 1021 3828 locum,
1050 3771 1089 3815 est
1100 3780 1199 3816 amaea
1212 3779 1352 3831 patariae
1365 3763 1400 3815 ah
1413 3763 1504 3815 altae
1513 3770 1625 3828 natura,
1637 3761 1767 3814 humana
1775 3763 1884 3830 seilicet,

186 3843 308 3899 humana
320 3844 392 3900 euim
405 3845 507 3900 Christi
519 3853 619 3901 natura
636 3866 686 3903 uec
706 3849 890 3904 essentialiter
908 3867 959 3904 nec
977 3867 1021 3904 ac·
1049 3849 1242 3915 denominata,
1267 3850 1405 3916 quamodo
1429 3857 1521 3900 autem
1548 3854 1588 3899 est
1605 3848 1709 3900 Deus!
1738 3865 1779 3900 an
1796 3865 1886 3901 secun

185 3930 359 3986 cidentaliter
382 3931 470 4000 Λόγῳ
494 3933 573 3988 inest.
614 3933 688 4004 Ergo
714 3950 747 3988 ex
774 3936 855 3989 modo
882 3935 1021 3994 inessendi
1050 3936 1114 3987 dum
1132 3935 1332 3987 humanitatem
1349 3950 1398 3986 seu
1415 3942 1553 4003 quatenus
1572 3932 1676 3986 homo.²
1695 3933 1821 3999 mirans,
1839 3934 1885 3987 scd

185 4034 240 4072 non
267 4034 380 4087 possum
402 4017 617 4087 praedicationis
643 4019 754 4073 modum
779 4021 823 4075 vel
848 4022 1020 4077 essentialem
1048 4029 1184 4089 palmas
1203 4022 1292 4076 Deus.
1329 4022 1409 4087 Erpa
1430 4020 1513 4089 filius
1539 4018 1658 4072 Marias
1682 4026 1724 4071 est
1745 4021 1827 4073 Deus
1849 4034 1886 4072 sc

185 4104 230 4158 vel
249 4102 447 4158 accidentalem
466 4104 495 4158 in
518 4103 571 4158 hoc
588 4103 719 4174 mysterio
736 4110 837 4175 petere.
875 4113 898 4161 2.
921 4106 1020 4170 Quam·
1049 4108 1170 4158 eandum
1196 4107 1341 4167 deitatem,
1367 4105 1461 4159 Filius
1484 4106 1543 4157 Dei
1567 4111 1606 4156 cst
1630 4103 1713 4156 hano
1738 4108 1886 4158 senensium

185 4189 228 4244 vis
254 4198 355 4245 natura
372 4190 475 4245 Christi
501 4196 624 4245 assumta
644 4192 681 4246 sit
705 4196 783 4246 extra
802 4192 946 4247 essentiam
965 4194 1020 4248 dei·
1049 4192 1254 4244 humanitatem.
1279 4191 1395 4247 Contra:
1419 4198 1439 4245 1.
1458 4188 1744 4268 in'propositionibus
1762 4207 1886 4262 persons-

185 4276 265 4345 tatis,
290 4276 319 4331 id
343 4284 458 4332 estnon
476 4277 513 4330 sit
532 4276 715 4332 essentialiter
733 4278 793 4348 ipsa
813 4278 899 4333 deitas
922 4297 973 4335 nec
992 4281 1021 4333 in
1048 4277 1122 4331 libus
1140 4294 1196 4332 non
1213 4277 1243 4331 id
1262 4277 1468 4351 quaeritur,·an
1485 4276 1574 4331 Filius
1593 4275 1646 4330 Dei
1665 4275 1702 4328 sit
1719 4275 1814 4332 Filius
1831 4276 1887 4342 Dei,

187 4361 298 4417 deitatis
317 4363 466 4418 essentiam
486 4368 599 4426 mutata,
620 4369 715 4418 111111
733 4370 867 4435 quatenus
880 4373 922 4419 est
933 4366 1020 4436 Λόγῳ
1047 4382 1086 4437 Ι11
1105 4364 1182 4418 Deus
1208 4364 1245 4418 sit
1262 4363 1352 4426 Deus,
1380 4364 1429 4418 sed
1455 4380 1491 4417 an
1514 4361 1596 4417 homo
1621 4378 1655 4415 ex
1671 4361 1767 4417 Maria
1784 4364 1885 4435 virgine

186 4447 266 4501 unita
288 4453 354 4518 (quo
371 4453 499 4518 respectu
517 4448 546 4502 in
573 4449 808 4518 propositionibus
831 4452 1022 4520 personalibus
1049 4457 1131 4504 natus
1154 4450 1190 4504 sit
1213 4451 1242 4503 in
1267 4466 1402 4519 personae
1426 4449 1533 4503 unitate
1551 4464 1615 4502 vere
1631 4446 1688 4502 Dei
1704 4447 1812 4517 Filius,
1838 4448 1885 4503 hoc

186 4532 396 4602 consideratur),
414 4542 528 4590 eatenus
544 4551 599 4588 uon
612 4541 654 4588 est
665 4541 742 4590 extra
754 4535 854 4606 Λόγου
867 4536 1022 4594 ὑπόστασιν
1049 4542 1092 4591 est
1115 4551 1171 4589 non
1197 4537 1291 4606 agitur
1314 4536 1349 4590 de
1368 4534 1525 4589 alterutrius
1543 4532 1757 4602 volumusque
1775 4542 1885 4589 naturas

185 4637 219 4673 ac
243 4619 387 4687 deitatem,
415 4621 465 4675 ssd
488 4621 585 4675 intimo
613 4626 641 4675 et
665 4622 817 4677 emtissimo
843 4641 914 4678 nexu
931 4623 1021 4679 eidem
1049 4622 1173 4690 veritate,
1193 4622 1242 4675 sed
1261 4622 1297 4675 de
1316 4622 1459 4691 utriusque
1478 4619 1617 4689 personali
1637 4618 1757 4674 unione
1790 4620 1884 4676 1111-

186 4706 271 4773 unita,
293 4712 389 4760 mutua
407 4706 480 4761 enim
499 4706 679 4782 περιχώρησις
692 4708 815 4763 excludit
831 4709 862 4761 ni
876 4709 939 4778 itu,-
955 4716 977 4764 3.
994 4710 1022 4763 in
1049 4709 1149 4762 storius
1167 4708 1251 4762 talem
1268 4708 1396 4778 analysiu
1409 4713 1516 4777 promte
1529 4705 1725 4775 amplectetur:
1749 4709 1828 4760 Deris
1845 4713 1884 4759 cst

185 4790 439 4862 praedicationibus
463 4809 518 4847 non
541 4799 598 4848 tam
621 4793 791 4849 attendenda
813 4801 913 4850 natura
934 4800 1021 4850 extre·
1049 4796 1137 4860 homo,
1157 4795 1190 4847 id
1203 4803 1244 4847 est
1263 4795 1296 4862 is,
1317 4795 1418 4862 quiest
1432 4794 1526 4848 lilius
1540 4794 1606 4860 Dsi,
1624 4800 1664 4844 est
1683 4794 1774 4845 etiam
1790 4794 1885 4859 homo,-

185 4895 302 4946 morum,
315 4877 434 4948 subjecti
452 4879 558 4934 scilicet
577 4896 609 4934 ac
627 4880 780 4949 praedicati
797 4882 910 4936 seorsim
931 4899 963 4936 ac
982 4898 1021 4936 se·
1050 4879 1196 4945 Christus,
1222 4880 1444 4949 quiesthomo,
1470 4886 1510 4931 est
1529 4879 1612 4931 stram
1632 4878 1731 4945 Deru,
1758 4895 1813 4949 quo
1824 4879 1887 4948 jus

184 4965 318 5034 pmatim,
341 4982 378 5019 an
395 4964 587 5036 praedicatum
605 4966 641 5020 sit
658 4967 731 5020 intra
748 4967 793 5022 vel
810 4973 887 5037 eitra
903 4968 1023 5039 subjecti
1050 4967 1136 5038 igitur
1156 4965 1299 5021 Nestorius
1323 4969 1469 5019 accusatus
1494 4970 1523 5018 et
1546 4963 1696 5017 damnatus
1713 4963 1790 5029 tuis,
1813 4963 1886 5034 quod

185 5050 340 5119 1111111111,
354 5067 438 5121 quam
450 5056 547 5106 mutua
558 5051 677 5121 subjecti
690 5057 720 5106 st
731 5053 883 5123 praedicati
895 5053 1023 5110 cohaesio
1034 5024 1039 5132 1
1050 5053 1158 5107 unionis
1172 5051 1324 5122 personalia
1338 5050 1498 5121 mysterium
1511 5047 1706 5104 evacmverit?
1728 5055 1754 5104 3.
1772 5049 1815 5105 Ex
1827 5068 1887 5120 pro

185 5152 219 5190 ac
238 5136 393 5206 copulatio,
423 5136 471 5208 qui
490 5137 514 5191 si
533 5138 691 5191 essentialis
709 5143 764 5207 est,
793 5138 885 5210 giguit
899 5140 1023 5210 proposi·
1050 5139 1187 5209 positione
1202 5137 1319 5207 simplici
1334 5138 1379 5190 hic
1397 5137 1478 5189 homo
1492 5137 1628 5200 mana,
1646 5132 1772 5190 efficitur
1782 5137 1888 5191 axionm

186 5220 289 5275 tionem
315 5222 504 5291 essentialem,
532 5224 556 5276 si
582 5223 782 5291 accidentalis,
808 5224 1023 5295 accidentalem,
1051 5224 1222 5295 copulatum,
1254 5223 1324 5278 haec
1352 5237 1471 5293 persona
1502 5226 1543 5274 est
1572 5236 1635 5274 vere
1661 5219 1743 5274 Deus
1767 5228 1797 5277 et
1825 5237 1886 5277 rem

181 5307 242 5376 jam
259 5322 324 5362 vero
341 5308 414 5364 inter
433 5309 555 5365 divinam
573 5317 601 5364 et
616 5309 765 5365 humanam
778 5310 878 5366 Christi
896 5320 1022 5368 naturam
1050 5311 1139 5366 homo.
1159 5310 1299 5365 Posterior
1310 5308 1465 5380 propositio
1477 5306 1609 5362 describit
1618 5307 1689 5360 duas
1698 5306 1848 5363 distinctas
1860 5308 1888 5362 in

183 5409 240 5447 nou
266 5399 307 5446 est
331 5395 457 5451 cohaesio
475 5396 670 5458 accidentalis,
695 5398 745 5451 sed
771 5399 836 5453 unio
861 5399 1022 5468 personalis.
1051 5396 1161 5452 Christo
1187 5403 1316 5464 naturas,
1340 5396 1376 5449 de
1396 5410 1451 5465 quo
1469 5392 1580 5464 proprie
1598 5391 1717 5446 hicnon
1736 5395 1887 5465 quaeritur,

182 5479 259 5552 Ergo
278 5475 362 5531 etiam
374 5481 575 5551 propositiones
593 5481 671 5538 illae:
690 5486 770 5538 Deus
784 5493 823 5539 est
835 5485 924 5551 homo,
943 5485 1023 5538 homo
1036 5438 1040 5552 1
1052 5481 1129 5553 prior
1151 5498 1216 5536 vero
1242 5481 1371 5538 unionem
1397 5480 1508 5536 illarum
1532 5484 1696 5533 1111111111
1713 5480 1888 5550 pemonslenr
