3984 6022
200 276 261 338 528
884 267 1007 326 Locos
1025 265 1205 335 QUARTUS

201 430 230 479 et
250 423 356 495 figuras
377 426 530 489 assumtae,
558 420 587 473 in
614 420 715 492 quibus
737 422 863 492 patribus
887 422 1036 493 apparuit3
1064 429 1149 490 tates,
1174 422 1275 492 quibus
1300 421 1329 474 in
1347 437 1480 490 personae
1500 421 1608 475 unitate
1632 421 1705 476 duae
1728 426 1845 476 naturae
1863 421 1900 475 in·

203 516 228 565 ό.
249 504 430 574 incoronari,
450 507 613 574 personalis
630 507 660 560 in
679 505 788 562 Christo
809 525 842 562 ex
860 508 969 562 duabus
989 524 1037 561 na·
1065 509 1152 562 vicem
1176 507 1393 577 distinguuntur.
1447 505 1492 561 Sic
1514 507 1625 563 divinae
1650 514 1769 561 naturae
1796 509 1902 578 propria

202 595 281 664 turis,
300 594 393 648 divina
412 600 440 646 et
458 591 587 661 humana,
615 599 765 647 constante.
801 593 845 648 Ea
863 600 905 647 est
927 593 972 648 vel
988 612 1037 646 aa·
1064 599 1130 647 sunt
1148 610 1208 648 esse
1229 591 1265 646 ab
1277 600 1399 661 aeterno,
1416 609 1475 647 esse
1493 591 1637 656 infinitam,
1656 610 1718 648 esse
1736 594 1902 662 immensam,

202 689 328 735 terarum
341 678 501 747 veleoram,
520 687 722 747 qaaeaataraa
735 689 947 749 consequantur,
966 682 1037 733 idio·
1064 678 1307 746 esseinvisibilem,
1321 696 1381 734 esse
1390 680 1612 750 omnipotentem
1637 679 1759 751 Propria
1770 680 1903 734 humanae

200 775 302 819 matam
320 764 426 818 scilicet
444 764 611 818 naturalium
626 780 660 818 ac
677 766 878 833 operationum.
902 766 946 820 De
965 783 1037 820 com·
1063 771 1179 820 naturae
1196 771 1261 819 sunt
1278 765 1355 819 nasci
1375 765 1404 818 in
1421 770 1557 836 tempore,
1584 767 1659 836 pati,
1684 766 1757 820 mori
1777 774 1849 834 etc,
1874 767 1904 820 de

200 849 386 905 manicatione
403 857 564 904 naturarum
583 849 612 903 in
629 849 862 920 praecedentibus
883 858 983 918 aetum,
1002 852 1037 905 de
1064 851 1165 921 quibus
1193 850 1344 922 ὶδοιόμασιν
1372 852 1502 906 observa:
1533 860 1554 909 l.
1576 853 1660 906 aliam
1685 869 1749 908 esse
1771 852 1904 907 rationem

199 937 447 992 communicatione
465 953 573 1005 eorum,
599 954 671 1008 quae
689 944 1037 1009 naturasscoasequuntur,
1063 936 1225 993 idiomatum
1249 938 1421 1004 divinarem,
1450 937 1533 992 aliam
1556 939 1751 993 humanorum.
1789 938 1904 992 Divinae

200 1023 347 1077 dicendum
366 1040 447 1093 porro
464 1029 559 1077 restat.
586 1022 804 1078 communicatio
821 1024 982 1079 idiomatum
995 1031 1038 1079 est
1063 1029 1178 1079 naturae
1202 1022 1333 1077 idiomata
1353 1032 1418 1078 sunt
1439 1025 1500 1094 ipsa
1523 1026 1573 1078 τοῦ
1592 1024 1692 1094 Λόγου
1716 1024 1857 1092 essentia,
1881 1031 1904 1078 et

200 1115 315 1163 naturae
331 1109 367 1162 ad
380 1126 525 1179 personam
545 1110 589 1164 vel
607 1115 723 1165 naturae
743 1111 777 1165 ad
791 1118 926 1166 naturam.
958 1110 1036 1166 com·
1063 1109 1099 1163 ab
1119 1125 1151 1163 ea
1168 1109 1279 1164 realiter
1293 1127 1348 1164 non
1367 1110 1582 1181 distinguuntur.
1619 1109 1772 1165 Humanae
1791 1117 1904 1164 naturae

76 1181 352 1253 =111.too.muuicatio
372 1201 488 1249 naturae
512 1196 673 1250 alterutrius
700 1197 806 1252 scilicet
829 1198 866 1251 ad
891 1213 1037 1267 personam
1064 1194 1197 1249 idiomata
1214 1197 1470 1270 suntuapsno'peaa
1482 1198 1513 1269 ‘i
1526 1195 1617 1267 φύσει,
1637 1214 1694 1250 non
1716 1198 1904 1263 constituito,

202 1286 252 1351 cst,
271 1298 326 1353 qua
345 1283 500 1352 proprietas
518 1282 566 1336 uui
586 1290 702 1338 naturae
720 1283 887 1338 couveniens
906 1283 1038 1337 tribuitur
1064 1281 1113 1334 sed
1134 1283 1307 1334 consecutivo
1327 1281 1478 1349 essentiae,
1497 1287 1521 1336 2.
1540 1282 1575 1335 de
1594 1281 1725 1336 idiomasi
1740 1288 1769 1336 et
1784 1281 1902 1336 affectio

203 1384 337 1439 personae
350 1368 527 1424 inconcreta.
553 1368 631 1424 Haec
652 1369 795 1424 constituit
809 1371 933 1439 primam
950 1387 1037 1438 perias
1064 1366 1145 1421 nibus
1175 1365 1302 1421 humanis
1332 1368 1459 1438 superius
1486 1367 1659 1432 monuimus,
1690 1368 1831 1438 quasdam
1856 1368 1905 1421 toti

200 1455 458 1507 communicationis
483 1455 650 1508 idiomatum
677 1456 762 1526 vulgo
790 1456 831 1509 sic
859 1457 1037 1526 appellatum.
1065 1453 1225 1521 componito,
1244 1453 1454 1523 quasdamvero
1473 1454 1592 1521 eiapalis
1601 1454 1739 1521 partibas
1749 1453 1901 1508 convenire.

200 1538 416 1595 Communicatio
441 1547 558 1595 naturae
585 1541 695 1596 divinae
719 1541 825 1596 scilicet
848 1542 884 1595 ad
911 1548 1037 1597 naturam
1066 1538 1135 1591 ltem
1154 1538 1288 1608 quasdam
1305 1556 1364 1593 esse
1383 1539 1560 1603 essentiales,
1584 1538 1722 1609 quasdam
1745 1556 1811 1594 vero
1834 1539 1903 1591 acci-

198 1623 348 1680 humanam
361 1631 411 1694 est,
429 1645 484 1698 qua
500 1628 594 1682 divina
604 1635 704 1682 natura
720 1634 766 1682 ιοῠ
781 1628 879 1698 Λόγου
898 1628 1037 1699 propriam
1065 1624 1209 1688 dentale&
1241 1631 1265 1680 3·
1295 1624 1407 1695 (111de
1437 1625 1491 1678 tria
1516 1641 1618 1695 genero
1648 1623 1903 1680 10111111111111111101111

199 1727 278 1765 suam
304 1711 420 1783 gloriam
438 1718 467 1767 et
483 1714 674 1768 excellentiam
697 1713 897 1782 communicat,
925 1732 1037 1770 manens
1066 1709 1228 1763 idiomatum
1246 1709 1399 1779 vulgariter
1418 1713 1591 1779 statuuntur,
1615 1727 1718 1766 nomen
1748 1707 1903 1778 ἰδιωμάτων

198 1795 259 1868 ipsa
282 1797 441 1867 passionum
465 1799 555 1853 carnis
582 1817 688 1871 expers.
723 1800 801 1855 Haec
826 1800 970 1854 coustituit
996 1818 1037 1853 ae·
1067 1798 1178 1861 γενικῶς
1195 1794 1338 1864 accipitur,
1356 1800 1388 1848 ut
1405 1813 1461 1850 non
1478 1795 1568 1849 solum
1583 1794 1719 1850 idiomata
1735 1796 1851 1867 proprie
1868 1794 1903 1849 sic

199 1885 320 1936 criasi-am
354 1901 448 1952 peace.
504 1883 724 1939 Communicatio
765 1886 954 1955 operationum
996 1893 1037 1941 est
1064 1879 1147 1948 dicte,
1167 1879 1312 1935 sedetiam
1330 1879 1503 1951 operationes
1523 1881 1735 1951 complectatur,
1754 1881 1824 1952 quia
1840 1880 1902 1934 idio·

198 1969 344 2039 utriusque
366 1975 482 2024 nonnae
508 1969 537 2023 in
561 1987 679 2041 persona
706 1972 753 2025 roi
778 1975 877 2041 Λόγου
905 1972 1037 2043 operatio,
1066 1972 1140 2020 mata
1158 1983 1209 2036 per
1227 1967 1366 2040 ἐνεργείας
1385 1971 1430 2020 καὶ
1455 1965 1666 2036 ἀποιελέσματο
1687 1983 1751 2022 sese
1772 1973 1901 2022 emerunt

200 2071 257 2124 qua
270 2060 390 2125 umaque
407 2062 507 2110 natura
524 2056 674 2113 inchristo
693 2064 824 2128 operatur
841 2075 1036 2115 cumcommu·
1102 2059 1158 2108 177.
1195 2051 1333 2107 Probatur
1351 2052 1435 2108 thesis
1455 2060 1477 2109 1.
1496 2071 1528 2106 ee
1545 2055 1611 2122 ipsa
1624 2054 1737 2108 anione.
1767 2052 1901 2124 Quicquid

200 2138 338 2194 nicatione
352 2140 473 2210 alterius,
486 2141 561 2212 quod
573 2144 709 2214 cujusque
719 2143 862 2214 proprium
882 2151 932 2200 est.
959 2144 1038 2200 Haec
1063 2138 1093 2193 in
1113 2139 1285 2194 assumtione
1299 2139 1437 2193 humanae
1458 2144 1576 2193 naturae
1591 2138 1666 2193 venit
1690 2139 1744 2193 sub
1769 2140 1900 2206 unionem,

200 2225 313 2278 tertiam
330 2243 415 2295 penas
433 2227 584 2284 constituit.
978 2270 979 2274 ,
1064 2223 1134 2290 illud
1154 2223 1238 2278 etiam
1260 2225 1336 2279 veuit
1354 2224 1407 2278 sub
1428 2224 1715 2280 communicationem.
1751 2223 1820 2281 Jam
1840 2240 1900 2278 vero

239 2317 294 2367 175.
336 2317 360 2367 2.
386 2311 605 2367 communicatio
630 2312 662 2367 fit
686 2313 731 2367 vel
757 2314 825 2368 κατὰ
851 2319 967 2385 μέθεξιν
992 2316 1037 2370 vel
1064 2310 1196 2365 idiomata
1220 2309 1335 2365 veniunt
1358 2309 1411 2364 SUb
1435 2310 1581 2373 unionem,
1608 2309 1675 2381 (1⁰5⁸
1699 2310 1782 2364 nllllss
1808 2316 1900 2364 ΝΜ
1925 2346 1928 2358 ·

201 2396 268 2451 rarsi
298 2398 458 2456 συυόόασιν.
509 2399 729 2454 communicatio
757 2402 825 2453 aaut
852 2406 967 2474 μέθεξιν
995 2407 1038 2456 est
1064 2395 1224 2452 destinuitur
1251 2396 1308 2450 suis
1334 2396 1568 2466 proprietatibus,
1592 2413 1657 2470 cum
1683 2402 1790 2451 natura
1810 2414 1899 2451 carens

200 2484 383 2560 participatio
396 2485 566 2553 essentialis,
587 2504 643 2557 qua
660 2503 746 2540 unum
766 2485 794 2540 in
812 2488 925 2543 alterius
945 2504 1036 2542 essen·
1063 2481 1279 2554 proprietatibus
1298 2489 1392 2537 careat
1415 2483 1498 2537 etiam
1523 2481 1701 2549 exsistentia,
1728 2499 1765 2538 ac
1791 2489 1899 2538 naturae

199 2570 266 2624 tiam
279 2587 317 2624 ‚ac
335 2570 522 2627 definitionem
540 2570 648 2636 mansit,
670 2570 714 2626 vel
733 2588 819 2625 unum
840 2572 952 2628 alterius
971 2572 1036 2628 defi·
1064 2569 1136 2622 duae
1153 2568 1183 2622 in
1203 2567 1311 2623 christo
1328 2568 1423 2622 unitae
1441 2575 1507 2623 sunt
1530 2585 1585 2622 uon
1604 2567 1698 2623 nudae
1721 2567 1784 2624 sive
1808 2576 1899 2623 exulem

200 2655 305 2710 nitione
317 2662 402 2726 atque
417 2657 537 2711 essentia
554 2655 712 2727 participat,
732 2673 816 2727 quam
828 2659 964 2714 essentiae
975 2675 1037 2729 par·
1064 2653 1120 2707 ouis
1132 2653 1356 2725 proprietatibus,
1375 2654 1425 2710 sed
1438 2654 1563 2725 integrae
1581 2653 1641 2710 sine
1659 2651 1784 2719 defectu,
1803 2655 1899 2710 nnllam

200 2740 390 2809 ticipationem
410 2741 582 2812 propriorum
600 2759 710 2813 quoque
735 2744 947 2799 communicatio
974 2762 1036 2799 con·
1063 2740 1237 2810 propriorum
1250 2740 1433 2795 excidentium
1447 2757 1553 2812 postte
1578 2741 1652 2812 Ergo
1672 2741 1759 2796 etiam
1772 2742 1898 2797 idiomata

201 2825 333 2896 sequitur.
369 2826 415 2882 Sic
433 2826 514 2881 homo
537 2831 569 2880 ut
592 2827 699 2897 species
721 2829 849 2883 animalit
872 2834 904 2883 ut
928 2831 1036 2903 generis
1064 2827 1178 2881 veniunt
1198 2826 1250 2881 sub
1269 2827 1552 2882 communicationem.
1580 2826 1698 2883 Sublato
1716 2835 1898 2900 consequente

201 2911 351 2966 essentiam
379 2929 412 2965 ac
444 2910 631 2966 definitionem
662 2913 828 2984 participat,
867 2917 939 2972 unde
974 2934 1036 2972 cum
1064 2911 1218 2968 necessario
1246 2919 1364 2983 negatur
1392 2912 1582 2967 immediatum
1613 2913 1817 2969 antecedam
1841 2914 1898 2969 itm

202 2996 322 3052 essentia
339 2997 464 3052 animalis
482 2997 644 3053 facultatem
669 3004 780 3070 quoq'ue
804 3000 941 3057 sentiendi
967 3003 1037 3058 obti-
1064 3014 1129 3053 vero
1148 2998 1359 3053 communicatio
1376 2997 1538 3053 idiomatum
1562 3002 1605 3053 est
1623 2999 1818 3054 necessarium
1841 3016 1898 3054 con-

200 3088 256 3137 net.
293 3082 512 3138 communicatio
531 3082 599 3137 κατὰ
617 3082 779 3150 cardiacae,
798 3103 868 3157 quae
890 3087 923 3143 fit
941 3107 1035 3144 secun·
1065 3101 1182 3155 sequens
1215 3084 1323 3139 unionis
1355 3090 1487 3155 tauquam
1514 3083 1672 3139 immediate
1704 3085 1898 3141 antecedentia

202 3169 267 3222 dum
287 3168 519 3224 consociationem
544 3170 659 3224 duarum
679 3170 851 3228 diversarum
870 3181 1038 3242 naturarum,
1065 3171 1139 3241 Ergo
1156 3177 1260 3242 negata
1271 3170 1519 3226 communicatione
1531 3171 1695 3226 idiomatum
1710 3173 1950 3243 negeanipamr

201 3272 251 3326 per
270 3272 352 3325 quam
371 3255 489 3309 alterum
506 3255 645 3311 unitorum
664 3275 726 3312 cum
745 3259 833 3314 altero
845 3260 884 3315 ita
901 3263 1038 3317 connecti·
1065 3258 1138 3326 unio,
1157 3257 1231 3312 unde
1248 3264 1341 3327 patres
1360 3257 1469 3312 concilii
1486 3257 1731 3328 Ephesiuicontra
1745 3259 1899 3315 Nestorium

201 3344 255 3408 tur,
268 3347 299 3395 ut
312 3341 433 3395 essentia
447 3340 579 3396 distincta
591 3351 720 3399 manente
732 3345 909 3401 nihilominus
921 3347 1038 3403 alterum
1065 3343 1104 3397 sio
1122 3342 1329 3397 concluserunt:
1357 3343 1413 3408 Qui
1428 3348 1514 3415 negat
1532 3360 1643 3398 carnem
1662 3343 1772 3399 Christi
1792 3359 1854 3400 esse
1866 3345 1899 3398 ci·

115 3423 117 3426 ’
205 3426 319 3481 alterius
332 3426 539 3497 proprietatem,
551 3428 606 3482 vim
620 3435 648 3482 et
661 3429 815 3485 efficaciam
825 3450 876 3502 per
887 3439 915 3487 et
926 3439 1040 3503 propter
1064 3427 1187 3497 vificam,
1210 3428 1291 3483 solvit
1310 3428 1454 3495 unionem;
1482 3433 1509 3482 2.
1535 3431 1570 3482 ab
1595 3429 1708 3483 aaioaia
1736 3432 1900 3484 conditione.

204 3513 425 3567 communionem
442 3512 547 3568 factam
566 3514 626 3569 sine
640 3516 713 3570 omni
734 3518 894 3574 confusione
912 3535 976 3573 vere
995 3536 1039 3574 ac·
1065 3513 1179 3568 iniimus
1193 3514 1328 3569 duntaxat
1340 3514 1448 3569 unionis
1462 3515 1566 3584 gradus
1576 3533 1629 3585 per
1641 3516 1900 3583 aaataciaaa'oma,

203 3599 290 3669 cipiat
308 3606 336 3654 et
351 3600 457 3655 induat.
492 3600 656 3673 Exemplum
679 3608 723 3657 est
745 3603 775 3657 in
801 3603 874 3659 ferro
897 3604 986 3674 ignito
1011 3612 1040 3659 et
1065 3602 1298 3669 opprepotioaem,
1316 3601 1530 3669 appositionem,
1549 3603 1793 3655 coacervationem
1806 3619 1840 3657 ac
1857 3619 1900 3656 nu·

202 3701 317 3760 corpore
339 3685 469 3741 animato.
507 3686 724 3743 Communieatio
750 3687 929 3756 idiomatum,
956 3708 1039 3761 quam
1065 3686 1128 3741 dam
1152 3685 1326 3759 napsiniaco
1349 3685 1606 3741 communicationis
1630 3690 1673 3740 est
1697 3704 1809 3758 expers.
1842 3688 1901 3744 Jam

202 3767 256 3825 hoc
282 3770 344 3826 loco
371 3772 534 3827 statuimus:
564 3779 585 3828 t.
611 3790 666 3829 non
695 3780 737 3830 est
763 3774 883 3829 verbalis
912 3781 1038 3845 tantum3
1066 3789 1130 3827 vero
1149 3773 1215 3827 unio
1241 3772 1357 3826 duarum
1379 3773 1408 3827 in
1429 3772 1538 3826 Christo
1566 3779 1730 3828 naturarum
1756 3782 1801 3829 est
1826 3775 1903 3844 longe

203 3862 228 3912 2.
255 3874 306 3912 nec
334 3863 375 3913 est
401 3856 504 3930 φυσικὴ
528 3862 704 3932 μετάβασις,
728 3860 929 3931 proprietatum
957 3862 1039 3917 unius
1066 3858 1220 3913 arctissima
1238 3865 1267 3913 et
1279 3858 1486 3928 perfectissima
1522 3857 1598 3929 Ergo
1616 3857 1651 3913 de
1669 3874 1703 3913 ea
1722 3860 1845 3931 cogitari
1863 3858 1903 3914 vel

202 3942 322 4014 subjecti
339 3943 368 3997 in
386 3944 503 4000 alterum
522 3941 633 4013 effusi03
655 3952 679 4002 3.
700 3962 751 4000 nec
768 3953 811 4002 est
828 3949 1040 4003 communicatio
1066 3943 1121 3998 dici
1139 3944 1244 4015 nequit,
1262 3944 1336 4016 quod
1353 3943 1459 3998 nullam
1471 3943 1749 3999 communicationem
1768 3946 1904 4000 unitorum

141 4084 147 4096 ,
201 4028 270 4084 sarri
290 4034 422 4104 μέθεξινς
453 4037 477 4086 4.
501 4049 553 4086 nec
575 4038 617 4087 est
636 4033 701 4087 talis
721 4033 859 4103 quaedam
885 4034 1039 4089 essentialis
1066 4030 1171 4099 pariat3
1191 4034 1218 4086 3.
1236 4048 1268 4084 ee
1286 4031 1405 4083 absurdi
1422 4030 1621 4084 consecatione.
1651 4029 1788 4096 (Quidam
1804 4031 1903 4102 simpli·

201 4116 393 4188 participatio,
420 4134 476 4188 qua
500 4135 532 4172 ex
551 4117 710 4174 confusione
730 4119 911 4174 essentiarum
930 4125 958 4173 et
976 4137 1040 4190 pro·
1067 4116 1135 4170 citer
1167 4117 1207 4170 sic
1236 4116 1422 4170 concludunt:
1455 4116 1540 4178 'Quae
1568 4116 1687 4169 realiter
1716 4126 1785 4171 caat
1817 4137 1904 4184 anam,

203 4202 354 4273 prietatum
372 4203 561 4258 essentialium
579 4204 685 4259 oriatur
696 4205 809 4276 aliquod
827 4206 946 4275 tertium,
965 4212 997 4260 ut
1011 4207 1040 4261 in
1068 4218 1163 4256 eoram
1185 4220 1240 4256 aao
1258 4205 1459 4257 commaaicato
1478 4203 1698 4257 communicatur
1722 4206 1814 4258 etiam
1841 4206 1903 4258 alte

204 4288 354 4342 meliorato.
403 4288 543 4355 (Humana
571 4298 671 4346 natura
699 4308 756 4345 non
787 4298 830 4346 est
859 4293 1042 4348 essentialiter
1067 4308 1137 4342 ram.
1173 4290 1243 4343 Jom
1261 4306 1325 4342 cero
1351 4288 1499 4349 ὑπόστασις
1524 4291 1573 4342 τοῦ
1600 4287 1700 4357 Λόγου
1725 4300 1754 4343 et
1774 4293 1903 4345 mrtem

204 4388 290 4429 unum
307 4391 370 4429 cum
388 4375 496 4438 dimna,
520 4392 573 4430 nec
594 4394 645 4447 per
665 4377 813 4432 essentiam
832 4378 907 4433 facta
931 4384 986 4448 est,
1012 4379 1040 4432 id
1068 4375 1230 4428 essemialia
1251 4376 1300 4429 τοῦ
1316 4373 1415 4444 Λόγου
1432 4392 1489 4428 aaa
1510 4376 1645 4446 differant
1661 4376 1793 4430 realiter.
1831 4379 1903 4444 Erpa

205 4459 281 4530 quod
301 4467 344 4514 est
361 4477 502 4516 assumens
524 4461 673 4532 όΛόγος);
704 4470 727 4518 5.
746 4480 797 4519 neo
819 4463 883 4517 talis
905 4465 1041 4534 quaedam
1068 4461 1271 4514 communicata
1290 4459 1438 4514 ὑποσιόσει
1457 4461 1689 4514 communicentur
1710 4463 1801 4516 etiam
1821 4481 1904 4518 mea·

205 4545 344 4615 causatio,
367 4563 422 4617 qua
440 4564 525 4602 causa
547 4548 642 4619 aliqua
664 4549 743 4605 alteri
765 4549 891 4620 subjecto
912 4550 1042 4606 effectum
1068 4549 1152 4602 tialia
1169 4549 1311 4626 atti-itata.
1341 4546 1396 4602 Sed
1415 4547 1480 4619 quia
1492 4548 1580 4618 major
1597 4546 1626 4601 in
1643 4547 1749 4602 divinis
1769 4547 1904 4620 mysteriis

204 4631 327 4704 aliquem
344 4632 458 4701 tribuit,
483 4634 556 4688 sicut
574 4634 651 4690 Deus
670 4634 821 4690 bonitatem
839 4653 918 4690 suam
936 4642 1042 4692 creatu·
1068 4633 1173 4703 patitur
1190 4633 1322 4704 quasdam
1341 4633 1494 4701 instantias,
1515 4634 1577 4688 ideo
1595 4633 1697 4688 rectius
1716 4635 1825 4691 utimur
1843 4635 1905 4690 risa·

204 4718 243 4773 ris
268 4724 296 4774 et
312 4724 476 4789 praeceptor
493 4726 581 4775 artem
601 4720 737 4790 discipulo
755 4723 958 4778 communicare
976 4722 1042 4776 dici·
1070 4724 1145 4794 γυγῂ
1163 4719 1232 4793 πρὸς
1250 4718 1370 4785 lirense,
1396 4720 1556 4791 etquidem
1573 4720 1645 4788 tali.)
1682 4719 1712 4775 Si
1732 4723 1905 4792 propriorum

205 4810 259 4870 tur,
277 4804 327 4859 sed
340 4811 384 4859 est
402 4806 613 4860 communicatio
629 4823 694 4860 vera
712 4814 740 4861 et
757 4808 848 4875 realis,
866 4808 1043 4879 hypostatica
1069 4806 1279 4861 communicatio
1293 4823 1405 4876 prorsus
1422 4814 1547 4876 negatur,
1566 4806 1637 4860 duae
1653 4812 1738 4860 erunt
1756 4807 1786 4862 in
1798 4807 1904 4862 christo

178 4895 234 4945 -et
250 4889 468 4961 supernaturalis
491 4891 545 4959 illi,
573 4901 644 4962 quae
664 4890 733 4946 sarri
751 4891 907 4948 συυδόασιν
928 4901 1042 4950 vocatm
1067 4908 1218 4964 personae,
1248 4891 1321 4962 quod
1351 4891 1553 4946 Nestorianum.
1593 4891 1736 4946 Counexio
1766 4895 1904 4964 probatur,

202 4978 326 5047 proxime
345 4977 489 5034 accedens.
524 4977 667 5046 Breviter,
686 4984 718 5033 ut
734 4978 801 5031 unio
817 4995 872 5034 non
891 4986 934 5035 est
950 4998 1041 5037 essen·
1067 4979 1134 5051 quia
1157 4984 1257 5035 natura
1278 4978 1398 5033 humana
1421 4984 1544 5033 assumta
1567 4985 1617 5033 aut
1635 4984 1679 5033 est
1701 4995 1819 5049 prorsus
1843 4978 1905 5033 ‹isa-

203 5061 278 5117 tialis
305 5079 356 5119 neo
382 5062 502 5119 verbalis
535 5069 644 5119 tantum
672 5080 724 5119 nec
752 5080 803 5135 per
832 5065 970 5136 σύγχυσιν
997 5066 1042 5122 vel
1069 5065 1203 5125 nioraroc
1227 5071 1275 5120 aut
1297 5065 1382 5120 habet
1409 5065 1568 5120 ὑπόστασιν.
1610 5064 1694 5119 Prius
1716 5065 1778 5121 dici
1803 5066 1905 5137 nequit,

204 5145 352 5204 cilicinam
370 5148 415 5203 vel
431 5154 510 5222 μίξιν
530 5149 574 5205 vel
592 5150 778 5223 πορόοιυσιν,
793 5167 846 5205 nec
866 5157 909 5207 est
934 5170 1042 5227 προσω-
1068 5151 1133 5223 quia
1153 5169 1201 5207 eus
1220 5151 1293 5206 reale
1312 5150 1495 5206 substantiale
1513 5168 1547 5206 ac
1565 5150 1720 5206 subsistens
1739 5168 1797 5206 nou
1816 5155 1904 5223 potest

204 5235 270 5300 πικὴ
290 5235 335 5289 vel
353 5236 566 5304 sacramentalis,
584 5236 625 5290 ita
642 5253 753 5308 quoque
771 5239 983 5293 communicatio
1000 5245 1041 5294 ta-
1067 5253 1127 5292 esse
1159 5237 1359 5292 ἀνυπόστατον.
1413 5236 1443 5292 si
1471 5237 1624 5308 posterius,
1655 5245 1759 5293 natura
1786 5237 1902 5293 numam

203 5314 239 5374 lis
258 5336 314 5374 non
331 5327 380 5376 est
1066 5331 1189 5379 assumta
1206 5332 1255 5379 aut
1275 5324 1390 5380 habebit
1413 5324 1553 5395 propriam
1576 5323 1732 5379 όοόοιασιν
1759 5332 1809 5380 aut
1832 5341 1902 5381 com·

242 5410 299 5460 tro.
325 5405 370 5461 De
388 5410 505 5465 termino
524 5410 781 5464 communicationis
793 5409 936 5465 hactenus.
961 5411 1040 5465 Idio·
1067 5411 1249 5476 manicatam,
1278 5411 1307 5464 id
1334 5418 1376 5466 est
1400 5415 1450 5465 aut
1477 5417 1520 5466 est
1537 5410 1750 5472 όνθυπόσοοτος
1770 5416 1815 5465 sal
1839 5413 1902 5466 tim·

204 5497 282 5548 mata
297 5489 574 5567 dicunturonjusque
587 5502 702 5552 naturae
719 5496 852 5554 attributa
869 5503 899 5552 ot
914 5496 1038 5567 proprie·
1070 5494 1217 5565 σύσιατος,
1240 5502 1289 5551 aut
1313 5505 1355 5553 est
1377 5496 1562 5560 ἔνυπόστυτος
1580 5497 1655 5569 αὐτῷ
1675 5498 1709 5567 aqi
1730 5497 1821 5570 Λόγῳ
1842 5497 1906 5554 ino*
