3984 6022
649 300 1311 367 narnasousnrorncrocnarsn.
1763 295 1831 379 ser

108 451 328 523 ,ainonensis
347 459 372 506 et
386 453 575 519 ecaltationis,
593 455 714 528 itemque
726 456 882 513 dumorum
895 457 962 513 idio
991 459 1188 530 consideratur,
1208 466 1240 516 ut
1257 468 1301 516 est
1318 460 1472 532 proprietas
1490 459 1609 518 deitatis.
1635 461 1736 520 &nro
1754 481 1825 536 quse

122 545 231 611 matum
250 539 432 610 personalem
457 543 731 596 commrmicotionem
754 551 780 596 ct
797 544 961 613 plenariam
988 546 1016 600 in
1033 547 1121 617 princ.
1142 547 1225 618 hujus
1241 545 1340 618 capitis
1359 553 1399 602 12.
1420 546 1496 603 dicta
1512 552 1578 602 sunt
1594 548 1729 619 superius.

121 628 277 697 eamdem
293 627 513 696 usurpationem.
548 625 674 683 Christus
701 629 730 683 in
754 630 846 686 medio
869 632 960 686 exina-
1023 637 1081 689 273.
1118 633 1169 698 Qu.
1202 638 1226 688 2.
1270 633 1390 688 Benene
1427 633 1457 685 in
1489 631 1540 687 boc
1567 636 1824 691 communicationis

122 713 236 771 uitiosis
265 717 341 768 statu
368 713 461 769 omnia
489 730 507 767 a
532 713 616 770 Patre
641 714 695 769 sibi
720 715 825 771 tradita
854 717 960 786 asserit,
986 734 1088 787 ponere
1105 719 1224 787 subjecti
1235 719 1297 774 loco
1311 706 1624 787 ponanturlocutsbnes
1637 721 1824 776 abstractim
1848 746 1851 751 ·

120 814 235 857 amem
254 815 333 855 mam
349 798 488 854 vivificam
505 804 602 868 vocat,
627 800 657 854 in
676 801 767 856 medio
787 804 959 872 precantium
986 805 1042 857 siue
1060 805 1174 858 nomino
1189 812 1307 858 naturae
1321 804 1482 858 humanae!
1507 803 1663 885 Calviniani
1681 805 1710 860 id
1728 823 1823 879 aeger·

106 903 152 961 >se
165 884 226 941 fore
237 883 382 956 promittit,
400 889 429 940 et
445 891 538 940 umen
550 891 664 956 propter
680 903 730 942 nos
748 887 851 943 dicitur
868 888 959 943 iactus
985 890 1053 945 rime
1070 889 1171 957 ierunt,
1191 889 1240 945 sed
1261 888 1429 957 notandum,
1448 891 1524 961 quod
1540 891 1673 947 terminus
1691 892 1823 948 abstracti

121 987 241 1044 egenus,
267 986 332 1026 vere
353 969 382 1025 in
408 987 491 1025 cruce
514 977 638 1027 mortuus
661 978 703 1026 est
723 979 750 1027 et
765 973 866 1044 judicii
885 973 958 1028 diem
985 975 1022 1029 sit
1039 974 1203 1047 ambiguus,
1224 974 1416 1041 (abstractum
1432 974 1532 1046 philos.
1554 982 1596 1031 est
1613 976 1755 1047 quidditas
1774 978 1822 1048 rai,

121 1074 154 1113 se
172 1058 302 1130 ignom
325 1048 467 1127 ptoiessus
493 1061 543 1112 est.
576 1056 709 1112 Plensria
735 1058 959 1129 omnipotentiae,
984 1060 1016 1115 rb
1033 1058 1090 1115 καί
1113 1059 1181 1116 αὐτὸ
1199 1060 1216 1129 ἢ
1234 1059 1323 1129 cocto,
1341 1061 1432 1132 ipsum
1451 1061 1480 1116 rb
1499 1061 1579 1125 sirus,
1597 1060 1629 1117 τό
1649 1057 1822 1131 resistitur,
1914 1095 1917 1101 ·

120 1143 336 1212 uumscientiae,
356 1142 584 1214 omnipraesentis
605 1142 718 1199 dominii
734 1145 878 1215 usurpatio
896 1163 958 1201 cum
985 1149 1100 1216 quondo
1117 1163 1163 1200 rer
1182 1148 1212 1200 in
1230 1164 1268 1215 se,
1282 1164 1337 1216 per
1356 1164 1393 1216 se,
1413 1163 1445 1201 es
1464 1165 1518 1201 suo
1537 1156 1655 1218 namra,
1671 1151 1822 1202 smmsdurn

120 1229 337 1295 infirmitatibus,
354 1247 424 1302 quas
443 1229 568 1286 Christus
585 1236 699 1303 propter
717 1246 767 1286 nos
788 1238 817 1288 st
836 1238 957 1288 nosuam
984 1235 1129 1287 metinates
1148 1250 1216 1286 suas
1228 1234 1421 1302 proprietates
1447 1241 1473 1286 et
1497 1235 1650 1288 amandum
1668 1235 1822 1303 propriam

120 1317 240 1373 salutem
259 1304 396 1388 suscepit,
420 1324 448 1372 et
466 1333 530 1371 curn
548 1323 650 1387 morte,
676 1333 758 1388 quam
778 1324 890 1388 propter
909 1336 958 1374 nos
984 1336 1066 1371 suom
1078 1320 1262 1380 definitionem
1277 1321 1490 1388 commoratum
1510 1335 1566 1390 quo
1585 1334 1667 1374 sensu
1687 1336 1821 1392 negamus

119 1402 263 1473 sustinuit,
279 1418 335 1458 uon
351 1402 485 1472 consistit,
503 1403 552 1458 sed
569 1403 721 1474 personalis
737 1403 834 1458 horum
853 1403 959 1459 divino·
985 1405 1134 1460 humanam
1155 1404 1256 1460 Christi
1277 1413 1405 1482 neutram
1423 1405 1453 1459 in
1471 1405 1556 1462 abstr.
1576 1420 1637 1461 esse
1650 1407 1821 1477 omnipoten-

119 1507 183 1546 rum
203 1488 365 1545 idiomatum
393 1489 604 1545 communicatio
631 1488 736 1560 optima
757 1488 869 1545 vratione
894 1507 958 1544 cum
985 1495 1064 1557 tem.)
1100 1490 1272 1564 Quandoque
1290 1492 1363 1547 enim
1383 1492 1517 1547 abstracti
1535 1493 1646 1549 nomine
1657 1493 1822 1565 intelligitur

119 1575 308 1633 mmsmuons
329 1574 462 1630 consistit.
499 1574 580 1640 Quod
598 1575 622 1628 si
640 1574 713 1631 enim
737 1574 882 1646 plenitudo
900 1575 957 1630 dei·
985 1581 1085 1632 natura
1099 1576 1200 1633 Christi
1217 1578 1347 1648 humana,
1366 1584 1505 1651 quatenus
1522 1595 1555 1634 ex
1573 1596 1604 1635 se
1621 1586 1650 1634 et
1665 1597 1716 1650 per
1735 1595 1773 1648 sa,
1791 1580 1820 1634 id

117 1662 186 1718 tatis
217 1661 246 1715 in
274 1678 356 1716 carne
387 1661 517 1716 habitans
546 1678 601 1716 non
632 1659 756 1729 obstitit,
784 1677 840 1732 qno
867 1661 957 1717 minus
984 1668 1028 1719 est
1043 1663 1203 1729 formaliter,
1223 1664 1430 1733 consideratur3
1451 1671 1616 1737 quandoque
1630 1682 1700 1728 ,vero
1719 1666 1820 1735 intelli·
1894 1664 1901 1674 '

119 1748 246 1805 Christus
275 1747 401 1804 servilem
428 1746 545 1802 formam
575 1753 729 1802 assumeret
758 1753 788 1802 et
815 1747 844 1800 in
875 1764 957 1804 carne
985 1749 1060 1820 gitur
1078 1748 1129 1805 hoc
1149 1751 1259 1805 nomine
1275 1758 1376 1804 natura
1392 1749 1495 1806 Christi
1511 1751 1648 1821 humana,
1666 1768 1723 1806 non
1739 1768 1773 1807 ex
1790 1767 1820 1807 se

120 1841 238 1890 mortem
255 1833 419 1903 sustineret,
441 1832 539 1905 utique
561 1849 613 1889 nec
637 1832 848 1889 communicatio
871 1833 956 1889 omni·
984 1841 1012 1890 et
1023 1852 1074 1904 per
1086 1853 1124 1905 se,
1144 1837 1193 1891 sed
1205 1836 1358 1892 secundum
1374 1837 1483 1891 unionis
1500 1837 1619 1909 gratim
1635 1838 1819 1906 considerata,

120 1920 277 1994 potentiae,
295 1919 406 1974 virtutis
423 1918 583 1974 vivificandi
602 1924 655 1975 etc.
674 1918 789 1975 obstitit.
984 1926 1121 1992 quatenus
1149 1922 1256 1977 scilicet
1288 1923 1316 1976 in
1347 1921 1435 1993 Λόγῳ
1465 1924 1607 1989 subsistit,
1639 1942 1672 1979 ex
1706 1940 1762 1995 qua
1793 1931 1820 1982 et
1879 1960 1885 1966 -

157 2012 215 2063 272.
251 2004 400 2072 Quaeritur
415 2003 478 2061 ht
500 2011 521 2060 1.
560 2004 702 2072 &mnodo
727 2005 779 2059 boc
804 2008 955 2060 acuendum
983 2013 1097 2079 propter
1137 2025 1222 2079 quam
1262 2009 1389 2065 unionem
1431 2008 1539 2083 μεγάλη
1578 2006 1721 2080 πρὸαθήαη
1765 2011 1819 2082 ἱραί

70 2112 207 2165 ,ponus
221 2092 478 2147 communicationis
497 2091 611 2163 differat
629 2109 648 2144 α
661 2091 780 2161 primos
794 2091 955 2162 Responde·
983 2093 1067 2149 t'acta.
1112 2093 1183 2148 Caro
1214 2093 1330 2165 Christi,
1366 2094 1433 2150 dum
1466 2112 1527 2152 eam
1555 2112 1618 2151 cum
1650 2096 1747 2151 intimo
1778 2095 1817 2150 al-

91 2191 183 2236 ‘mus
200 2186 320 2252 quatuor
336 2177 511 2250 potissimum
530 2175 632 2232 modis:
661 2183 682 2231 1.
702 2179 813 2232 rotome
830 2179 953 2248 subjecti.
983 2179 1068 2234 terius
1092 2187 1207 2236 naturae
1235 2186 1263 2236 et
1289 2181 1510 2237 communicatae
1535 2181 1718 2253 hypostaseos
1746 2198 1818 2238 com-

121 2267 156 2322 ln
172 2264 407 2339 propositionibus
425 2263 507 2334 primi
519 2263 630 2337 generis
642 2263 761 2335 subjecti
772 2264 833 2321 loco
847 2281 956 2335 semper
983 2264 1067 2336 plexu
1087 2265 1188 2337 cogito,
1207 2272 1367 2321 concretum
1385 2282 1440 2321 non
1461 2273 1511 2330 est,
1531 2268 1595 2337 sed,
1616 2269 1639 2321 si
1660 2267 1819 2324 conteratur

81 2346 92 2408 ἶ
119 2353 236 2426 ponitur
253 2369 305 2406 oon
324 2351 481 2405 conamina
501 2350 558 2404 sive
576 2366 677 2406 nomen
693 2366 838 2421 personae,
857 2351 906 2406 sed
926 2352 954 2406 in
982 2368 1045 2406 cnm
1073 2357 1133 2406 tots
1160 2369 1280 2425 persona
1311 2351 1420 2407 duabus
1451 2353 1557 2407 naturis
1585 2359 1743 2422 constante,
1777 2361 1819 2410 est

119 2439 174 2495 boc
198 2438 320 2494 secundo
343 2452 446 2508 genere
468 2451 552 2506 saepe
577 2437 691 2507 ponitur
711 2454 763 2491 cor
786 2439 955 2492 abstractiva
983 2443 1149 2493 concretum.
1193 2438 1235 2513 lin
1263 2438 1315 2492 hac
1339 2438 1517 2493 distinctione
1540 2438 1609 2494 solvi
1632 2445 1727 2510 potest
1748 2440 1817 2495 illud

121 2526 181 2581 sire
198 2540 298 2580 nomen
315 2527 431 2578 naturae
450 2520 597 2589 humanae,
617 2539 688 2594 quae
699 2528 792 2579 umen
809 2540 865 2578 non
875 2527 956 2579 notat
983 2514 1193 2597 transcensis,
1218 2525 1293 2597 quod
1312 2524 1384 2580 inter
1401 2524 1559 2586 nostrosde
1576 2541 1629 2579 usu
1646 2524 1817 2581 locutionum

120 2620 250 2668 naturam
266 2610 416 2665 humanam
439 2608 588 2679 separatim
613 2614 642 2663 et
666 2609 779 2664 seorsim
804 2608 955 2665 subsisten·
982 2610 1214 2667 abstractirsrum
1244 2610 1370 2666 occurrit
1419 2608 1587 2665 Hcsshusius
1618 2610 1743 2682 negant
1767 2610 1817 2668 hu-

120 2717 193 2769 sem,
215 2697 264 2753 sed
289 2701 426 2769 quatenus
450 2710 485 2750 ea
505 2695 534 2748 in
553 2692 642 2764 Λόγῳ
665 2694 791 2751 subsistit
815 2702 844 2751 ct
868 2712 954 2749 unum
982 2715 1092 2752 manem
1112 2695 1215 2752 Christi
1234 2703 1361 2752 naturam
1381 2697 1411 2748 s'n
1429 2697 1571 2750 absnamo
1591 2697 1769 2766 mundam,
1787 2697 1817 2751 id

118 2803 184 2841 cum
208 2799 241 2840 so
262 2782 492 2859 hyphistameuon
511 2781 667 2853 coustituit;
696 2786 722 2836 2.
742 2784 851 2837 ratione
868 2800 954 2851 prae·
982 2789 1025 2840 est
1047 2792 1125 2840 extra
1143 2784 1272 2838 unionem
1290 2799 1308 2838 a
1324 2780 1411 2853 Λόγῳ
1429 2788 1601 2853 separatam,
1629 2782 1696 2855 quia
1717 2786 1819 2838 natura

117 2871 219 2927 dicum
245 2868 378 2941 Inprimo
390 2884 492 2940 genere
510 2875 538 2923 ct
555 2867 651 2923 divina
669 2865 827 2924 deChristo
844 2869 954 2925 homine
984 2870 1086 2927 Christi
1114 2870 1235 2927 humana
1262 2886 1295 2925 ex
1320 2886 1350 2924 se
1376 2875 1405 2924 et
1431 2886 1482 2941 per
1508 2887 1538 2926 se
1563 2888 1619 2925 non
1642 2869 1759 2935 habeat,
1785 2876 1818 2926 ut

118 2965 149 3016 et
167 2958 291 3013 humana
315 2957 351 3011 de
374 2954 484 3010 Christo
502 2955 564 3009 Deo
593 2971 627 3009 ac
652 2953 774 3009 viduim
798 2954 892 3009 divina
920 2954 954 3011 de
982 2960 1118 3016 moretur.
1165 2956 1323 3029 Wigandus
1354 2962 1452 3012 contra
1482 2955 1636 3026 statuebat,
1666 2955 1816 3012 humanam

119 3036 231 3101 Christo
248 3043 324 3112 Deo,
340 3041 463 3098 humana
481 3040 516 3097 de
536 3040 645 3097 Christo
664 3040 774 3096 homine
792 3041 953 3113 praedican-
984 3043 1085 3100 Christi
1109 3050 1238 3099 naturam
1260 3045 1289 3097 in
1312 3044 1453 3097 abstracto
1471 3060 1531 3099 esse
1550 3042 1731 3112 adorandam,
1752 3043 1770 3098 i.
1791 3062 1815 3100 e.

117 3138 174 3201 tor,
190 3146 225 3186 sc
239 3130 275 3186 de
286 3128 479 3186 essentialibus
493 3127 710 3200 proprietatibus
726 3127 827 3199 cuique
838 3135 953 3184 naturae
981 3149 1043 3188 eam
1070 3147 1131 3186 esse
1156 3129 1303 3201 religiosae
1329 3129 1511 3197 adorationis,
1539 3137 1676 3201 quatenus
1699 3130 1728 3186 in
1754 3132 1816 3203 ipso

117 3217 295 3274 vindicandis
313 3222 342 3271 ct
358 3216 512 3272 asserendis
529 3216 631 3287 agitur,
649 3215 701 3288 ssd
716 3215 746 3268 in
762 3214 814 3269 hoc
824 3216 954 3271 ,secundo
981 3216 1068 3288 Λόγῳ
1086 3217 1213 3273 subsistit
1231 3222 1259 3273 et
1277 3233 1361 3270 unam
1379 3233 1443 3270 cum
1461 3233 1494 3271 eo
1506 3232 1650 3287 personam
1662 3217 1814 3274 constituit.
1881 3220 1883 3225 '

70 3309 104 3353 Β
117 3318 222 3378 genem
240 3302 335 3358 dimna
348 3301 492 3377 αὐχήματα
510 3300 668 3356 deChristo
687 3300 839 3356 secundum
858 3301 953 3357 huma·
983 3305 1086 3359 liadem
1115 3302 1254 3358 inuncto
1280 3301 1448 3372 opponenda
1473 3308 1515 3356 est
1542 3300 1815 3372 sophisticationibus

101 3408 185 3465 ,uam
209 3396 337 3445 naturam
360 3389 555 3459 praedicentur
582 3406 616 3444 ac
638 3389 674 3444 de
701 3386 881 3461 inoperosiori
903 3388 953 3443 hu·
982 3390 1092 3462 Pelarffl'
1112 3377 1272 3459 apostatae,
1300 3387 1349 3458 qui
1374 3387 1404 3441 in
1427 3387 1556 3444 antitheo.
1584 3387 1722 3459 apologet.
1737 3397 1813 3459 cont.

118 3493 220 3533 manae
230 3483 346 3532 natume
358 3476 440 3532 unice
451 3477 553 3546 agitur,
565 3476 757 3547 praedicatum
769 3491 837 3546 ergo
847 3492 955 3546 semper
981 3478 1015 3532 D.
1034 3475 1114 3531 Bald.
1136 3473 1203 3529 thes.
1224 3479 1264 3529 83.
1284 3473 1325 3527 sic
1345 3473 1454 3527 scribit:
1482 3474 1611 3529 Concrcti
1627 3475 1736 3528 nominc
1750 3493 1816 3545 per·

100 3580 154 3633 ⁴rto
171 3569 279 3619 tantm
297 3568 340 3616 est
356 3561 459 3616 idioma
477 3561 619 3630 divinum
648 3564 674 3614 3.
697 3562 808 3614 ratione
831 3562 954 3629 recipro-
981 3581 1087 3631 sonam,
1107 3561 1243 3615 Muracti
1259 3560 1369 3613 nomine
1386 3567 1517 3613 naturam
1536 3562 1687 3615 Lutbensrn
1706 3570 1731 3616 et
1748 3564 1817 3618 Pln'·

117 3649 248 3705 caticnis.
274 3647 309 3703 In
325 3647 414 3718 primo
432 3662 534 3719 ganne
552 3647 642 3701 locum
660 3645 746 3702 habet
763 3646 952 3718 reciprocatio.
982 3650 1091 3720 lippum
1118 3655 1143 3700 st
1164 3646 1330 3700 unanimes
1351 3663 1445 3700 omnes
1467 3646 1656 3701 holmiense
1677 3651 1817 3719 accepisse

116 3736 159 3794 Ut
176 3735 249 3791 enim
267 3734 363 3789 unns
380 3734 415 3789 dc
433 3731 542 3788 Christo
559 3731 684 3803 homine,
708 3732 748 3788 ita
767 3731 885 3794 ἐναλλὰξ
904 3732 954 3787 hu·
981 3734 1162 3789 cmmnmnm
1181 3741 1228 3796 est,
1247 3749 1334 3785 nouae
1352 3731 1436 3785 bodie
1453 3733 1696 3788 subdistinctiones
1708 3737 1743 3789 de
1756 3737 1817 3789 aba·
1876 3747 1880 3754 “

115 3839 201 3878 mana
220 3821 255 3877 de
274 3820 383 3876 Christo
401 3819 463 3876 Deo
480 3819 685 3890 praedicantur.
722 3818 778 3874 Sed
796 3819 826 3874 in
842 3819 895 3874 hoc
912 3837 953 3874 sc·
980 3828 1071 3876 tracto
1094 3821 1246 3874 dntrocto.
1273 3825 1400 3871 concreto
1419 3835 1475 3871 non
1492 3828 1617 3874 conmcm
1636 3822 1817 3890 sophisticum

114 3907 209 3964 cundo
226 3923 328 3978 &aare
343 3905 524 3977 reciprocatio
542 3921 598 3959 non
615 3905 700 3960 habet
717 3904 820 3962 locum.
856 3905 953 3976 Neque
981 3915 1030 3961 ont
1048 3905 1227 3974 utopisticum
1241 3905 1373 3974 profecto
1390 3904 1505 3973 aliquid
1521 3906 1654 3976 subolsnt,
1672 3924 1706 3962 ac
1721 3907 1760 3963 th.
1774 3913 1816 3966 85.

116 3994 192 4050 euim
211 4000 244 4049 ut
259 4009 324 4048 caro
343 3992 445 4047 dicitnr
461 3991 579 4060 virifica,
597 3991 637 4045 its
655 3991 743 4046 dutus
762 3992 864 4047 dicitur
883 4007 953 4045 mor·
981 3992 1096 4047 adducit
1120 3992 1211 4046 locum
1236 4007 1269 4045 ex
1287 3989 1449 4046 Selneccero
1472 3991 1501 4045 in
1520 4008 1606 4051 axam.
1628 3993 1714 4048 ordin.
1742 4011 1770 4063 p.
1793 4000 1814 4051 l.

115 4080 182 4137 talis
200 4079 245 4135 sel
261 4083 377 4134 momua
412 4078 495 4133 Ratio
513 4077 681 4132 diversitate
699 4084 754 4147 est,
774 4076 873 4150 quiari
895 4077 953 4132 Λό-
980 4099 1006 4151 p.
1037 4085 1101 4149 ost,
1132 4078 1161 4132 in
1190 4095 1245 4148 quo
1274 4077 1413 4148 improbat
1442 4078 1594 4132 mentones
1624 4080 1815 4134 oouracstoos.

87 4218 92 4237 ,
116 4186 167 4239 yae
184 4164 316 4220 mummi
332 4181 458 4232 mem,
479 4180 533 4218 non
553 4170 647 4220 autem
665 4180 729 4219 caro
747 4164 878 4220 assumsit
896 4162 953 4219 Λό-
983 4167 1114 4219 [lismona
1133 4171 1236 4217 natrsro
1255 4172 1295 4215 eal
1313 4163 1484 4232 ommipotens
1499 4171 1524 4215 et
1537 4165 1645 4233 ubique.
1676 4164 1817 4221 potuisset

114 4271 184 4326 yar,
198 4253 260 4324 jam
275 4268 342 4307 vero
360 4252 540 4321 assumentis,
560 4269 615 4307 non
634 4251 750 4307 assumti
768 4256 810 4308 est
829 4252 908 4316 dare,
926 4256 954 4304 et
981 4252 1083 4306 addere
1108 4249 1214 4304 dictum
1233 4248 1350 4303 Lutheri
1374 4249 1403 4302 in
1421 4266 1445 4302 c.
1466 4254 1506 4303 53.
1523 4248 1612 4306 Esaiz
1639 4249 1816 4306 Credendum

113 4339 241 4395 vicissim
257 4339 375 4394 assumti
393 4346 433 4393 ast
449 4341 607 4408 provectio,
627 4356 684 4392 non
696 4339 868 4392 assumentis.
904 4336 953 4390 Di·
981 4347 1022 4392 est
1047 4339 1077 4391 in
1099 4345 1224 4391 commem
1248 4343 1272 4389 et
1296 4337 1331 4388 dc
1358 4336 1500 4388 absmacto
1522 4354 1640 4404 prorsus
1659 4341 1816 4393 meandum.

80 4486 85 4493 ,
114 4425 186 4480 vina
205 4422 305 4480 Christi
323 4430 425 4480 natura
443 4432 486 4479 est
501 4424 711 4495 perfectissima,
729 4424 832 4479 nullius
849 4422 953 4495 indiga,
981 4424 1035 4479 Sed
1056 4422 1173 4494 quilibet
1189 4421 1271 4490 sidet,
1292 4420 1485 4477 Selnecoerum
1504 4420 1637 4477 abstracti
1655 4424 1765 4482 nomine
1787 4426 1816 4480 in

112 4510 190 4569 nulli
211 4511 357 4567 mutationi
380 4512 513 4574 obnoxia,
538 4511 604 4581 quia
627 4510 702 4580 apud
720 4511 812 4567 Deum
833 4528 887 4566 non
912 4514 954 4565 est
979 4510 1072 4582 priore
1100 4509 1141 4564 uti
1169 4507 1384 4580 significatione,
1413 4512 1446 4562 ut
1472 4507 1643 4563 abstractum
1654 4510 1742 4588 ‚idem
1771 4512 1816 4583 sit,

112 4595 282 4671 παραλλαγή
298 4598 358 4655 lac.
380 4604 402 4666 t,
419 4617 444 4652 r.
468 4605 507 4668 lt,
526 4598 575 4652 scd
595 4599 716 4653 humana
732 4597 834 4652 Christi
853 4601 953 4651 natura
980 4597 1056 4668 quod
1081 4595 1218 4650 divulsum
1243 4611 1277 4649 ac
1301 4593 1472 4650 distractum.
1508 4592 1543 4647 In
1565 4595 1717 4665 posteriore
1744 4598 1816 4653 enim

111 4684 216 4756 indiga
233 4689 291 4750 est,
316 4690 350 4740 ut
368 4685 511 4754 accipere,
538 4683 632 4755 pertici
659 4689 688 4739 et
702 4682 825 4747 ¹exaltari
847 4683 952 4754 possit3
980 4682 1182 4754 significatione
1207 4679 1340 4735 abstracti
1364 4696 1465 4735 nomen
1489 4681 1550 4736 loco
1573 4682 1693 4752 subjecti
1712 4701 1816 4755 ponere

113 4776 143 4828 l.
164 4772 276 4826 ratione
297 4772 437 4842 phraseos
462 4769 525 4825 κατ’
556 4769 632 4825 litio.
677 4771 711 4824 In
736 4770 825 4840 primo
851 4786 953 4842 genere
979 4786 1134 4840 congruum
1160 4773 1202 4822 est
1234 4772 1255 4820 1.
1284 4767 1464 4836 Scripturas,
1494 4783 1566 4838 quae
1583 4785 1694 4823 manem
1714 4769 1816 4826 Christi

112 4857 226 4930 phrasis
243 4859 304 4912 κατ’
320 4857 388 4913 ἄλλο
408 4863 451 4913 cst
472 4858 640 4913 amonica.
676 4856 716 4913 Ut
739 4855 875 4911 Dominus
893 4857 952 4928 glo·
980 4861 1060 4911 vocat
1084 4853 1234 4916 vivificam,
1263 4852 1427 4924 sanguinem
1451 4852 1552 4908 Christi
1576 4871 1594 4909 s
1619 4855 1741 4925 peccatis
1764 4874 1814 4912 nos

112 4944 175 5001 riae
186 4951 229 5001 est
240 4944 396 5015 crucifixus,
414 4945 544 5000 nimirum
557 4943 613 4998 κατ’
628 4941 704 5010 sitta,
722 4943 739 4997 i.
755 4959 779 4997 e.
800 4944 951 4999 secundum
978 4941 1113 4997 mundare
1131 4939 1231 4995 asserit
1247 4943 1275 4994 et
1291 4956 1390 5010 corpus
1408 4938 1562 4997 CHRISTI
1579 4942 1608 4997 in
1629 4949 1744 4997 mortem
1763 4961 1814 5014 pro

112 5032 260 5105 propriam<
283 5048 361 5086 suam
385 5031 585 5086 humanitatem
610 5031 668 5084 sive
695 5030 762 5083 sord
782 5027 880 5103 σάρκα.
917 5029 951 5085 In
977 5028 1059 5084 nobis
1083 5026 1216 5082 traditum
1236 5042 1296 5080 esse
1316 5025 1412 5093 docet;
1443 5030 1470 5082 2.
1488 5029 1623 5096 patribus
1643 5029 1813 5099 emicantis,

114 5118 239 5174 mundo
269 5135 372 5189 mere
404 5124 446 5174 est
476 5119 608 5172 causalis.
661 5116 732 5172 Caro
763 5120 805 5171 est
835 5115 952 5184 vivifica,
978 5116 1026 5187 qui
1050 5131 1068 5168 a
1092 5111 1278 5168 locutionibus
1304 5110 1481 5167 abstractivis
1503 5113 1532 5168 in
1555 5113 1608 5170 hoc
1628 5118 1813 5172 communica-
1827 5126 1867 5166 111.
1879 5124 1927 5167 sss.

112 5205 289 5276 omnipotens
315 5203 377 5258 κατ’
407 5202 488 5273 otilo,
515 5204 544 5258 id
563 5212 605 5260 est
624 5222 678 5260 nou
698 5220 731 5257 er
750 5209 865 5258 naturae
879 5220 951 5270 ,suae
977 5201 1061 5258 tionis
1080 5203 1187 5289 'generp
1210 5197 1321 5252 minime
1346 5198 1563 5270 abhorruerunt,
1588 5208 1620 5257 ut
1644 5218 1678 5257 ex
1702 5202 1813 5259 illorum

113 5293 294 5365 proprietate,
312 5291 363 5348 sed
379 5309 431 5362 per
447 5296 604 5362 acpropter
614 5290 743 5345 amonem
759 5289 951 5360 personalem
978 5287 1059 5342 dictis
1076 5286 1202 5356 superius
1220 5284 1312 5339 citatis
1331 5291 1462 5356 apparet3
1493 5291 1520 5340 3.
1537 5288 1651 5342 ratium.
1690 5287 1771 5354 Quod
1789 5291 1812 5345 si

115 5383 145 5434 5.
169 5378 397 5448 praedicationis
423 5379 515 5434 morio.
556 5376 689 5431 Divinum
716 5375 820 5429 idioma
846 5375 874 5429 in
900 5375 952 5429 hoc
978 5374 1050 5430 enim
1077 5371 1179 5427 Christi
1199 5388 1263 5426 vere
1288 5376 1317 5426 ct
1338 5371 1451 5426 realiter
1476 5372 1571 5427 divina
1593 5373 1727 5430 idiomata
1749 5383 1815 5431 sunt

113 5464 200 5522 tertio
211 5481 313 5536 mucre
326 5465 504 5535 praedicatur
516 5470 545 5518 et
555 5461 752 5530 consideratur,
769 5468 801 5516 ut
818 5467 861 5517 est
879 5478 951 5516 com·
978 5459 1192 5521 communicata,
1217 5456 1314 5529 utique
1333 5456 1417 5512 etiam
1435 5457 1469 5513 de
1492 5476 1575 5514 carne
1594 5459 1696 5516 Christi
1715 5463 1811 5518 eadem

95 5550 289 5619 ,manicam
307 5552 392 5620 carui,
409 5550 459 5605 sed
476 5551 505 5605 in
521 5549 723 5621 primogenere
734 5549 910 5620 praedicatur
925 5554 954 5604 ct
977 5546 1081 5619 optimo
1097 5547 1161 5618 jura
1179 5543 1334 5616 praedicari
1352 5552 1476 5617 possunt.
1512 5547 1632 5615 ouidrm
1652 5553 1810 5606 concmtum
