3984 6022
665 295 718 350 Dii
734 293 910 352 Pusaeus
926 293 976 348 ΕΤ
995 292 1146 351 omem
1163 245 1340 353 CHRISTI.v
1763 306 1823 364 478

130 449 239 504 Tradd.
259 467 287 521 p.
310 455 363 505 154.
398 448 521 520 Tbeoph.
549 449 638 506 NicoL
666 457 763 504 contra
779 450 858 505 Borc.
877 466 903 518 p.
922 454 963 504 80.
991 467 1052 504 mus
1070 449 1173 504 Filium
1191 468 1246 506 non
1271 449 1393 504 invocari
1416 466 1467 518 per
1491 449 1669 506 mediatorem
1691 456 1825 522 tanquam

131 544 154 592 5.
175 535 256 600 Quod
269 535 376 590 Christo
387 535 524 591 tribuatur
541 523 637 592 eadem
657 536 755 607 gloria,
775 537 848 593 idem
867 535 962 605 honor,
991 552 1041 606 per
1058 536 1217 591 distinctam
1236 554 1254 591 a
1272 554 1302 591 ss
1321 551 1480 608 personam,
1508 534 1557 589 sed
1577 553 1712 607 negamus
1730 553 1764 592 ex
1792 555 1824 593 co

130 622 205 678 idem
226 622 324 687 cultus,
342 622 390 692 qui
406 623 485 677 Patri
502 623 639 678 tribuitur.
664 622 793 678 Concidit
812 639 878 695 ergo
891 622 962 677 Pho·
990 622 1036 677 vel
1051 639 1144 677 veram
1161 622 1227 677 Filii
1245 621 1417 677 divinitatem
1440 620 1484 675 vel
1511 621 1670 693 religiosam
1697 624 1758 692 ejus
1784 623 1824 678 in·

131 709 296 763 tiniunorum
314 706 494 779 blasphemia,
513 710 587 780 quod
605 709 715 765 Christo
734 711 868 765 duntaxat
886 710 963 763 simi·
991 709 1162 765 vocationem
1173 708 1344 774 labefactari,
1367 707 1433 779 quia
1450 707 1662 762 fundamentum
1678 708 1825 778 religiosae

131 795 168 847 tis
187 794 276 865 gloria
292 793 436 850 tribuatur.
473 794 575 849 Similis
594 795 643 850 illa
661 795 766 867 gloria,
792 812 865 867 quac
883 796 964 850 datur
990 796 1172 851 invocationis
1200 794 1326 850 consistit
1351 794 1379 848 in
1406 800 1505 848 natura
1531 794 1642 864 divina,
1666 798 1737 866 quae
1763 807 1826 849 cum

131 881 163 946 ei,
183 880 229 951 qui
251 897 305 936 nou
323 888 367 936 est
383 887 484 935 natura
496 881 573 936 Deus
592 889 620 936 et
636 881 773 936 infinitum
792 881 905 951 bonum,
924 881 963 935 di·
991 882 1064 937 Filio
1082 899 1145 938 vere
1160 888 1189 937 et
1203 882 1312 936 realiter
1330 886 1476 951 competat,
1494 880 1589 951 utique
1604 881 1687 935 etiam
1698 880 1828 951 religiosa

129 966 211 1021 vinae
228 966 334 1037 gloriae
352 968 441 1038 magis
462 967 672 1034 eritdissimilis,
693 975 790 1038 utpote
807 968 914 1022 infinite
927 968 963 1023 ab
991 970 1129 1025 invocatio
1150 969 1174 1022 ei
1195 967 1319 1023 debetur.
1350 967 1404 1023 Vel
1416 966 1581 1038 intelligitur
1591 966 1738 1035 invocatio,
1756 983 1826 1038 quae

130 1069 163 1106 ea
190 1052 308 1122 dauns,
333 1054 440 1108 ratione
468 1053 575 1109 scilicet
602 1053 705 1123 objecti
727 1071 760 1108 ac
779 1053 963 1116 fundamenti,
991 1064 1147 1125 respectam
1166 1055 1251 1110 habet
1268 1055 1305 1108 ad
1329 1053 1544 1108 satisfactionem
1563 1060 1591 1108 et
1607 1054 1753 1123 merituri,
1776 1071 1826 1124 per

130 1154 213 1209 quam
233 1138 336 1194 similis.
363 1139 483 1195 Divinae
501 1140 607 1212 gloriae
623 1140 842 1208 fundamentum,
864 1141 903 1195 uti
924 1141 964 1193 di·
992 1143 1067 1214 quod
1084 1159 1171 1213 genus
1189 1141 1341 1196 humanum
1353 1139 1415 1194 Deo
1435 1145 1478 1196 est
1494 1140 1710 1209 reconciliatum,
1729 1148 1757 1194 et
1773 1139 1825 1194 hac

130 1223 236 1293 ximus,
263 1232 305 1280 est
330 1225 424 1280 divina
442 1227 562 1282 essentia
587 1233 615 1282 et
637 1228 776 1297 majestas.
811 1226 876 1281 iam
900 1245 964 1282 vero
992 1230 1097 1284 ratione
1116 1229 1217 1282 falsum
1235 1245 1295 1283 esse
1315 1228 1447 1296 dicimus,
1470 1229 1543 1298 quod
1561 1228 1649 1282 Filius
1672 1245 1727 1281 non
1752 1228 1826 1283 invo-

130 1309 190 1365 Deo
209 1312 301 1381 quoad
320 1311 467 1367 essentiam
493 1319 522 1368 et
540 1315 713 1383 majestatem
739 1312 831 1367 nullus
856 1331 897 1370 ex¹
912 1313 964 1366 diis
992 1325 1069 1371 cetur
1086 1333 1135 1387 par
1155 1315 1352 1384 mediatorem,
1378 1315 1444 1386 quia
1462 1314 1490 1367 iu
1508 1314 1682 1369 invocatione
1700 1314 1764 1368 Filii
1782 1331 1823 1368 re·

128 1394 210 1450 factis
229 1403 257 1450 et
275 1395 347 1450 fictis
367 1405 409 1452 est
429 1398 525 1452 similis
543 1398 701 1464 Pennas,
719 1418 743 1454 v.
757 1405 781 1458 8.
806 1399 907 1454 Psalm.
924 1405 964 1463 88,
992 1410 1103 1472 spectus
1121 1401 1239 1456 habetur
1257 1401 1294 1455 ad
1313 1399 1530 1476 satisfactionem
1549 1407 1577 1454 at
1593 1399 1732 1469 meritum,
1751 1398 1825 1470 quod

131 1499 155 1535 v.
176 1488 203 1550 ῖς
223 1498 290 1553 ergo
309 1484 392 1538 etiam
410 1484 487 1538 nulla
503 1484 600 1554 gloria,
619 1491 833 1556 quantacunque
852 1486 964 1539 tandem
992 1488 1052 1559 ipsc
1080 1488 1109 1542 in
1133 1487 1246 1558 propria
1263 1502 1390 1558 ‘persona
1412 1485 1551 1555 praestitit
1575 1494 1602 1540 et
1623 1502 1711 1556 genus
1733 1485 1827 1539 huma·

130 1569 182 1635 sit,
212 1567 322 1623 divinae
348 1569 453 1639 gloriae
480 1569 576 1624 similis
604 1587 664 1625 esse
692 1572 801 1641 poterit.
837 1571 966 1627 Concidit
992 1593 1057 1629 num
1076 1574 1129 1629 sibi
1147 1573 1202 1644 ipsi
1219 1571 1418 1639 reconciliavit,
1438 1579 1459 1626 2.
1479 1571 1541 1627 Cor.
1560 1579 1583 1635 5,
1601 1590 1627 1627 v.
1651 1577 1686 1627 19.
1725 1571 1828 1625 Divina

74 1691 80 1698 -
130 1669 196 1724 ergo
214 1653 298 1718 illud,
317 1655 393 1725 quod
411 1654 501 1711 Socin.
519 1656 547 1709 in
566 1656 679 1712 miscell.
699 1676 725 1728 p.
747 1663 806 1713 261.
832 1657 964 1728 disputat,
989 1661 1112 1732 justitia,
1132 1661 1176 1715 cui
1193 1676 1245 1730 par
1261 1659 1363 1715 Christi
1380 1664 1495 1713 mortem
1513 1657 1667 1712 satisfactio
1684 1656 1826 1727 praestita,

131 1739 273 1794 Uiriatum
291 1743 429 1795 borsorari
445 1750 474 1795 at
488 1744 548 1796 Dei
560 1746 746 1813 praeessemus,
765 1749 838 1815 etp.
859 1750 916 1800 268.
935 1753 965 1796 ut
993 1756 1035 1804 est
1052 1748 1103 1802 toti
1121 1739 1238 1802 trinitati
1250 1746 1410 1800 communis.
1437 1745 1512 1816 Ergo
1525 1744 1651 1800 Christus
1663 1744 1692 1798 in
1704 1749 1827 1798 assumta

133 1833 194 1881 Deo
211 1829 431 1883 mbordinatvm.
992 1841 1092 1889 natura
1110 1835 1195 1888 etiam
1213 1833 1268 1888 sibi
1287 1834 1341 1903 ipsi
1359 1850 1409 1904 per
1427 1851 1456 1887 se
1475 1833 1566 1902 ipsum
1591 1830 1731 1886 satisfecit
1767 1829 1826 1882 Fri-

166 1922 207 1970 65.
217 1914 298 1970 Circa
309 1916 833 1989 admaaonemmspccienotalquod
842 1923 966 1971 assumta
992 1922 1085 1976 volum
1103 1921 1249 1992 igiturest
1266 1927 1461 1991 argumentum
1480 1917 1649 1972 Blandratae
1672 1917 1701 1971 in
1728 1915 1826 1986 colloq.
1922 1973 1927 1981 ‚

131 1999 252 2055 humana
270 2006 368 2056 natura
380 2002 577 2058 adoreturuon
588 2003 702 2057 seorsim
722 2010 750 2057 et
767 2003 896 2072 solitarie,
915 2020 966 2058 nec
993 2008 1134 2067 Tranaa.
1156 2012 1236 2062 1568:
1263 2005 1391 2059 Glirs'stas
1408 2023 1464 2059 nen
1484 2005 1630 2058 invocatur
1646 2019 1702 2072 per
1722 2003 1827 2056 nardiu-

132 2104 166 2142 ex
185 2087 328 2159 principiis
347 2094 376 2143 et
394 2087 587 2144 affectionibus
607 2089 664 2143 suis
684 2088 893 2160 essentialibus,
916 2089 965 2145 sed
993 2104 1107 2159 torem¹¹
1126 2096 1207 2163 ls'rgo
1225 2111 1281 2157 non
1299 2101 1340 2145 est
1357 2109 1438 2145 veras
1456 2093 1543 2146 Deus.
1581 2090 1709 2153 (Quidam
1733 2088 1827 2142 distin·

132 2181 269 2244 quatenus
288 2177 318 2228 ir
336 2174 410 2244 αὐτῷ
427 2178 465 2244 τῷ
486 2174 558 2245 λόγῳ
578 2174 717 2242 subsistit,
746 2193 779 2230 ει
800 2177 860 2246 eius
880 2175 966 2248 igitur
993 2179 1166 2253 guuntinter
1179 2179 1379 2233 invocationem
1397 2179 1554 2232 absohttam
1572 2184 1598 2230 ct
1613 2177 1742 2231 relatam.
1770 2175 1838 2229 Ab„

132 2260 316 2330 προσκυνήσει
335 2260 404 2315 nihil
429 2261 540 2316 decedit
564 2261 702 2316 axiomati.
738 2261 902 2333 Quicunque
925 2279 966 2316 re·
993 2268 1111 2322 solutam
1130 2271 1246 2334 vocant,
1273 2282 1345 2334 qnos
1363 2265 1499 2332 dir-igitur
1515 2266 1556 2316 ari
1573 2271 1656 2316 totam
1675 2263 1828 2317 trinitatem

86 2350 88 2354 ’
132 2347 231 2418 lisine
247 2347 448 2416 adoraturas
464 2363 544 2402 verus
557 2352 586 2402 et
603 2353 731 2402 mamus
744 2347 837 2412 Deum
855 2354 877 2402 2.
891 2348 966 2420 quod
993 2353 1130 2421 asserere,
1150 2359 1178 2407 et
1194 2351 1263 2407 haec
1281 2350 1392 2406 omnino
1410 2350 1542 2420 competis
1558 2356 1617 2404 um
1634 2348 1705 2403 Filio
1723 2355 1751 2402 et
1767 2348 1827 2419 spi-

133 2432 259 2487 Chrietus
269 2450 325 2488 nou
340 2433 428 2488 solum
441 2433 559 2503 morari,
571 2433 621 2488 ssd
636 2432 718 2489 etiam
731 2433 852 2488 invocari
868 2434 966 2503 jubea-
991 2440 1059 2494 ritui
1070 2459 1100 2508 s„
1118 2454 1201 2510 quam
1212 2438 1299 2502 Patri,
1317 2453 1373 2508 qua
1384 2437 1491 2491 ratione
1509 2451 1603 2489 omnes
1621 2442 1676 2489 tres
1694 2449 1827 2504 personae

132 2527 193 2585 tur,
216 2519 281 2589 quia
302 2518 435 2588 jubemur
454 2518 483 2573 in
506 2519 597 2590 ipsum
620 2521 757 2576 collocare
781 2519 872 2575 cordis
895 2518 965 2574 fidu·
992 2527 1156 2581 invocantur
1174 2542 1223 2596 per
1244 2523 1441 2591 mediatorem3
1476 2522 1597 2575 relatam
1614 2526 1727 2586 vocant,
1756 2536 1828 2588 quoe

132 2606 213 2673 ciam,
233 2613 260 2659 et
277 2605 390 2676 quidem
407 2605 503 2660 eodem
520 2606 611 2674 modo,
629 2622 684 2677 quo
702 2607 731 2660 in
749 2607 862 2661 Patrem
879 2604 966 2659 credi·
993 2613 1128 2681 diriee'oe·
1145 2615 1186 2665 ed
1203 2619 1306 2665 emam
1326 2610 1452 2680 aliquam
1475 2609 1589 2661 deitatis
1609 2624 1777 2676 paronam,
1800 2611 1829 2658 et

133 2709 195 2746 mus
212 2690 276 2748 J0h·
300 2697 339 2756 14,
357 2709 383 2745 V·
404 2698 427 2759 ¹,
449 2708 521 2763 (11188
540 2699 583 2748 est
598 2693 780 2748 invocationis
791 2695 965 2762 fundamen·
993 2701 1033 2755 sic
1050 2699 1172 2755 invocari
1189 2717 1239 2770 per
1255 2698 1435 2754 mediatorem
1448 2695 1676 2765 ordinequodam
1697 2692 1828 2763 competit

133 2788 204 2846 tum3
226 2776 358 2847 jubemur
374 2777 462 2849 ipsius
482 2795 562 2849 opem
587 2786 616 2834 et
640 2778 840 2850 benignitatem
868 2779 965 2851 implo-
993 2789 1082 2860 primo
1102 2786 1188 2850 Patri,
1207 2786 1255 2858 qui
1271 2793 1314 2842 est
1331 2784 1408 2841 velut
1425 2782 1591 2854 principium
1612 2780 1720 2836 consilii
1739 2785 1768 2834 et
1785 2796 1827 2834 or·

132 2882 201 2933 ¹⁸10,
215 2881 286 2935 (1111ιθ
295 2869 338 2919 “t
347 2864 529 2920 inl00⁰il⁰¹15¹
539 2868 651 2934 swa,
662 2866 803 2939 tequimm
814 2865 965 2921 1110141110
994 2875 1065 2929 dinis
1082 2874 1111 2927 in
1128 2873 1267 2946 placando
1279 2888 1382 2944 genere
1393 2871 1522 2937 humano,
1538 2873 1637 2939 postea
1655 2865 1738 2921 etiam
1755 2882 1829 2919 com·

132 2951 260 3021 religiose
278 2950 431 3006 invocando
444 2953 569 3021 anaspia
583 2949 717 3023 Stephani
730 2952 826 3008 Actor.
842 2959 864 3018 1,
884 2971 910 3009 v.
924 2959 964 3008 58.
993 2961 1064 3031 petit
1084 2959 1157 3014 Filio
1181 2958 1326 3014 consilium
1352 2958 1422 3013 illud
1448 2955 1625 3027 exsequenti,
1654 2959 1682 3008 et
1708 2952 1828 3023 denique

132 3037 260 3092 Ananiae
284 3036 347 3091 Act
369 3043 402 3106 9,
428 3055 454 3091 v.
481 3044 520 3093 14.
556 3038 673 3108 apostoli
698 3038 802 3094 2001.
827 3044 875 3108 12,
896 3056 922 3094 v.
941 3044 965 3094 8.
994 3047 1108 3118 Spiritui
1133 3065 1171 3116 s.‚
1197 3053 1335 3118 quatenus
1360 3054 1403 3100 est
1423 3045 1523 3099 eadem
1544 3040 1637 3095 Patris
1660 3047 1689 3094 et
1710 3039 1775 3093 Filii
1799 3044 1828 3093 ot

134 3132 187 3179 ⁸3⁰·
222 3123 352 3180 0011011111
376 3141 443 3195 018⁰
466 3124 605 3180 diffliiO
630 3125 724 3182 3001111
750 3132 846 3181 0011118
864 3126 965 3180 Fran&
993 3133 1112 3205 Spiritus
1128 3152 1156 3187 ss
1175 3133 1303 3187 voluntas
1326 3131 1362 3186 de
1385 3147 1488 3203 genere
1513 3128 1635 3182 humano
1658 3124 1826 3181 redimendo.

132 3211 233 3267 David.
252 3229 275 3268 c.
296 3217 336 3267 24.
355 3229 381 3282 p.
402 3218 465 3268 226:
490 3215 557 3266 Non
582 3221 622 3266 cst
646 3214 720 3266 idem
744 3215 868 3267 adorare
890 3215 967 3283 quod
994 3219 1049 3275 Sed
1061 3219 1136 3291 prior
1149 3217 1291 3290 responsio
1304 3224 1347 3272 est
1358 3216 1519 3288 simplicior:
1535 3221 1567 3268 ut
1584 3213 1679 3267 divina
1696 3212 1824 3280 essentia,

133 3300 271 3352 invocare.
306 3300 422 3352 Invocat
442 3300 478 3363 is,
505 3301 602 3369 quiin
619 3301 779 3353 necessitate
803 3300 1032 3367 coristitatus,ito
1050 3306 1180 3377 religiosa
1198 3304 1337 3359 invocatio
1353 3302 1443 3357 nullos
1462 3301 1548 3356 habet
1565 3299 1687 3371 gradus)

134 3386 303 3447 confidenter
323 3386 446 3439 ulmeam
463 3403 543 3455 opem
561 3393 586 3438 et
608 3387 804 3453 benignitatem
825 3386 967 3456 implorat,
1028 3398 1068 3448 oo,
1102 3393 1264 3446 Antistiae,
1301 3389 1354 3456 Qui
1373 3388 1494 3443 divinam
1513 3385 1615 3441 Christi
1632 3391 1759 3440 naturam
1776 3383 1825 3438 im.

134 3473 323 3539 adorutvero,
341 3472 390 3539 qui
407 3489 508 3541 corpses
526 3479 552 3525 et
565 3473 688 3525 orciniam
705 3480 862 3525 reverenter
880 3473 969 3526 alicui
993 3485 1135 3550 pugnant,
1164 3475 1366 3548 aquibusdam
1390 3474 1598 3545 distinguuntur
1622 3471 1651 3524 in
1674 3468 1826 3525 haereticos

134 3557 252 3610 inclinat
265 3565 290 3610 et
304 3575 399 3611 coram
411 3558 664 3611 eoveneradvndns
672 3559 837 3627 procumbit,
858 3560 969 3612 etiamsi
993 3575 1097 3621 vetem
1116 3574 1141 3619 et
1162 3565 1341 3629 recentiores,
1362 3562 1412 3616 sed
1432 3577 1494 3614 cum
1514 3558 1680 3615 recentiores
1699 3557 1827 3613 haereses

134 3644 206 3696 nibil
232 3645 267 3697 ab
293 3660 324 3697 eo
348 3651 436 3714 petat.
472 3660 498 3713 p.
524 3648 563 3697 21.
593 3645 640 3697 De
667 3645 840 3698 invocatione
863 3643 969 3698 Christi
994 3651 1167 3707 aratoribus
1184 3655 1273 3705 motas
1291 3665 1325 3704 ex
1343 3664 1406 3704 orco
1425 3647 1567 3715 suscitent,
1585 3662 1703 3717 cumque
1722 3651 1826 3713 tempo·

135 3729 242 3784 nullum
255 3737 344 3783 castet
357 3730 529 3798 mandatum,
548 3731 727 3784 odorandum
745 3747 809 3783 vero
829 3729 968 3785 Christum
994 3739 1031 3794 rie
1051 3737 1121 3792 ratio
1140 3737 1286 3792 discrimen
1304 3735 1445 3807 proprium
1464 3740 1492 3788 et
1509 3731 1656 3788 essentiale
1676 3730 1748 3785 inter
1764 3728 1828 3783 bae·

136 3834 193 3870 ⁶⁸⁸0
212 3835 269 3868 ’¹⁰³1
292 3817 452 3886 infitiamur·
489 3815 658 3886 (mandram,
680 3816 739 3887 ipfle
763 3817 893 3886 repudiet
915 3816 968 3872 11⁰0
994 3843 1069 3882 reses
1084 3824 1245 3896 neutiquam
1258 3822 1352 3886 faciat,
1371 3821 1435 3876 ideo
1452 3817 1635 3891 pracferenda
1652 3817 1702 3873 ills
1720 3815 1829 3883 divisio,

135 3903 298 3970 discrimen,
318 3920 381 3957 cum
400 3903 524 3958 adoratio
541 3901 697 3958 necessario
718 3903 842 3975 requirat
857 3902 968 3957 iuvoca-
996 3930 1052 3983 que
1070 3909 1322 3985 χρωγοθωμάχω,
1345 3907 1517 3962 divinitatem
1534 3903 1637 3960 (ξω-ἰώ·
1658 3904 1762 3959 dnoete
1781 3919 1828 3958 no·

135 3990 238 4046 tionem
265 3989 369 4044 vitante
397 3989 497 4046 Soeino
524 3989 553 4043 in
577 4007 640 4060 resp
676 3991 712 4044 ed
738 3989 837 4045 lirano
865 3988 967 4054 David.
995 4007 1101 4071 gentes,
1120 3999 1148 4053 in
1164 4005 1220 4053 tres
1236 3998 1439 4060 disnibuonnn
1456 3994 1573 4047 eluse:
1593 3999 1613 4047 r.
1633 3991 1746 4061 qudam
1763 3995 1830 4043 sunt

135 4096 161 4149 p
188 4078 256 4148 142).
277 4076 330 4133 Cui
349 4075 433 4132 errori
454 4074 527 4130 hune
546 4076 658 4131 brevem
678 4077 863 4148 aphorismum
884 4094 968 4148 oppo-
996 4084 1190 4152 suentense,
1208 4090 1361 4138 autumes
1373 4079 1513 4135 cumtum
1524 4085 1589 4132 ants
1603 4093 1682 4130 susm
1695 4073 1829 4130 exuaris

136 4164 234 4218 murus.
270 4163 389 4230 Quando
407 4163 441 4217 de
458 4161 589 4234 religiosa
607 4163 768 4219 adoratione
787 4165 888 4236 agitur,
909 4170 968 4218 tum
994 4171 1168 4226 nativitatem
1186 4186 1299 4240 prorsus
1317 4184 1373 4221 non
1393 4165 1538 4220 exstitisse.
1574 4162 1657 4217 Tales
1681 4160 1760 4215 inae
1778 4158 1828 4215 Ce-

136 4253 198 4321 ejus
217 4257 258 4305 est
273 4251 347 4303 idem
365 4250 511 4319 objectam,
529 4251 628 4303 eudem
641 4251 753 4319 formu,
769 4253 844 4306 idem
855 4254 967 4321 funda·
994 4257 1102 4312 rinthus
1123 4263 1152 4311 et
1168 4255 1274 4316 Ebion,
1293 4253 1328 4309 de
1347 4252 1448 4323 quibus
1466 4251 1521 4305 vid.
1538 4250 1591 4304 loc.
1610 4248 1646 4303 dc
1666 4247 1727 4301 Deo
1744 4246 1829 4300 Patre

73 4357 121 4399 ute
136 4343 273 4405 mentam,
290 4336 416 4407 adeoque
434 4353 527 4389 onrnee
544 4354 645 4391 causae
664 4340 790 4405 eunden,
814 4355 886 4409 quae
905 4345 969 4393 sunt
990 4351 1023 4416 'et
1047 4347 1107 4414 ejus
1130 4341 1201 4396 Filio
1226 4339 1254 4415 ξ
1277 4346 1333 4395 185.
1360 4345 1387 4393 et
1416 4343 1471 4393 186.
1506 4334 1611 4389 Paulus
1634 4333 1828 4389 Samosatenus
1869 4392 1875 4402 Β

135 4421 327 4491 invocationis,
343 4421 406 4478 Jola
426 4430 450 4489 4,
467 4441 492 4476 v.
507 4429 547 4479 23.
572 4423 667 4479 Actor.
682 4429 705 4489 8,
724 4443 748 4479 v.
762 4431 801 4480 21.
828 4425 915 4496 Apoc.
930 4432 968 4495 14,
996 4438 1024 4485 et
1043 4428 1195 4494 Photinus,
1224 4428 1259 4481 de
1283 4424 1384 4496 quibus
1406 4424 1461 4477 vid.
1488 4423 1539 4477 loc.
1565 4421 1601 4475 dc
1627 4417 1690 4473 trib.
1717 4417 1828 4473 Elohim
1914 4442 1918 4451 ·

134 4528 159 4566 v.
179 4517 204 4566 t.
223 4514 290 4577 etc.;
317 4516 340 4564 ³.
363 4509 437 4580 quod
460 4510 525 4565 talis
544 4511 669 4567 adoratio
688 4511 798 4566 Christo
823 4513 968 4581 tribuatur,
996 4513 1023 4591 ᾗ.
1044 4523 1085 4573 80.
1105 4521 1133 4570 et
1151 4521 1192 4569 81.
1228 4512 1361 4568 Artcmm
1378 4511 1486 4578 docuit,
1512 4509 1652 4562 Ctrrs'stam
1671 4523 1704 4559 es
1720 4507 1828 4573 virgins

135 4612 207 4668 quae
232 4595 386 4650 adorationi
415 4595 587 4667 sculptilium
619 4597 768 4668 opponitur
796 4597 900 4653 Psalm.
927 4607 968 4668 91,
995 4611 1101 4656 tuntum
1121 4610 1216 4655 notum
1235 4609 1259 4653 et
1278 4601 1414 4658 bominem
1432 4615 1500 4662 esse,
1525 4614 1580 4650 non
1597 4595 1681 4648 etiam
1704 4611 1737 4646 ee
1755 4594 1827 4659 Deo,

135 4700 160 4739 r.
177 4688 199 4737 1.
227 4681 313 4737 Hebr.
332 4688 353 4748 1,
371 4700 396 4737 v.
410 4688 435 4752 6,
453 4699 579 4753 quaeque
599 4685 635 4740 ab
652 4683 721 4755 ipsis
740 4683 848 4755 augelis
861 4684 968 4740 Christo
996 4689 1064 4758 quia
1077 4705 1132 4741 non
1150 4688 1187 4740 sit
1200 4685 1319 4754 DEUS,
1338 4683 1475 4740 Eusebius
1492 4680 1540 4737 lib.
1556 4689 1580 4738 t.
1597 4696 1622 4737 c.
1638 4687 1678 4736 21.
1706 4679 1829 4742 Quorum

135 4768 259 4824 defertur
275 4766 360 4823 Hebr.
382 4775 408 4836 1,
434 4786 458 4823 v.
478 4774 502 4825 6.
537 4769 579 4823 Ea
598 4787 661 4824 vero
684 4788 739 4825 non
758 4777 817 4838 cst,
836 4787 887 4825 uec
908 4789 968 4826 csse
981 4748 984 4881 ἰ
996 4773 1119 4845 vestigiis
1133 4779 1227 4829 nostro
1239 4779 1362 4842 tempore
1374 4770 1506 4825 insistunt
1517 4766 1705 4823 Mahometani
1717 4762 1828 4820 etPho·

135 4859 226 4926 potest
242 4853 306 4923 alia,
326 4870 408 4927 quam
427 4855 552 4909 adoratio
569 4854 700 4926 religiosa
717 4855 768 4910 soli
781 4855 842 4910 Deo
860 4857 1102 4926 debitsptinisni.
1144 4857 1286 4914 Mahomet
1307 4858 1422 4923 statuit,
1453 4855 1594 4909 Christum
1618 4871 1676 4908 esse
1697 4868 1828 4919 mopnsnn

135 4948 158 4996 4.
178 4941 254 5012 quod
264 4941 382 5013 apostoli
395 4941 519 5010 gratiam
535 4949 560 4994 st
574 4956 676 5011 pacem
687 4941 841 5013 aequaliter
854 4960 871 4996 a
884 4943 969 4998 Patre
981 4908 984 5023 Ι
991 4946 1160 5016 prophetam
1179 4955 1206 4999 et
1223 4946 1427 5014 lepmlmmm,
1450 4944 1497 4997 oui
1513 4945 1594 4997 Deus
1609 4942 1732 4995 mimam
1748 4955 1829 4991 msam

135 5034 163 5082 et
179 5026 290 5083 Christo
307 5027 431 5083 scalenis
450 5036 597 5097 precentur
615 5033 638 5082 2.
655 5027 718 5083 Job.
739 5046 764 5084 v.
785 5033 814 5096 3,
838 5029 968 5100 quodque
981 5026 983 5076 Ι
995 5033 1161 5103 inspiravit,
1188 5033 1240 5085 sed
1263 5041 1354 5085 tomen
1372 5050 1428 5083 non
1452 5047 1510 5083 csse
1538 5046 1599 5081 vers
1617 5028 1698 5080 DEI
1713 5025 1829 5079 Filium.

134 5114 164 5168 in
181 5115 356 5183 ioeoioytmc
374 5113 533 5185 apostolicis
545 5112 671 5169 Christus
684 5131 747 5169 cum
758 5114 842 5169 Patre
859 5117 968 5187 aequali
980 5087 985 5190 i
997 5126 1020 5173 2.
1039 5118 1158 5184 Quidam
1178 5122 1243 5171 sunt
1269 5115 1437 5191 irspoivmr,
1462 5121 1646 5186 agnoscentes
1671 5112 1699 5164 in
1719 5109 1829 5166 Christo

133 5200 245 5256 honoris
265 5202 355 5272 gram
381 5202 583 5272 conjungatur,
611 5203 643 5254 ut
667 5200 695 5255 in
719 5200 788 5271 disp.
811 5218 845 5256 ex
868 5202 967 5260 bened.
996 5203 1181 5259 sublimiorem
1199 5203 1338 5274 quandam
1356 5209 1493 5271 naturam,
1511 5217 1594 5273 quam
1608 5199 1765 5263 humanam,
1782 5213 1829 5250 ne-

135 5287 233 5344 eecles.
252 5288 486 5357 demonstratum,
517 5294 539 5341 5.
558 5288 633 5358 quod
651 5288 779 5341 invocari
791 5306 845 5357 per
863 5291 968 5343 media·
996 5297 1064 5362 gant
1081 5296 1173 5343 tamen
1192 5290 1282 5360 ipsum
1304 5306 1363 5344 esse
1380 5287 1458 5342 Patri
1484 5285 1638 5360 ὁμοούσιον
1660 5281 1828 5339 et‘cousub·

135 5383 223 5429 torem
249 5375 389 5446 duplicem
415 5373 504 5445 possit
532 5372 634 5428 habere
661 5389 785 5443 seusum;
821 5375 865 5429 vel
897 5375 969 5430 enim
997 5375 1162 5430 stantialem.
1198 5374 1281 5429 Tales
1304 5374 1381 5429 fuere
1407 5371 1629 5444 Carpocratiani,
1656 5368 1829 5437 Rasilidiani,

134 5460 302 5532 intelligitur
319 5460 471 5529 invocatio,
490 5478 561 5532 quae
581 5460 613 5515 fit
630 5478 681 5531 per
698 5462 891 5543 mediatorem,
910 5468 970 5517 tsn-
997 5460 1102 5515 Ariani.
1138 5460 1202 5515 vid.
1228 5461 1280 5516 loc.
1306 5460 1341 5514 dc
1365 5461 1427 5515 Deo
1452 5458 1537 5513 Patre
1562 5464 1590 5513 et
1617 5456 1689 5511 Filio
1716 5452 1742 5530 ξ.
1773 5460 1829 5511 181.

134 5565 220 5620 quarn
238 5548 395 5603 distinctam
413 5564 576 5619 personam,
603 5556 631 5614 ct
647 5548 699 5603 huc
716 5549 822 5604 ratione
842 5549 967 5605 concedi·
981 5547 1082 5610 iArius
1098 5546 1153 5602 tria
1166 5545 1338 5616 potissimum
1351 5546 1386 5601 de
1397 5545 1468 5600 Filio
1479 5544 1534 5599 Dei
1545 5543 1678 5600 docebat:
1697 5547 1722 5598 1.
1737 5543 1830 5624 ipsum
