3984 6022
150 303 155 308 .
198 255 257 313 aot
882 243 1004 302 LOCUS
1022 245 1202 312 QUARTUS

196 409 310 475 pareat,
338 402 416 472 quod
440 398 612 469 reperiebam
645 402 670 454 t.
690 413 723 451 en
740 397 901 452 neceeaaria
921 396 1034 451 diuinae
1067 398 1206 452 tamenin
1225 403 1369 452 aemrnum
1386 395 1904 454 diuinitateetltumanitatemediator

201 495 321 543 naturae
338 488 368 541 in
386 485 481 555 officio
496 483 664 538 mediatorio
679 484 846 554 operatione.
880 483 985 538 Beatus
1004 500 1037 539 ex
1064 487 1140 540 inter
1160 488 1254 540 Deum
1274 492 1300 538 et
1317 484 1440 539 leminea
1458 499 1566 556 semper
1582 485 1677 538 eirene
1695 492 1745 554 eet,
1763 486 1809 539 ad
1826 486 1903 540 inter·

201 572 323 644 peccatis
348 572 433 626 totius
457 569 571 625 hnmani
595 571 705 642 generis
728 576 804 638 ortus
824 574 884 624 erat
905 569 1038 639 infinitus,
1064 571 1231 642 pellandum
1248 588 1306 641 pra
1333 570 1466 628 noent*
1502 571 1623 643 August.
1648 570 1698 626 lib.
1722 576 1761 626 to.
1785 569 1902 628 Coniem.

203 665 298 731 utpote
310 658 338 712 in
358 656 492 712 infinitam
504 656 559 711 Dei
574 656 711 728 justitiam
723 656 887 728 impingens.
917 656 1037 712 Laesum
1065 675 1088 713 c.
1106 663 1154 714 ct:
1179 658 1326 712 Mediator
1348 658 1422 711 inter
1439 658 1533 711 Deum
1557 665 1583 711 et
1605 657 1735 712 harunce
1756 660 1902 728 oportebat,

204 752 262 802 erat
270 743 409 799 infinitum
419 743 531 812 bonum,
549 743 741 815 requirebatur
753 760 819 816 ergo
830 743 968 798 infinitum
977 760 1037 815 pre·
1064 751 1094 797 ut
1111 744 1224 798 labaret
1245 743 1359 814 alipiid
1374 743 1466 797 dmile
1483 745 1555 813 Deo,
1575 744 1691 815 aliptid
1708 743 1806 800 eimile
1824 745 1902 800 tant-

204 831 278 887 tium.
303 830 366 885 lam
378 847 443 884 vero
453 830 576 885 oenones
585 837 614 885 et
622 829 764 902 passiones
772 830 910 884 humanae
921 837 1038 885 naturae
1064 832 1154 895 vnilum,
1172 847 1206 884 ne
1227 831 1256 884 in
1274 838 1392 899 utroque
1410 830 1513 884 eimdie
1532 830 1690 884 taminiam
1704 830 1790 901 lonpe
1806 842 1902 887 cauta

201 924 267 975 sunt
290 916 386 972 finitae
414 933 447 972 ac
465 917 533 971 certi
550 916 694 988 temporis,
724 916 916 972 exinanitionis
933 915 1039 970 scilicet
1064 920 1143 984 Deo,
1168 925 1192 971 et
1217 917 1247 971 in
1272 924 1390 987 ruraque
1408 916 1510 971 cimilia
1530 918 1595 971 Deo
1613 917 1697 986 lonpe
1715 925 1789 972 earet
1808 919 1844 971 ab
1860 919 1902 974 io

201 1004 314 1076 periodo
339 1003 511 1058 terminatae.
553 1002 594 1059 Ut
620 1020 686 1075 ergo
715 1003 893 1058 redemtionis
919 1002 1037 1074 pretium
1065 1005 1197 1072 minibus,
1224 1010 1305 1073 mque
1328 1003 1371 1057 ita
1389 1003 1530 1057 mediator
1549 1021 1604 1058 non
1622 1012 1702 1061 aree
1738 1003 1774 1058 In
1796 1004 1901 1061 Enchir.

203 1095 275 1147 esset
297 1089 446 1160 analogum
463 1096 558 1144 nostro
575 1089 669 1145 debito
690 1096 718 1143 et
737 1087 842 1143 infinito
861 1089 962 1152 reatui,
991 1105 1037 1143 ne·
1064 1091 1100 1146 ad
1119 1090 1250 1145 laurent
1274 1106 1298 1144 c.
1322 1094 1383 1146 108:
1408 1086 1484 1144 Nam
1510 1106 1596 1160 neque
1617 1106 1672 1160 per
1690 1091 1787 1161 ipram
1806 1092 1900 1147 lebera

201 1176 352 1231 cessarium
369 1181 436 1244 erat
456 1181 488 1230 nt
507 1176 543 1230 ad
561 1175 635 1231 illius
647 1175 860 1246 persolutionem
872 1192 927 1228 non
944 1174 1039 1229 finitae
1063 1196 1158 1232 remur
1176 1194 1259 1230 annm
1278 1176 1460 1231 mediatorem
1480 1178 1534 1231 Dei
1551 1184 1576 1231 et
1594 1177 1749 1247 lominum,
1769 1177 1900 1234 lorninen

201 1268 316 1330 tantum,
331 1261 617 1332 videlicethnmanae,
629 1261 771 1317 sedetiam
784 1261 914 1330 infinitae,
928 1261 1039 1316 divinae
1063 1264 1172 1335 denam,
1189 1262 1344 1331 Clerictnm,
1371 1262 1428 1315 nebi
1455 1270 1525 1316 meet
1551 1271 1577 1316 et
1604 1264 1708 1318 Deerat
1740 1262 1900 1322 'l'hcodoret

202 1347 321 1417 scilicet,
339 1354 455 1403 naturae
473 1349 546 1403 actio
569 1349 627 1403 sive
651 1348 782 1402 mediatio
807 1352 983 1403 connumeret
1005 1363 1038 1401 ac
1063 1349 1185 1407 Dicit:
1208 1349 1410 1404 intercesserit
1434 1365 1533 1404 nomen
1560 1349 1604 1402 trie
1632 1357 1659 1404 et
1683 1350 1901 1407 diuinitatenet

203 1435 295 1506 passio
316 1441 344 1490 et
361 1452 434 1488 mors
453 1433 556 1489 Christi
581 1434 707 1503 aliunde,
733 1433 862 1490 videlicet
888 1451 905 1488 a
928 1433 1038 1488 divinae
1063 1436 1261 1491 lrnmanitatem
1278 1436 1426 1505 aipnifieat.
1458 1432 1543 1506 vigil.
1557 1434 1605 1490 lib.
1620 1442 1644 1492 5.
1663 1443 1767 1493 centn
1778 1436 1901 1510 Eutyche

205 1527 320 1577 naturae
332 1519 523 1576 efficacissima
535 1519 702 1591 operatione,
714 1517 816 1574 infiniti
827 1520 907 1590 pretii
917 1519 1037 1575 valorem
1068 1523 1147 1576 Talia
1173 1522 1286 1575 uictima
1313 1521 1522 1590 requirebatur,
1549 1538 1622 1592 anae
1647 1524 1690 1577 ita
1716 1525 1816 1579 media
1840 1534 1900 1580 earet

203 1608 372 1679 acquireret,
400 1608 525 1678 adeoque
549 1607 652 1669 bonum
676 1604 812 1660 infinitum
838 1607 911 1662 malo
930 1606 1038 1661 infinito
1064 1611 1137 1663 inter
1157 1611 1248 1662 Deum
1267 1615 1293 1661 et
1313 1608 1463 1677 hominem,
1480 1615 1511 1661 at
1530 1610 1615 1663 morti
1632 1610 1841 1679 euceumberet,
1851 1629 1898 1682 per

201 1693 305 1765 opponi
327 1700 429 1765 posset.
464 1693 654 1749 Reconciliare
671 1693 762 1749 Deum
780 1693 832 1749 tati
854 1692 974 1750 humano
992 1711 1038 1766 ge·
1064 1697 1152 1764 iliud,
1178 1697 1256 1765 arrad
1275 1695 1395 1748 taminia
1418 1694 1550 1762 lambat,
1568 1701 1594 1748 et
1612 1703 1732 1750 morum
1746 1698 1898 1765 revinceret,

202 1781 261 1837 neri
279 1781 392 1847 ircim,
411 1779 535 1835 infinitae
549 1779 675 1849 jmtitine
693 1780 912 1850 aequivalentem
932 1781 1039 1836 satisfa·
1061 1800 1116 1852 per
1133 1784 1173 1851 iel,
1191 1785 1268 1851 quod
1287 1782 1318 1834 in
1336 1797 1366 1835 ee
1384 1781 1542 1834 divinitatio
1558 1781 1679 1837 tenebat.
1715 1785 1794 1840 aaa
1810 1787 1898 1839 adre-

203 1869 320 1923 ctionem
339 1872 487 1938 praestare,
507 1871 661 1938 peccatum,
679 1867 752 1938 quod
771 1873 813 1921 est
829 1867 931 1922 malum
949 1867 1038 1922 infini-
1065 1869 1208 1923 rariorum
1225 1867 1409 1935 conmunione.
1445 1864 1543 1923 Thom.
1560 1872 1633 1938 part
1653 1872 1680 1924 3.
1701 1886 1730 1941 q.
1749 1875 1795 1927 «ta.
1814 1878 1862 1927 nrt
1873 1877 1897 1927 o:

202 1959 270 2022 nrm,
288 1954 407 2020 abolere,
426 1951 579 2024 perfectam
594 1951 731 2022 justitiam
743 1953 891 2022 adducere,
910 1970 1039 2025 superare
1066 1956 1241 2020 Dicendum,
1260 1956 1337 2024 arrad
1355 1954 1461 2024 duplae
1478 1961 1518 2007 eat
1536 1955 1683 2021 efficiens,
1695 1954 1861 2028 principiale
1877 1966 1898 2013 et

203 2025 358 2109 diabolum,
378 2045 493 2094 mortem
514 2045 542 2093 et
559 2037 710 2108 infernum,
737 2039 963 2110 perfectissimam
983 2041 1038 2112 legi
1065 2042 1285 2098 inctrumcntale.
1310 2041 1450 2111 Efficiena
1465 2041 1579 2111 attidem
1587 2041 1898 2113 prinarpatelersmarae

203 2127 389 2182 obedientiam
410 2143 465 2196 ,pro
488 2125 549 2180 aliis
567 2130 722 2195 praestare,
750 2130 927 2196 peccatorum
945 2127 1039 2181 remis·
1065 2130 1168 2183 ralatio
1193 2136 1232 2182 eat
1251 2129 1338 2183 Deum
1381 2127 1453 2190 Quia
1470 2145 1535 2182 cera
1555 2128 1720 2183 humandae
1739 2128 1849 2184 direnti
1864 2137 1899 2183 eet

203 2213 308 2271 tionem
327 2212 387 2267 aliis
406 2213 564 2284 promereri,
583 2212 763 2283 introspicere
782 2229 911 2268 arcannm
931 2214 985 2268 Dei
1003 2215 1038 2269 de
1066 2214 1223 2268 divinitatis
1242 2215 1460 2282 instrumentum,
1479 2214 1544 2268 ideo
1563 2217 1899 2285 momentaneam

84 2309 124 2350 m.
139 2306 188 2350 seo.
204 2299 372 2355 redemtione
384 2299 827 2369 etealutehominumconsilium,
845 2301 947 2356 amissa
965 2302 1039 2357 bona
1065 2302 1188 2354 aetianae
1213 2308 1239 2353 et
1259 2301 1410 2368 paccioner
1435 2300 1543 2354 climati
1566 2300 1817 2357 instrumentaliter
1841 2320 1899 2372 ope·

203 2387 334 2441 coelestia
356 2403 534 2457 recuperare,
562 2387 705 2442 ecclesiam
731 2387 783 2442 sibi
807 2404 840 2441 ex
863 2404 965 2460 genere
988 2388 1038 2442 hu·
1064 2395 1165 2441 rariter
1190 2388 1220 2440 in
1246 2387 1346 2440 uirtute
1371 2386 1527 2440 divinitatio
1551 2388 1594 2441 ad
1609 2387 1730 2443 aetutem
1746 2389 1898 2456 numanam,

202 2489 284 2528 mano
303 2473 433 2546 colligere
448 2479 476 2529 et
493 2481 590 2529 contra
604 2491 698 2530 omnes
715 2473 835 2529 hostium
853 2475 1037 2546 spiritualium
1065 2481 1090 2527 et
1112 2475 1263 2527 secundnm
1286 2472 1337 2526 loe
1359 2473 1460 2542 paceio
1488 2472 1595 2528 aaran
1619 2473 1779 2542 efficienter
1806 2483 1897 2530 earnat

199 2566 228 2616 et
258 2559 442 2631 corporalium
469 2560 588 2631 impetus
609 2560 681 2616 tueri
706 2566 771 2615 sunt
787 2562 923 2631 ejusmodi
945 2579 1038 2634 opera,
1064 2559 1182 2613 aalutem
1208 2561 1367 2613 humanam.
1403 2557 1521 2628 Dionys.
1542 2555 1720 2618 Carthasian.
1748 2560 1780 2616 in
1807 2577 1895 2617 comm

203 2663 274 2717 quae
298 2645 419 2702 divinam
446 2654 475 2701 et
499 2646 634 2701 infinitam
660 2645 802 2720 ἐνέργειαν
821 2647 978 2718 requirunt,
1007 2654 1039 2703 ut
1068 2653 1089 2702 l.
1108 2645 1179 2700 Tim
1199 2652 1229 2701 t:
1256 2646 1310 2698 Eat
1333 2645 1473 2699 mediator
1491 2643 1551 2698 Dei
1573 2651 1599 2698 et
1621 2645 1768 2700 lominum
1786 2649 1898 2718 proprie

199 2736 317 2786 constat.
352 2731 416 2786 dam
440 2749 505 2787 vero
528 2731 597 2788 haec
620 2750 704 2803 opera
722 2734 814 2787 omnia
835 2738 863 2788 et
881 2732 993 2805 singula
1010 2735 1038 2788 in
1065 2732 1218 2802 loquendo,
1244 2749 1294 2785 nee
1311 2739 1341 2785 ut
1361 2734 1454 2794 Dan,
1477 2748 1527 2784 nee
1545 2739 1574 2785 ut
1594 2732 1690 2802 loma,
1710 2736 1764 2788 aed
1778 2742 1810 2789 ut
1827 2738 1897 2789 Dera

201 2817 294 2886 officie
311 2817 469 2872 mediatoris
488 2817 674 2888 requiruntur.
709 2818 792 2890 Ergo.
812 2826 837 2876 5.
857 2821 903 2872 Ea
920 2820 1041 2877 abeundi
1064 2819 1160 2887 lamo,
1177 2834 1226 2872 eeu
1242 2825 1272 2871 ut
1290 2818 1372 2872 Deua
1391 2817 1565 2874 incarnatae.
1604 2817 1654 2873 ste
1672 2820 1782 2891 puppe
1800 2838 1896 2892 compre

199 2905 397 2959 concentione.
439 2904 469 2960 Si
496 2904 592 2959 divina
619 2904 721 2959 Christi
749 2912 849 2960 natura
881 2905 917 2960 ab
946 2906 1038 2961 officio
1063 2905 1098 2957 tit
1124 2905 1151 2957 ei
1176 2912 1202 2959 et
1228 2904 1395 2971 natusneere
1410 2919 1472 2979 ,eae
1496 2903 1683 2958 reconciliare
1709 2913 1738 2960 et
1763 2906 1897 2962 idoneitas

198 2989 372 3045 mediationis
399 2990 566 3059 excluditur,
596 3006 767 3061 consequens
791 2997 847 3059 est,
873 3009 929 3047 non
951 2991 1037 3047 fuisse
1063 2990 1107 3043 rel
1125 2990 1257 3060 efficacia
1269 2988 1484 3058 reconciliandi,
1505 3007 1623 3060 quanm
1630 2991 1762 3060 priam
1774 2995 1896 3063 competit

191 3077 382 3132 necessariam
411 3077 521 3132 divinae
546 3083 575 3132 et
598 3076 736 3132 humanae
753 3082 869 3134 naturae
887 3078 916 3132 in
934 3079 1036 3134 media·
1064 3077 1091 3130 ei
1107 3077 1217 3130 ratione
1234 3084 1375 3131 aarumtae
1392 3083 1520 3142 amarae,
1538 3079 1689 3131 seeundum
1708 3095 1778 3134 cero
1796 3083 1897 3136 ratione

122 3197 125 3201 -
197 3171 257 3219 tare
276 3164 414 3232 unionem,
433 3163 621 3219 obedientiam
636 3162 737 3218 Christi
752 3170 809 3218 tam
822 3165 941 3219 activam
953 3183 1036 3237 quam
1064 3163 1179 3218 deitatis
1196 3161 1303 3231 eunitae,
1327 3179 1360 3217 er
1377 3178 1434 3232 area
1452 3178 1541 3233 opera
1559 3170 1586 3217 et
1600 3179 1712 3233 poenae
1730 3164 1841 3222 Cirrinti
1855 3168 1896 3221 iro

145 3266 149 3273 ’
197 3251 335 3321 passivam
353 3268 408 3304 non
427 3256 486 3305 ease
502 3248 602 3304 infiniti
617 3249 700 3320 pretii
718 3265 751 3304 ac
765 3250 862 3320 meriti,
882 3269 944 3306 cnm
958 3252 1037 3307 finita
1062 3250 1146 3302 mincia
1172 3250 1311 3318 infinitam
1334 3251 1540 3320 qemelammodo
1566 3251 1735 3318 dianitatem
1761 3263 1789 3307 et
1809 3255 1894 3324 effica-

197 3342 311 3404 natura,
334 3354 390 3408 qna
407 3336 485 3405 talis,
509 3337 738 3408 nonpossitper
757 3354 786 3392 se
805 3342 883 3392 etex
903 3355 933 3392 sa
952 3352 1037 3395 causa
1063 3337 1135 3389 ciam
1170 3336 1333 3391 sortiumur.
1393 3333 1490 3389 Claud.
1525 3334 1703 3406 Espenaaeus
1741 3338 1774 3393 in
1806 3356 1894 3394 comm.

198 3441 258 3479 esee
278 3423 377 3478 infiniti
397 3423 521 3491 effectus,
539 3439 573 3476 ac
591 3423 707 3494 proinde
726 3440 776 3477 nos
795 3437 856 3477 esse
875 3424 967 3480 adhuc
983 3426 1035 3481 snb
1066 3428 1086 3477 t.
1111 3421 1181 3475 Tim.
1212 3427 1236 3476 t.
1263 3426 1342 3478 tract.
1369 3421 1405 3476 de
1432 3420 1541 3476 Christo
1568 3422 1682 3479 mediat
1708 3440 1735 3479 c.
1766 3430 1792 3480 t.
1816 3416 1844 3481 et
1868 3431 1893 3479 5:

198 3510 320 3565 dominio
338 3515 456 3581 peccati,
474 3509 569 3563 mortis
589 3526 621 3563 ac
640 3508 753 3578 diaboli,
771 3526 840 3580 opus
859 3511 1035 3568 redemtionis
1063 3509 1169 3562 Mirati
1185 3525 1286 3574 murm,
1306 3507 1418 3576 aliquae
1435 3507 1661 3563 tueriClrrietum
1679 3514 1836 3566 mennam
1851 3512 1893 3567 tn·

198 3615 252 3651 non
275 3613 336 3652 esse
354 3600 574 3651 consummatum
593 3601 621 3649 et
644 3594 810 3668 perfectum,
837 3597 1035 3653 redemtionem
1062 3612 1174 3648 manem
1207 3601 1339 3647 naturam
1368 3600 1474 3647 tantum
1495 3610 1553 3647 ecee
1580 3596 1694 3664 dinque
1716 3599 1895 3654 mediatorem

196 3698 258 3737 esse
281 3699 349 3753 opus
373 3700 448 3737 mere
466 3680 634 3750 humanum,
661 3681 690 3735 in
712 3680 747 3738 V.
764 3681 797 3735 T.
816 3682 960 3738 ecclesiam
979 3702 1035 3739 non
1061 3689 1086 3734 et
1117 3697 1194 3734 reeca
1219 3679 1366 3734 centientee
1393 3687 1488 3750 aperte
1513 3681 1675 3735 Arianirmi
1701 3689 1729 3737 et
1755 3686 1792 3738 id
1815 3703 1895 3755 peret

197 3767 328 3824 habuisse
344 3768 532 3823 mediatorem.
555 3770 581 3822 6.
594 3770 620 3820 A
636 3769 752 3837 pionem
769 3777 891 3823 ueterum
905 3772 1033 3836 teatifiea-
1061 3767 1218 3820 laereeium
1243 3766 1406 3820 ineimnlari
1432 3771 1505 3820 ctas
1533 3766 1659 3829 Quidam
1686 3778 1791 3838 arpent
1811 3773 1894 3827 meum

197 3856 279 3908 marre.
317 3854 466 3908 Decretum
486 3853 597 3907 concilii
617 3853 858 3925 Chalcedonensis,
882 3856 958 3911 dicta
977 3857 1034 3911 Ire·
1061 3852 1246 3920 oportolicnm
1277 3858 1297 3908 l.
1323 3851 1395 3905 Tim.
1421 3856 1449 3918 t,
1477 3854 1529 3905 aed
1555 3869 1662 3922 moero
1691 3870 1745 3923 epo
1771 3857 1893 3925 ricinia,

196 3939 260 3994 naei
276 3938 325 3994 lib.
338 3944 362 3994 3.
381 3939 443 3993 adv.
462 3939 566 3992 haeres.
585 3956 609 3993 c.
624 3945 665 3994 20.
678 3940 798 4012 August
814 3941 862 3998 lib.
876 3948 900 3997 9.
913 3942 947 3996 de
959 3943 1032 3997 civit.
1060 3957 1109 3992 cnr
1128 3947 1229 4007 patrer
1252 3938 1324 3992 Iurene
1350 3938 1440 3992 locum
1466 3946 1630 3993 enarrantes
1656 3955 1690 3993 ec
1714 3943 1814 3998 eodeni
1839 3940 1947 3999 amm-¹

196 4026 251 4082 Dei
270 4044 293 4080 c.
308 4031 347 4081 15.
365 4023 459 4079 homil.
479 4023 514 4079 de
527 4023 600 4079 ovib.
620 4041 643 4078 c.
659 4031 697 4080 12.
722 4026 845 4082 Anselm.
864 4028 911 4083 lib.
925 4034 948 4084 t.
978 4027 1034 4082 Cur
1060 4032 1085 4077 et
1100 4025 1242 4090 vocabulo,
1262 4023 1403 4078 Clarium
1421 4025 1584 4077 eeceDeum
1601 4024 1718 4080 eliciunt
1735 4035 1765 4082 et
1785 4031 1894 4098 arpent!

195 4113 273 4167 Dens
290 4112 371 4166 homo
392 4129 414 4165 c.
438 4117 477 4168 te.
495 4110 625 4166 Damaso.
648 4116 672 4166 3.
693 4112 762 4166 arth.
790 4113 837 4169 fid.
859 4131 883 4172 c.
906 4122 944 4170 15.
966 4116 1033 4171 reci·
1062 4111 1096 4165 Si
1124 4112 1267 4180 apoatolna
1286 4111 1330 4164 lie
1351 4108 1493 4165 Christum
1511 4111 1696 4166 mediatorem
1713 4129 1776 4169 eree
1796 4125 1894 4171 men

194 4199 314 4271 tavimns
331 4198 360 4253 in
385 4204 463 4252 tract.
489 4197 524 4252 de
547 4214 620 4269 pers.
641 4196 743 4253 Christi
769 4195 797 4273 ξ.
818 4205 874 4255 165.
898 4207 927 4256 et
949 4218 1034 4272 seqq,
1060 4205 1195 4266 armenam
1232 4196 1369 4251 t'aminem
1404 4197 1585 4263 intellexerit,
1620 4206 1706 4268 marie
1736 4205 1892 4258 cordulam

195 4286 298 4356 quibua
315 4284 445 4341 addenda
462 4290 527 4340 sunt
545 4285 702 4357 sequentia:
737 4285 809 4341 Iren.
827 4286 888 4341 libr.
908 4293 933 4355 3,
950 4305 972 4342 a
993 4295 1033 4344 te.
1059 4291 1181 4352 tantum,
1208 4285 1286 4353 quod
1309 4283 1480 4351 introducit,
1505 4283 1651 4352 apostalae
1674 4303 1734 4341 non
1761 4291 1893 4361 apparant,

194 4390 222 4453 p.
252 4378 316 4428 211:
349 4372 384 4426 Si
407 4371 488 4424 lamo
514 4388 570 4425 non
595 4371 705 4426 nioman
734 4372 878 4426 inimicum
904 4374 1032 4444 taminia,
1060 4372 1137 4439 prod
1154 4369 1204 4439 qui
1223 4371 1342 4450 addunt,
1362 4370 1475 4422 timeant
1490 4369 1599 4439 planae
1615 4370 1681 4425 laic
1702 4375 1783 4428 maia
1797 4378 1892 4430 derare

195 4477 251 4512 non
268 4459 346 4526 juste
367 4459 456 4513 rictm
480 4457 705 4513 enutrientem.
740 4459 853 4512 Rarum
870 4468 962 4514 autem
979 4462 1035 4514 nisi
1059 4459 1154 4511 tiator.
1185 4455 1303 4524 Apocal.
1323 4457 1369 4509 22.
1395 4457 1455 4510 Nee
1473 4459 1556 4510 modo
1574 4461 1791 4530 nonnppnrni,
1808 4482 1892 4517 emam

195 4546 276 4597 Deua
294 4546 426 4597 canneru
440 4544 567 4613 aalutem,
586 4560 642 4596 non
648 4544 773 4612 firmiter
785 4544 949 4600 interamne
964 4564 1033 4614 eam,
1060 4545 1143 4597 etiam
1171 4542 1343 4596 eontrarium
1367 4542 1488 4611 adjecit,
1519 4541 1646 4596 elimatae
1672 4544 1776 4615 Jecur,
1804 4549 1892 4619 inani,

196 4639 222 4684 et
241 4632 297 4683 reici
313 4630 394 4683 nomo
411 4632 575 4699 conjunctae
585 4629 770 4698 sumeetDeo
789 4639 892 4700 nostro,
908 4652 965 4687 non
980 4652 1032 4703 po·
1060 4648 1176 4700 atrorum
1197 4629 1273 4681 illud
1295 4644 1392 4681 nomen
1416 4636 1456 4681 eat
1481 4646 1535 4681 nan
1559 4629 1632 4682 meri
1649 4630 1786 4702 hominib,
1810 4637 1859 4688 aed
1875 4652 1892 4686 a

195 4718 292 4770 tuieeet
311 4716 459 4784 particeps
478 4718 542 4781 fieri
558 4717 844 4785 incorruptibilitatis.
883 4716 979 4788 Cyrill.
998 4720 1033 4775 de
1059 4719 1124 4770 Deo
1141 4716 1220 4769 renati
1235 4723 1261 4768 et
1279 4714 1309 4768 in
1325 4715 1455 4769 unionem
1469 4731 1610 4783 perronae
1628 4720 1754 4772 aarumti
1771 4720 1850 4775 Hele.
1867 4722 1889 4771 t.

194 4809 260 4857 rect.
286 4800 334 4856 fid.
358 4801 395 4855 ad
413 4801 482 4873 Reg.
501 4802 612 4871 assent,
639 4801 781 4857 Clrietum
800 4819 858 4856 ecee
872 4806 1033 4876 pontificem
1060 4805 1123 4859 Aet.
1138 4806 1162 4856 t.
1181 4801 1289 4856 Pealm.
1308 4804 1359 4865 tt;
1375 4800 1520 4870 portarius
1543 4800 1627 4854 etiam
1655 4820 1760 4859 nomen
1786 4814 1823 4859 eet
1839 4804 1893 4858 Dei

195 4897 320 4944 nostrum
338 4890 367 4942 in
387 4895 511 4951 aasumta
532 4898 635 4943 reaturo
646 4889 778 4958 hnmana,
796 4906 831 4943 ea
849 4899 1033 4963 autemeam
1060 4890 1190 4956 laminir,
1213 4895 1244 4941 ut
1271 4886 1388 4955 anpelue
1410 4889 1490 4940 docet
1508 4886 1612 4941 Maera.
1637 4893 1690 4944 etc.
1728 4889 1769 4946 Et
1791 4895 1891 4962 pastea:

194 4976 263 5034 fecit
284 4984 333 5029 aut
347 4992 456 5043 paeane
475 4983 529 5044 eet,
547 4976 611 5030 idea
633 4976 765 5041 efficacia
786 4992 859 5042 eree,
884 4981 1033 5047 prodeant
1061 4977 1202 5030 Habemus
1229 4991 1261 5027 ea
1281 4972 1402 5027 Graecia
1419 4979 1444 5026 et
1460 4972 1573 5026 Latinio
1590 4990 1694 5041 maana
1712 4994 1849 5032 commen
1862 4978 1894 5030 de

190 5070 308 5132 propter
345 5063 475 5115 unionem
509 5080 564 5117 non
595 5063 728 5131 laminir,
767 5064 819 5117 aed
848 5065 908 5117 Dei
937 5083 1032 5134 opera.
1059 5064 1204 5131 utriusque
1221 5068 1342 5114 naturae
1359 5062 1399 5114 ad
1413 5058 1578 5113 mediatoris
1591 5076 1843 5117 nonnmeoneurea
1855 5080 1893 5117 ne·

195 5149 331 5205 Athenas.
357 5148 393 5203 ad
418 5147 531 5202 Maxim.
549 5147 662 5219 philos:
691 5151 789 5218 Ipeum
812 5150 929 5205 Verbum
952 5171 1034 5206 cuum
1059 5149 1183 5202 emean'o
1205 5147 1279 5201 eoiret
1303 5146 1499 5214 prenestinam
1528 5151 1554 5197 et
1571 5144 1703 5201 uianime
1721 5158 1893 5205 senatumn-

196 5251 297 5303 corpue
323 5235 421 5289 oltalit
440 5252 497 5304 pro
521 5235 612 5302 noma,
635 5251 668 5288 ne
697 5236 727 5289 in
750 5235 888 5302 laminam
911 5255 961 5306 ape
985 5247 1033 5292 ant
1058 5234 1175 5302 tultum
1200 5234 1273 5287 inter
1295 5250 1365 5302 quoe
1388 5232 1429 5284 aie
1453 5229 1666 5298 Clryeoatomua
1688 5233 1734 5296 (ut
1758 5235 1894 5290 eissmra

195 5321 301 5384 fideicia
319 5338 498 5394 maceremur,
517 5322 570 5373 ced
588 5322 618 5373 in
638 5322 701 5389 epea
716 5324 780 5378 Deo
799 5324 886 5376 Verbo
894 5326 1033 5393 fiduciam
1058 5318 1164 5391 vigilio
1187 5319 1236 5375 lib.
1255 5325 1278 5375 5.
1302 5323 1398 5373 contra
1420 5315 1592 5386 Eutychen),
1619 5323 1665 5385 nt,
1692 5320 1746 5386 ani
1767 5339 1797 5374 ae
1815 5323 1893 5375 inter

194 5412 319 5458 noctram
336 5409 512 5461 constitutam
530 5405 701 5461 laberemur.
737 5407 909 5465 ”Ambrae
927 5409 1030 5466 inat.
1055 5423 1171 5476 ponent,
1191 5414 1223 5459 nt
1241 5405 1316 5458 litem
1336 5402 1567 5472 dierordiamaue
1584 5403 1733 5472 duretent,
1752 5406 1825 5462 bunc
1838 5408 1892 5478 qai·

195 5492 288 5550 Rome
315 5492 447 5556 Quamne
469 5495 510 5549 ad
534 5501 641 5564 tempus
658 5501 782 5550 mortuus
801 5504 870 5549 ercet
889 5497 919 5552 in
937 5515 1030 5567 earne,
1058 5495 1121 5548 den
1139 5494 1255 5562 dextra,
1274 5492 1356 5547 illum
1374 5491 1493 5545 einirtra
1508 5497 1604 5545 tenena
1622 5498 1757 5562 utraeque
1776 5495 1809 5550 ire
1826 5496 1893 5551 ami·
