3984 6022
608 282 660 339 DE
678 282 853 340 Passeris
870 281 920 337 ΕΤ
938 280 1090 340 omum
1100 282 1268 340 CHRISTI.
1722 288 1797 347 ιιι

92 433 140 489 lib.
158 442 182 491 5.
202 435 236 490 de
255 435 357 491 consid.
375 435 411 489 ad
429 435 585 508 Eugenium
603 437 653 493 col.
673 444 730 494 146.
749 444 810 492 octo
830 452 923 492 recen·
952 436 1041 507 qualis
1059 438 1132 495 inter
1152 439 1221 493 duos
1240 455 1346 494 asseres
1365 437 1418 494 sibi
1441 438 1618 506 coujunctos,
1644 435 1688 490 vel
1712 435 1785 490 inter

92 528 136 576 set
156 522 265 575 unionis
279 521 388 575 modos:
405 523 460 576 Est
478 526 572 576 unitas
591 524 744 588 collectiva,
764 542 824 577 cam
845 524 927 576 multi
952 524 1021 578 duas
1038 541 1170 594 personas
1191 526 1245 580 sibi
1269 526 1442 600 assistentes:
1473 530 1497 581 1.
1523 524 1590 595 quia
1613 521 1786 596 παράστασις

93 609 206 676 lapides
221 609 335 672 faciunt
353 626 437 661 sacrm
458 626 601 676 acerram,-
628 618 669 661 eet
696 618 721 662 et
746 610 838 662 anam
863 627 925 662 con·
951 609 997 662 vix
1014 618 1134 665 meretur
1153 611 1225 666 inter
1242 612 1350 667 unionis
1367 611 1472 682 species
1491 610 1643 674 numerari;
1673 612 1700 662 2.
1718 609 1785 678 quia

54 724 56 727 -
92 695 224 761 οιιιιιιιοα,
243 712 304 746 enni
317 694 539 747 maltamemtra
554 712 637 746 anam
651 712 753 763 corpas
768 696 926 749 uelmuitue
952 712 986 749 ex
1006 697 1176 768 παραστάσει
1193 697 1271 752 nulla
1288 684 1374 752 oritur
1391 696 1616 763 communicati03
1635 700 1662 748 3.
1678 695 1784 749 nullum

88 788 188 847 partes
212 798 296 832 unam
314 781 497 849 qssodcanqaa
518 788 604 833 totam
628 782 812 843 ceratensem
839 789 879 833 eet
901 789 927 833 et
951 780 981 835 in
1000 799 1033 837 ca
1051 785 1170 837 occurrit
1187 784 1356 854 mysterium.
1396 789 1419 838 2.
1437 783 1500 839 Non
1518 788 1560 837 est
1577 780 1710 847 abacistae
1727 782 1784 836 sive

94 867 288 933 conjunctiva,
307 885 362 935 qua
379 869 425 933 fit,
443 874 473 919 οι
491 867 547 918 duo
558 867 623 933 jam
641 885 695 920 non
715 868 771 919 cluo
789 868 858 927 sint,
877 867 929 919 aad
953 870 1119 924 essentialis.
1154 869 1265 939 Duplex
1285 870 1370 924 statui
1389 877 1481 940 potest
1497 868 1650 923 essentialis
1675 867 1784 921 unionis

93 969 151 1004 ana
168 970 253 1018 caro,·
288 961 330 1005 eet
352 963 379 1006 et
396 954 507 1020 nativa,
535 965 590 1021 qua
610 954 706 1005 anima
726 961 752 1005 et
770 969 838 1005 caro
855 970 927 1004 anne
953 956 1063 1011 modus:
1084 962 1107 1012 l.
1125 957 1343 1024 ipperplrysicue
1360 957 1389 1010 in
1410 956 1533 1026 personis
1554 954 1694 1021 trinitatis,
1712 969 1783 1024 quae

94 1040 219 1091 nascitur
255 1039 353 1103 lromo,·
387 1046 427 1092 eet
456 1040 550 1091 unitae
572 1041 729 1107 palestina,
760 1056 817 1106 qua
845 1039 925 1091 tono
953 1059 1009 1095 una
1027 1057 1140 1097 numero
1157 1042 1252 1114 divina
1272 1043 1393 1097 essentia
1413 1041 1598 1112 participant,
1625 1040 1672 1094 ubi
1690 1046 1783 1095 tamen

90 1126 202 1177 virtutis
220 1143 276 1177 aon
295 1126 441 1191 instabilis,
458 1143 515 1178 aaa
535 1125 690 1190 dissimilia,
710 1126 762 1177 aad
778 1143 849 1177 ursas
861 1123 926 1176 siti-
952 1129 1116 1194 notaudum,
1147 1129 1282 1181 unitatem
1309 1128 1401 1199 potius
1426 1145 1508 1197 quam
1528 1128 1656 1181 anienem
1676 1126 1704 1180 in
1722 1142 1783 1197 per·
1874 1145 1884 1153 ³

91 1220 145 1263 met
162 1227 270 1279 semper
289 1213 387 1264 nititur
409 1212 536 1265 inveniri.
574 1214 627 1264 Est
648 1219 846 1279 consentanea,
864 1228 925 1264 cam
952 1216 1025 1269 sonis
1050 1214 1180 1268 trinitatis
1207 1215 1401 1283 statuendam,
1428 1231 1491 1268 cum
1518 1214 1583 1268 unio
1610 1214 1721 1284 proprie
1748 1213 1784 1267 sit

87 1299 307 1365 posteritatem
326 1299 477 1352 multatam
494 1298 635 1351 lominum
659 1304 698 1349 eat
720 1314 804 1349 taum
827 1313 876 1349 σοι·
902 1311 925 1348 tt
952 1318 1062 1369 eorum,
1088 1318 1159 1372 quae
1177 1301 1327 1372 aliquando
1352 1320 1408 1357 non
1424 1301 1536 1356 suerunt
1555 1317 1639 1354 unum
1663 1306 1691 1354 et
1714 1315 1785 1369 quae

91 1384 188 1436 anima
209 1401 281 1446 ana‚·
316 1392 355 1437 θεῖ
379 1391 404 1437 el
421 1384 525 1450 votiva,
554 1401 617 1436 cum
635 1383 731 1437 aalma
748 1384 820 1436 votis
840 1382 925 1434 omni·
953 1389 1050 1442 saltem
1069 1387 1236 1457 cogitatione
1258 1395 1324 1442 sunt
1343 1387 1516 1457 separabilia
1552 1386 1628 1439 Talis
1646 1385 1711 1439 unio
1728 1402 1784 1440 non

92 1469 142 1521 tra
168 1470 324 1522 adhaerens
352 1471 439 1524 DEO
468 1488 539 1522 anas
565 1470 690 1538 spiritns
721 1476 762 1522 eat
792 1487 854 1522 cum
886 1486 926 1521 eo.
952 1481 995 1528 est
1014 1474 1131 1528 duarum
1150 1473 1198 1528 illa
1217 1474 1245 1527 in
1265 1473 1374 1528 Christo
1395 1482 1556 1528 naturarum
1575 1472 1650 1540 unio,
1672 1471 1737 1542 quia
1756 1470 1784 1523 in

91 1553 162 1608 Cum
181 1572 246 1609 vero
265 1555 343 1610 nulls
359 1574 391 1611 ex
409 1555 452 1610 his
472 1556 618 1626 speciebus
635 1557 672 1610 ad
692 1555 819 1610 unionem
838 1555 926 1626 hypo·
953 1559 1076 1614 trinitate
1093 1566 1164 1633 ιριῖς
1181 1559 1354 1626 ὑποστάσεις,
1372 1559 1401 1611 in
1413 1559 1522 1613 Christo
1542 1574 1607 1612 vcro
1624 1574 1681 1612 una
1697 1557 1784 1628 hypo·

91 1642 220 1696 staticam
238 1642 439 1696 accommodari
455 1642 556 1712 possit,
579 1642 691 1698 tandem
716 1640 842 1712 subjicit:
873 1643 927 1694 Est
952 1646 1047 1714 stasim
1076 1645 1104 1699 in
1129 1645 1232 1701 deitate
1253 1653 1307 1718 μιιι
1332 1643 1431 1714 aicta,
1460 1645 1509 1700 sed
1534 1645 1563 1697 in
1581 1643 1689 1698 Christo
1713 1643 1785 1698 duae

92 1737 119 1781 et
134 1730 230 1782 undas
248 1730 401 1797 (licentiae,
420 1748 476 1798 qua
491 1730 575 1783 limae
592 1737 685 1782 noster
700 1747 719 1781 a
738 1729 820 1781 DEI
840 1728 925 1781 Verbo
952 1740 1069 1787 naturae
1095 1733 1153 1786 sive
1180 1732 1330 1801 essentiam
1359 1735 1385 1785 2.
1400 1733 1531 1801 physicae
1555 1731 1612 1783 aive
1635 1730 1785 1798 naturalis,

90 1816 121 1867 in
147 1833 232 1867 anam
258 1824 396 1869 assumtae
422 1824 461 1869 est
482 1833 642 1884 personam.
682 1813 761 1869 Idem
789 1813 818 1866 in
848 1829 925 1883 parv.
952 1818 1064 1888 quaudo
1082 1835 1116 1873 ex
1135 1817 1262 1888 pluribus
1273 1818 1306 1873 fit
1318 1835 1374 1872 una
1390 1817 1517 1885 essentia,
1534 1834 1559 1869 v.
1571 1833 1598 1887 g.
1618 1832 1651 1870 ex
1670 1816 1785 1870 materia

91 1918 171 1955 serm.
192 1919 271 1956 serm.
290 1908 330 1957 44.
353 1908 418 1958 ιοιιι.
441 1907 462 1956 1.
486 1920 514 1972 p.
535 1908 599 1956 215:
625 1903 680 1954 Eat
697 1901 793 1953 aazias
810 1908 926 1952 natara—
953 1909 981 1958 et
999 1903 1087 1958 forms
1106 1921 1191 1957 unum
1220 1903 1416 1973 compositum,
1444 1921 1478 1958 ex
1504 1918 1618 1972 corpore
1643 1909 1671 1956 et
1693 1901 1785 1955 anima

91 2076 186 2127 ιιιιιιοο
204 2075 373 2143 spiritualis,
391 2075 485 2127 unitae
498 2073 622 2137 sonatis,
641 2073 736 2125 unitas
743 2072 926 2140 principalia
952 2075 1027 2129 cedit
1044 2075 1080 2128 ad
1100 2091 1169 2143 eam,
1188 2076 1222 2129 de
1242 2092 1298 2145 qua
1314 2076 1416 2146 agitur,
1434 2075 1508 2129 unde
1520 2075 1549 2129 in
1561 2074 1686 2144 symbolo
1698 2073 1784 2127 Atha·

92 2162 186 2212 unitas
200 2161 370 2229 personalis.
404 2161 502 2213 Unitas
520 2159 661 2212 naturate
678 2168 717 2212 est
735 2158 806 2211 inter
825 2175 926 2226 eorpus
952 2160 1022 2214 nesii
1037 2161 1245 2231 paradigmatos
1264 2162 1324 2216 loco
1345 2160 1381 2213 ad
1407 2162 1467 2230 ejus
1494 2159 1714 2231 qualemcunque
1739 2159 1785 2213 de·

93 2256 119 2299 et
139 2247 270 2314 animam,
289 2246 416 2299 carnalis
434 2247 505 2299 inter
526 2247 616 2298 airam
636 2253 661 2298 et
678 2262 804 2307 acorem,
822 2245 926 2297 oirtaa·
953 2246 1131 2302 eductionem
1151 2246 1314 2315 adhibetur,
1332 2245 1441 2300 iuterim
1461 2252 1554 2299 tamen
1573 2262 1629 2299 non
1648 2253 1690 2299 est
1707 2246 1786 2300 undi-

92 2333 138 2400 lis,
156 2350 227 2401 qnae
239 2334 372 2385 leominem
382 2332 437 2384 sibi
453 2331 605 2400 eonjnnqit,
624 2338 654 2383 at
672 2348 728 2383 non
742 2347 796 2399 per
814 2331 926 2383 diversa
954 2349 1064 2403 quaque
1081 2333 1196 2396 similis,
1222 2333 1309 2387 multo
1326 2333 1417 2386 minus
1433 2331 1537 2386 eadem.
1574 2332 1689 2402 Proprie
1713 2332 1787 2387 enim

92 2420 211 2487 effluat,
242 2420 294 2471 ttd
320 2436 380 2470 cum
395 2419 536 2486 propbeta
557 2434 641 2470 unum
662 2436 681 2470 a
701 2417 824 2469 Domino
841 2423 926 2485 petat,
953 2426 982 2474 et
1008 2427 1137 2474 accurate
1165 2419 1302 2489 loquendo
1327 2419 1392 2474 unio
1418 2418 1535 2471 duarum
1569 2425 1729 2471 naturarum
1757 2418 1786 2472 in

93 2503 228 2572 moralis,
253 2521 324 2573 qaae
343 2521 393 2556 nos
420 2503 564 2571 conjaapit
585 2504 733 2571 proximo,
760 2502 928 2570 spirituales,
954 2504 1062 2559 Christo
1081 2522 1131 2558 nec
1154 2504 1296 2558 οοιιιιαιιο
1317 2521 1367 2557 nec
1395 2503 1548 2557 essentialia
1575 2503 1660 2557 statui
1686 2508 1785 2573 potest.

93 2608 166 2661 qnae
191 2610 242 2644 nos
268 2591 412 2659 conjuapit
435 2591 538 2658 ΠΕΟ,
564 2590 678 2643 socialis
704 2590 776 2641 inter
803 2588 926 2656 anpeloe,
954 2591 1017 2646 Non
1035 2590 1187 2645 naturalis:
1218 2597 1239 2645 t.
1258 2606 1329 2661 quae
1347 2589 1510 2644 naturaliter
1526 2589 1676 2658 uniuntur,
1693 2606 1786 2645 eorum

93 2679 191 2747 quiae
219 2678 342 2730 omnibus
369 2678 444 2730 idem
469 2677 539 2729 aelle
564 2694 599 2730 ae
626 2676 720 2743 nolle,
747 2676 928 2744 principalis,
953 2677 1034 2747 plura
1053 2677 1155 2732 dantem
1173 2674 1299 2746 exempla
1315 2676 1344 2729 in
1354 2679 1470 2732 matura.
1506 2674 1546 2729 At
1564 2674 1634 2730 haec
1658 2673 1723 2729 unio
1745 2680 1788 2728 est

93 2764 400 2831 qnaeetsahstantialis
410 2764 439 2816 in
448 2764 581 2830 trinitate,
595 2762 759 2831 personalis
768 2763 797 2815 in
809 2761 927 2816 Cirrata.
955 2762 1131 2835 μονότροπος
1150 2779 1183 2816 ac
1200 2761 1356 2833 singularis,
1374 2762 1454 2831 cujus
1472 2761 1578 2815 nullum
1597 2762 1679 2816 datur
1697 2777 1786 2815 exem-

92 2849 213 2913 Quidam
237 2849 277 2903 sic
301 2849 493 2919 distinguunt:
529 2846 602 2902 Unio
622 2854 663 2902 est
680 2846 724 2902 vel
744 2848 862 2915 ptya'ca
884 2847 928 2899 vel
955 2848 1032 2919 plum
1051 2849 1079 2903 in
1097 2855 1157 2904 tota
1172 2864 1264 2903 rernm
1281 2848 1476 2917 universitate;
1494 2854 1518 2903 2.
1538 2864 1609 2918 quae
1627 2847 1788 2902 naturaliter

95 2937 301 3005 typerptpsica
323 2953 372 2990 seu
400 2934 709 3005 theologico-physica.
743 2932 878 3004 Physica:
904 2938 926 2988 1.
953 2924 1096 3003 uniuntur,
1115 2951 1148 2990 eo
1167 2936 1248 2992 modo
1267 2951 1297 2989 se
1315 2934 1426 3002 hebent,
1445 2942 1476 2988 ut
1493 2941 1621 2989 neutrum
1639 2950 1733 2988 eorum
1751 2933 1788 2986 sit

92 3023 245 3091 mistionis,
263 3039 335 3093 quae
353 3021 385 3075 fit
402 3022 447 3076 vel
465 3020 534 3075 nari
551 3021 716 3094 διαφθορὰν
733 3020 777 3074 vel
796 3020 863 3074 καιό
878 3040 926 3093 με·
954 3021 1107 3092 perfectum
1125 3021 1231 3091 absque
1249 3022 1343 3078 altero.
1373 3020 1426 3076 Sed
1446 3020 1571 3075 Christus
1590 3025 1632 3074 cst
1649 3018 1787 3088 perfectus

94 3108 215 3177 ιαβοιὴν
232 3108 277 3164 vel
289 3106 358 3162 ιιιοὶ
377 3108 528 3179 ούγχυοινς
548 3113 573 3162 2.
593 3109 784 3176 attinyemme,
801 3113 928 3178 quaeest
953 3108 1043 3175 homo,
1061 3107 1202 3178 perfectus
1219 3107 1304 3169 Deus,
1322 3123 1357 3160 ac
1374 3106 1470 3176 Λόγος
1488 3112 1551 3159 ante
1569 3104 1786 3158 incarnationem

90 3214 201 3264 rerum,
222 3213 415 3266 personarum,
437 3196 623 3261 voluntatum
654 3198 681 3248 3.
707 3195 927 3247 concarnationis
953 3194 1007 3248 fuit
1025 3193 1152 3264 perfecta
1168 3208 1300 3262 persona3
1327 3199 1352 3248 3.
1371 3208 1442 3262 quae
1459 3191 1622 3245 naturaliter
1647 3190 1786 3258 uniuntur,

91 3283 161 3337 κατὰ
184 3284 288 3356 ninom
311 3287 334 3335 4.
355 3283 563 3350 compositionis
582 3280 650 3335 κατὰ
670 3280 831 3335 condicam.
868 3282 926 3348 Hy·
953 3280 993 3334 ita
1011 3295 1041 3333 se
1057 3278 1169 3343 babent,
1187 3285 1218 3332 ut
1237 3296 1270 3333 ex
1289 3277 1343 3330 illis
1361 3276 1501 3347 quoddam
1516 3275 1787 3332 tertiumconstitua-

87 3370 259 3439 porphyrica
284 3375 339 3423 est.
368 3373 392 3422 l
412 3368 567 3422 essentialis
591 3387 641 3421 και
675 3365 804 3422 οὐσίαν
797 3384 826 3420 ιιι
851 3365 927 3420 ιιιιιι-
953 3373 1006 3422 tur
1042 3366 1082 3420 At
1100 3366 1135 3420 de
1153 3365 1262 3419 Christo
1281 3363 1333 3418 hoc
1350 3362 1406 3416 dici
1423 3363 1536 3433 nequit,
1564 3362 1587 3416 is
1613 3380 1668 3416 ιιοιι
1692 3369 1735 3417 est
1759 3363 1787 3424 ἐξ

91 3463 163 3523 tate;
180 3456 337 3522 2.mystica
355 3453 423 3507 naris
439 3453 525 3527 χάριι
544 3453 668 3509 fidelium
688 3471 751 3508 cum
771 3452 881 3508 Christo
900 3459 926 3506 et
954 3454 1054 3526 ἑτέρων
1081 3453 1183 3520 ἕτερον,
1207 3469 1239 3506 ex
1264 3451 1379 3505 diversis
1404 3451 1544 3506 diveraum
1563 3450 1642 3521 quid;
1672 3457 1696 3504 4
1716 3465 1787 3521 quae

91 3543 164 3597 inter
182 3559 226 3610 se3
255 3544 283 3596 3.
300 3541 473 3610 conjunctim
498 3545 522 3594 4.
539 3539 770 3625 sacramentalia·
797 3545 824 3594 5.
842 3540 927 3607 lypo-
953 3539 1117 3594 naturaliter
1134 3538 1280 3606 uniuntur,
1303 3545 1368 3592 sunt
1384 3521 1505 3592 invicem
1521 3534 1694 3606 separabilia
1731 3534 1787 3591 Sed

91 3629 196 3682 statice
217 3628 358 3680 duamm'
351 3645 380 3680 ιιι
399 3626 507 3680 Christo
525 3633 695 3683 naturarum
731 3626 810 3680 Alex
830 3625 925 3680 Alens.
954 3627 1026 3680 duae
1043 3632 1159 3680 ιιοιιιιοο
1178 3624 1206 3677 in
1223 3623 1332 3678 Christo
1353 3622 1574 3693 inseparabiliter
1593 3629 1657 3676 sunt
1681 3622 1803 3676 unitae·

92 3733 120 3785 p.
142 3720 166 3770 3.
185 3732 211 3784 q.
230 3719 254 3768 2.
273 3711 386 3768 membr.
405 3717 430 3768 3.
449 3712 597 3784 distinguit
615 3712 687 3766 inter
703 3730 787 3765 anam
800 3729 855 3781 per
867 3713 926 3764 rmi-
955 3713 1013 3768 Nec
1032 3712 1205 3765 essentialia.-
1243 3717 1265 3766 l.
1284 3711 1350 3765 unio
1369 3710 1522 3765 essentialis
1542 3726 1627 3763 unam
1645 3709 1787 3762 constituit

93 3809 178 3853 tatem
202 3808 227 3852 et
250 3818 334 3853 anam
354 3816 408 3868 per
432 3799 570 3852 anienem.
605 3798 699 3854 Unum
722 3815 773 3867 per
796 3797 927 3852 unionem
955 3798 1109 3865 essentiam,
1122 3804 1158 3852 at
1174 3799 1247 3853 duae
1263 3803 1379 3851 naturae
1395 3795 1424 3849 in
1437 3795 1546 3850 Christo
1566 3813 1616 3851 nec
1635 3795 1664 3849 in
1683 3795 1787 3866 simpli·

95 3886 165 3940 dicit
188 3885 248 3940 fieri
277 3885 432 3955 dupliciter,
459 3891 508 3938 aut
531 3884 604 3939 enim
629 3882 661 3938 fit
686 3892 798 3936 seinata
825 3893 928 3937 natura
955 3903 1015 3941 cem
1033 3902 1084 3940 nec
1101 3885 1131 3938 iu
1151 3884 1333 3955 compositam
1352 3883 1500 3939 essentiam
1525 3882 1698 3949 coaluerunt,
1724 3898 1786 3935 cum

95 3968 240 4040 utriusque
258 3979 306 4024 aut
323 3980 439 4024 metata.
476 3970 505 4024 Si
522 3970 658 4040 primum,
676 3969 706 4022 id
725 3968 757 4024 fit
773 3969 929 4039 dupliciter,
955 3990 1006 4028 nee
1024 3972 1144 4026 humana
1160 3977 1260 4024 natura
1276 3970 1305 4023 in
1324 3969 1447 4023 divinam
1462 3985 1514 4023 nec
1533 3967 1626 4023 divina
1641 3969 1670 4021 in
1692 3967 1787 4021 huma·

40 4069 82 4114 aa
96 4065 146 4112 aut
165 4058 237 4113 enim
251 4059 288 4126 fit
312 4058 440 4124 tertiam,
467 4064 498 4110 nt
520 4057 548 4111 in
572 4057 722 4126 composita
744 4057 929 4126 substantiali,
957 4075 1022 4112 nam
1034 4058 1070 4112 sit
1081 4075 1221 4126 conversa,
1241 4073 1292 4111 nec
1310 4057 1392 4111 tertia
1405 4056 1541 4127 quaedam
1562 4054 1668 4124 species
1686 4071 1701 4108 e
1720 4054 1787 4108 duo·

96 4149 148 4198 aut
159 4146 194 4212 fit
211 4162 297 4197 anam
317 4144 352 4198 de
370 4144 472 4210 altero,
497 4149 529 4196 ut
553 4143 579 4196 ιιι
601 4143 749 4197 insertione
771 4143 928 4198 ramusculi.
957 4144 1009 4198 bus
1027 4144 1142 4198 diversis
1161 4143 1320 4212 composita
1343 4124 1401 4196 Leo
1419 4141 1507 4210 Epist.
1529 4146 1572 4195 11:
1589 4142 1649 4193 Nec
1673 4140 1788 4192 Verbum

96 4231 128 4287 Si
147 4237 245 4284 natura
261 4237 378 4296 mutata,
398 4229 450 4284 hoc
468 4228 501 4282 fit
520 4228 674 4300 dupliciter,
694 4230 738 4284 vel
755 4230 784 4282 in
802 4238 927 4298 atraque,
956 4232 986 4284 in
1004 4247 1130 4298 earnem,
1154 4247 1289 4283 neccaro
1309 4229 1339 4285 ia
1367 4229 1481 4282 Verbum
1510 4234 1550 4279 est
1570 4242 1714 4291 ccaoeraa,
1738 4225 1790 4276 sed

95 4322 193 4387 utpote
219 4317 328 4388 quando
355 4323 483 4370 neutrum
512 4322 555 4371 est
583 4316 811 4385 praedominans,
842 4321 873 4369 nt
900 4316 929 4369 in
955 4325 1102 4386 atramque
1120 4317 1223 4369 ircano
1242 4323 1333 4367 maaet
1353 4323 1378 4368 et
1394 4332 1466 4366 anas
1485 4315 1514 4366 ia
1530 4320 1653 4379 utroque,
1671 4329 1727 4363 non
1747 4311 1789 4362 di-

94 4403 198 4458 unione
211 4419 301 4474 aquae
314 4409 342 4456 et
352 4402 454 4463 mellis;
472 4403 516 4455 cel
533 4402 563 4453 ia
576 4402 672 4470 altero,
691 4408 722 4455 ut
735 4401 801 4455 dum
813 4401 930 4457 alterum
955 4403 1086 4457 versitate
1098 4403 1212 4469 divisae,
1232 4419 1287 4453 non
1294 4401 1479 4468 permistione
1492 4401 1633 4466 consuesse,
1648 4414 1703 4450 noa
1717 4397 1790 4450 alter

95 4497 140 4545 est
151 4489 369 4560 praedominans,
388 4488 412 4541 si
424 4487 562 4541 modicum
575 4503 664 4557 aquae
676 4488 825 4542 misceatur
842 4488 929 4541 multo
956 4508 989 4543 ea
1004 4497 1097 4559 patre,
1116 4489 1188 4541 alter
1207 4504 1239 4539 ee
1258 4495 1353 4551 matra,
1372 4486 1523 4546 sedidem,
1541 4483 1626 4537 aliter
1645 4491 1737 4536 tamen
1757 4499 1790 4535 ee

94 4577 167 4631 rino.
203 4574 241 4629 Hi
261 4575 337 4629 modi
353 4589 448 4628 omnes
467 4581 531 4627 sunt
547 4591 633 4627 uuum
652 4573 815 4642 simpliciter
832 4580 860 4628 et
880 4591 931 4643 per
952 4574 1197 4645 porrectiores
1215 4581 1318 4640 matre,·
1339 4578 1364 4624 2.
1377 4571 1425 4623 nbi
1442 4568 1509 4624 erto
1524 4574 1571 4622 rat
1585 4565 1666 4637 lito,
1681 4568 1720 4622 ibi
1733 4585 1787 4622 non

95 4680 134 4718 se.
165 4663 224 4716 Per
236 4663 366 4715 accidens
378 4679 463 4713 anam
484 4672 532 4714 seu
545 4661 697 4714 secundum
710 4659 777 4730 quid
791 4667 833 4715 est
845 4678 930 4714 uuum
958 4668 1000 4717 est
1026 4660 1091 4715 unio
1115 4658 1276 4714 essentialis.
1311 4656 1367 4714 Sed
1392 4657 1421 4710 in
1444 4655 1553 4711 Christo
1578 4661 1620 4709 est
1648 4654 1716 4708 etro
1744 4658 1790 4707 nat

95 4767 146 4819 per
163 4747 363 4818 appositionem
383 4746 495 4801 alterium
513 4747 549 4800 ad
567 4746 691 4813 alterum,
710 4763 827 4816 quorum
845 4764 930 4800 unum
958 4746 1034 4802 iilia.
1071 4745 1145 4815 Ergo
1164 4748 1187 4796 3.
1204 4743 1268 4797 unio
1289 4742 1420 4798 definitur
1436 4758 1468 4796 ac
1490 4741 1683 4816 denominatur
1700 4757 1717 4795 a
1736 4745 1789 4795 ter·

95 4834 183 4891 trahit
200 4835 236 4888 ab
255 4833 399 4888 alterovel
414 4835 616 4902 proprietatem
635 4841 749 4901 mistam,
769 4839 800 4886 ut
818 4849 931 4901 pomum
958 4833 1032 4887 mino
1046 4832 1171 4899 ιιοιιοιῴ,
1190 4830 1218 4884 in
1237 4846 1292 4900 qno
1310 4828 1388 4882 unita
1401 4828 1573 4882 conveniunt
1601 4827 1642 4881 At
1657 4825 1791 4880 terminus

96 4919 283 4976 communicat
302 4918 394 4972 manui
413 4918 532 4984 odorem,
542 4917 587 4972 vel
601 4918 853 4970 denominationem
870 4927 931 4970 tan·
959 4916 1086 4977 ἑιοοοιὸς
1103 4915 1220 4969 duarum
1231 4920 1392 4969 naturarum
1404 4913 1433 4967 in
1446 4912 1555 4968 Christo
1571 4929 1627 4968 non
1643 4920 1684 4968 est
1700 4928 1790 4967 essen-

95 5016 168 5070 tum,
187 5014 219 5061 ut
237 4992 363 5069 habitus,
384 5021 438 5074 quo
457 5003 648 5057 denominatur
664 5001 764 5072 aliquis
783 5002 931 5062 tunicatus
959 5007 1057 5073 tia-4.
1076 5003 1105 5055 in
1125 5000 1283 5072 compositis
1292 4999 1486 5055 essentialibus
1500 4999 1606 5053 nullum
1625 4997 1790 5069 principium

96 5093 290 5161 velneatram,
308 5101 339 5146 ut
356 5091 427 5160 lapis
444 5088 701 5160 apposituslapidi·
720 5088 764 5142 vel
778 5097 931 5158 atramque,
960 5089 1128 5145 constituens
1155 5085 1313 5157 praescistit
1341 5084 1544 5155 personarit
1570 5085 1663 5138 divina
1692 5091 1792 5138 natura

92 5180 298 5248 proprietatem
309 5187 335 5231 et
345 5177 605 5243 denominationem,
618 5180 650 5228 ut
658 5173 786 5229 scandens
796 5174 931 5243 subjecto
945 5163 1008 5229 ιιοῦ
1038 5174 1136 5244 Λόγου
1166 5178 1231 5226 ante
1265 5169 1481 5226 incarnationem
1517 5170 1621 5226 exstitit
1656 5186 1790 5240 persona,

95 5265 202 5318 Postea
210 5263 297 5332 addit,
310 5262 384 5333 quod
392 5281 459 5316 anic
471 5264 591 5316 duarum
603 5269 769 5313 naturarum
782 5280 811 5314 sn
821 5237 948 5315 Cirrata
946 5271 984 5327 5
1007 5277 1080 5331 qnae
1102 5256 1286 5314 essentialiter
1308 5256 1455 5321 uniuntur,
1480 5263 1556 5312 extra
1583 5256 1712 5312 unionem
1736 5273 1791 5311 non

96 5351 271 5404 assimiletur
285 5351 383 5403 unioni
395 5367 450 5417 per
467 5350 579 5402 modam
597 5347 766 5400 insertionis.
946 5350 1026 5477 {sunt
1060 5343 1216 5400 omnimode
1246 5341 1386 5412 perfecta,
1417 5348 1445 5397 et
1472 5360 1504 5397 ex
1532 5342 1587 5397 illis
1615 5342 1791 5397 constituitur

138 5442 193 5491 ιιι.
229 5437 286 5491 Nos
304 5433 514 5506 progrediemur
536 5433 588 5488 hoc
605 5433 700 5488 modo:
725 5440 747 5488 l.
768 5432 840 5488 Unio
866 5435 933 5488 due·
946 5432 1072 5504 aliquod
1101 5430 1220 5486 tertium.
1256 5428 1390 5483 Neutrum
1421 5428 1457 5482 de
1486 5429 1630 5484 duabas'
1623 5445 1651 5483 ιιι
1681 5427 1790 5483 Christo

96 5528 338 5579 rumnaturarum
355 5520 384 5574 ιιι
402 5520 512 5576 Christo
528 5536 583 5574 non
602 5523 644 5574 est
660 5518 736 5573 nuda
754 5512 949 5592 παράστασις,
961 5518 1067 5576 ιιοιιιιιο
1097 5516 1152 5573 dici
1181 5520 1290 5587 potest3
1332 5521 1356 5570 6
1385 5513 1409 5567 si
1437 5514 1503 5572 unio
1532 5524 1604 5573 osset
1629 5511 1791 5578 msendalis,

1405 5620 1461 5673 32*
