3984 6022
199 269 259 330 sss
410 267 413 269 ’
611 216 613 218 ’
887 262 1010 322 cocus
1030 260 1209 328 warnos

196 418 431 489 propositionem:
447 420 526 471 Deae
540 427 582 472 ert
589 437 702 488 passas,
715 421 783 491 quin
796 418 851 474 imo
864 435 897 474 ex
908 417 1036 490 passione
1063 417 1174 485 plor-iae
1191 419 1345 484 oraeiriaaa
1365 418 1459 471 lilios
1474 419 1532 472 Dei
1548 417 1631 472 estin
1645 427 1763 472 martem
1773 419 1902 486 trauan,

163 535 174 545 -
197 504 363 559 concludere
381 503 509 558 laborant
522 503 662 559 Christum
676 521 731 560 non
749 520 809 561 esse
826 522 923 560 verum
936 505 1035 573 Deum,
1062 509 1128 573 oto.;
1160 508 1186 556 2.
1210 521 1351 572 perronae
1374 504 1513 559 taimen.
1557 503 1592 558 In
1616 503 1729 558 Christo
1755 521 1816 559 non
1843 513 1904 561 emt

92 576 97 586 ¹
196 606 261 644 oum
277 590 339 644 Deo
360 588 505 660 indignum
531 588 568 644 sit
592 590 668 660 pati,
696 591 781 657 mori,
806 591 948 661 crucifigi,
975 595 1035 656 etc,
1062 589 1134 643 duae
1158 606 1306 659 personae,
1331 589 1380 644 sed
1397 606 1456 645 nna
1472 590 1608 663 duntaxat
1624 607 1758 660 persona,
1787 605 1861 662 quae
1876 599 1902 648 st

200 692 315 747 qnorum
341 673 466 746 vestigiis
492 675 626 731 insistunt
654 677 820 733 Photiniani.
856 682 881 731 8.
907 678 1035 731 ¹lerta’tae
1062 674 1138 729 Deus
1165 682 1207 730 est
1235 683 1262 730 et
1287 675 1376 729 homo.
1414 676 1603 746 Quocunque
1624 675 1712 747 igitur
1737 677 1777 732 tle
1794 676 1903 733 cunas

199 778 254 817 non
277 765 353 815 recte
377 760 517 831 explicant
541 761 613 816 hanc
631 764 860 834 propositionem:
895 767 974 818 Deae
996 772 1035 816 est
1061 761 1271 829 praedicantur,
1296 761 1331 816 de
1353 745 1473 831 personi
1490 768 1557 816 sunt
1572 762 1752 833 accipientia.
1781 763 1855 818 alias
1881 765 1901 818 si

196 865 306 916 ραοοιω.
330 852 352 901 1.
369 846 498 906 Bellarm,
518 847 566 902 lib.
585 854 609 902 3.
627 849 662 903 de
677 849 786 904 Christo
805 867 828 904 e.
847 856 870 905 8.
890 868 951 904 earn
969 867 1033 904 con-
1046 839 1049 938 l
1062 847 1183 900 humana
1206 852 1314 901 tantum
1333 848 1369 901 de
1390 847 1514 916 homine,
1541 847 1636 902 divina
1656 855 1768 903 tantum
1787 850 1826 904 de
1844 849 1903 904 Deo

198 931 252 986 fert
263 949 326 991 oum
337 932 397 986 illa:
417 933 607 1003 Philosophus
619 943 659 987 eet
670 943 805 1004 mortuas,
815 936 881 1006 quia
892 954 947 990 non
960 943 1035 991 reete
1061 932 1296 1003 praedicarentur,
1316 934 1388 988 duae
1401 950 1539 1003 pesonae
1548 934 1800 989 introduoemmr·
1825 934 1901 990 Chi·

199 1018 338 1088 explicant
356 1019 572 1089 propositionem
584 1021 774 1090 personalem:
796 1023 875 1075 Desa
893 1023 1033 1088 οοιΙιοοιο,
1061 1023 1120 1072 suis
1146 1017 1175 1072 in
1202 1019 1294 1073 medio
1319 1019 1456 1089 passionis
1482 1026 1549 1073 actu
1575 1037 1604 1074 se
1629 1019 1733 1074 liliam
1758 1019 1816 1074 Dei
1842 1039 1902 1077 esse

199 1120 233 1159 ao
249 1111 354 1175 negant
371 1104 475 1159 realem
491 1103 653 1160 idiomatum
673 1107 954 1162 communicationem.
1060 1104 1172 1173 publice
1190 1104 1330 1175 profestos
1348 1111 1403 1171 est,
1423 1121 1460 1158 ne
1478 1104 1540 1175 quis
1559 1104 1716 1172 dubitaret,
1735 1104 1831 1176 ipsum
1847 1106 1900 1162 Dei

235 1198 292 1246 1115.
326 1194 349 1246 7.
373 1191 538 1245 θοῑοίοίοοί
551 1192 765 1262 propositionem
783 1193 875 1248 illam:
897 1195 978 1245 Deus
995 1203 1034 1246 art
1060 1190 1162 1244 Filium
1185 1207 1246 1246 esse
1269 1208 1380 1260 passum
1400 1190 1500 1245 Matth.
1520 1197 1568 1258 28,
1592 1209 1617 1244 r.
1637 1197 1679 1247 88.
1702 1208 1726 1247 e.
1744 1198 1794 1259 21,
1817 1211 1842 1247 v.
1861 1200 1900 1248 54.

193 1295 313 1345 passaw,
330 1276 372 1330 ita
387 1276 543 1344 resolvunt,
563 1283 596 1331 nt
612 1276 711 1331 ultima
728 1278 839 1333 tandem
858 1272 981 1349 andy'sis
1000 1296 1033 1333 eo
1061 1275 1145 1330 Marc.
1168 1284 1207 1343 14,
1228 1295 1253 1332 v.
1273 1283 1314 1332 82.
1334 1277 1402 1331 Luc.
1423 1282 1464 1344 22,
1486 1294 1511 1331 v.
1532 1282 1573 1332 70.
1610 1275 1713 1332 Omnis
1731 1293 1828 1348 opera.
1846 1297 1900 1335 osn-

198 1362 308 1416 redeat:
330 1363 453 1415 lamara
470 1370 580 1416 matam
597 1371 701 1416 rtatara
720 1372 760 1417 eat
772 1382 879 1433 pareo,
901 1365 1033 1429 (Steinius
1060 1379 1110 1417 nes
1128 1362 1270 1432 passiones
1288 1379 1342 1417 uon
1365 1362 1527 1417 tribuuntur
1544 1369 1667 1429 naturae,
1686 1364 1736 1418 sed
1756 1379 1898 1433 personae.

198 1447 228 1502 in
250 1448 352 1502 vindic.
379 1464 455 1502 cono.
480 1448 599 1504 ironicae
621 1448 639 1503 f.
658 1456 701 1504 15.
719 1456 805 1521 negat
820 1450 998 1505 Calvinianos
1017 1468 1034 1504 a
1060 1448 1140 1511 Quod
1163 1448 1187 1501 si
1210 1465 1277 1519 ergo
1301 1465 1387 1518 opera
1404 1448 1588 1516 divelluntur,
1616 1448 1699 1503 etiam
1719 1466 1843 1519 persons
1857 1467 1898 1504 se

198 1534 336 1604 pusionis
353 1541 382 1590 et
407 1534 501 1588 mortis
525 1542 657 1602 retrorsa
680 1535 826 1590 excludere
843 1525 947 1607 Aipou
967 1538 1032 1591 inri-
1060 1534 1218 1604 parabitur,
1237 1539 1265 1588 3.
1282 1535 1527 1604 appropriationes
1543 1536 1699 1591 οοτίεαεοοι.
1728 1535 1823 1600 Quam
1837 1552 1899 1590 vere

199 1636 304 1674 maora.
341 1621 396 1675 Sed
413 1621 519 1674 tamdiu
538 1620 606 1675 illud
622 1639 717 1676 verum
738 1623 874 1691 manebit,
900 1625 1034 1693 quamdiu
1060 1626 1089 1675 et
1114 1620 1225 1674 realiter
1241 1620 1329 1674 Filius
1347 1619 1401 1674 Dei
1417 1637 1469 1690 per
1486 1620 1615 1675 unionem
1633 1620 1688 1674 sibi
1707 1622 1898 1692 appropriavit

199 1705 353 1760 defendunt
377 1705 429 1760 hoc
447 1724 527 1761 suum
545 1707 665 1760 axioma:
701 1708 829 1776 Propria
846 1728 901 1763 noa
916 1718 1035 1778 poemat
1059 1723 1177 1770 aman,
1189 1712 1246 1760 tam
1258 1723 1322 1761 vere
1334 1724 1367 1760 ac
1378 1707 1489 1761 realiter
1501 1706 1584 1760 etiam
1596 1706 1649 1761 sibi
1662 1708 1832 1778 appropriat
1840 1725 1896 1762 oar-

199 1792 286 1845 alteri
301 1792 432 1861 subjecto,
451 1794 560 1845 tameui
578 1793 665 1857 uado,
688 1794 804 1847 realiter
826 1796 1034 1865 communicari,
1059 1793 1102 1846 nis
1116 1793 1310 1862 proprietates:
1335 1808 1419 1863 quam
1433 1809 1497 1848 vere
1508 1804 1536 1847 et
1546 1792 1658 1847 realiter
1666 1791 1747 1849 Deus
1758 1802 1803 1848 eet
1812 1793 1898 1859 homo,

198 1894 232 1932 aa
245 1885 343 1932 contra
360 1879 435 1948 ipsos
451 1878 564 1948 propria
575 1895 670 1933 eorum
682 1879 768 1933 verba
784 1885 940 1949 testantur),
959 1882 1034 1936 unde
1060 1884 1117 1933 tum
1134 1895 1199 1934 vere
1211 1878 1246 1933 de
1257 1878 1319 1933 Deo
1331 1878 1508 1948 praedicatur
1525 1877 1660 1949 quioquid
1678 1884 1722 1932 est
1739 1878 1898 1933 humanum.

199 1947 327 2035 cin'glius
345 1964 563 2034 propositionem
580 1965 657 2019 illam
675 1966 796 2036 explicat
811 1983 862 2037 per
875 1967 1033 2023 ἀλλοίωσιν.
1062 1964 1149 2034 Cujus
1161 1981 1226 2019 vere
1237 1964 1379 2035 proprium
1397 1971 1439 2019 est
1456 1963 1619 2034 subjeetum,
1636 1965 1699 2033 ejus
1710 1981 1828 2035 qnoque
1838 1981 1899 2019 rere

199 2047 332 2103 (lancem.
351 2049 420 2103 orth.
441 2069 466 2120 p.
490 2055 529 2106 18.
548 2056 577 2105 et
597 2056 651 2106 122.
671 2057 700 2104 et
715 2051 835 2107 Admon.
855 2053 987 2113 Neostad.
1005 2072 1032 2124 p.
1060 2050 1172 2120 propria
1190 2056 1254 2104 sunt
1273 2049 1393 2120 subjecti
1408 2049 1483 2106 illius
1501 2048 1587 2115 πάθη.
1615 2048 1681 2104 lam
1699 2066 1769 2104 vero
1789 2051 1899 2122 sangnis

198 2141 264 2190 258ε
293 2137 371 2189 Deae
384 2153 489 2204 passae
507 2145 547 2190 est
565 2155 599 2190 ao
616 2146 740 2191 mortem
757 2140 880 2207 realiter,
900 2148 1034 2208 patenae
1060 2135 1164 2191 effusus
1183 2142 1226 2190 est
1242 2136 1317 2189 lilii
1333 2138 1392 2189 Dei
1404 2137 1549 2205 proprias.
1578 2135 1640 2189 aa.
1654 2141 1699 2199 20,
1713 2153 1742 2192 v.
1757 2141 1802 2191 28.
1827 2135 1898 2208 urge

200 2222 288 2288 lario,
309 2223 481 2276 sedriomr'ne
494 2231 580 2291 tanus,
594 2233 781 2292 quaererent
792 2228 877 2280 Deae.
902 2226 1034 2281 Danaens
1059 2221 1158 2276 effusio
1178 2238 1289 2292 quoque
1307 2227 1349 2276 est
1363 2221 1405 2275 illi
1424 2238 1489 2276 vere
1506 2220 1628 2291 propria,
1644 2221 1821 2292 proprietate
1828 2222 1896 2278 scili·

199 2315 297 2362 contra
307 2307 444 2364 (t'hemnie.
463 2327 490 2378 p.
509 2316 571 2365 32¹:
590 2312 692 2364 Passio
707 2312 813 2366 Christi
828 2330 884 2366 aaa
897 2314 955 2365 aiei
971 2314 1033 2366 ‹lio-
1059 2314 1104 2362 cet
1128 2324 1182 2361 non
1205 2307 1325 2362 natarali
1349 2315 1378 2360 et
1395 2306 1548 2373 essentiali,
1575 2305 1624 2360 sed
1642 2307 1795 2376 personali.
1831 2307 1896 2362 Cum

198 2393 299 2447 lectica
325 2395 541 2462 praedicatiore
566 2398 630 2448 Deo
657 2398 821 2451 attribuitur
846 2400 948 2467 absque
973 2399 1034 2451 aua
1060 2393 1132 2448 enim
1151 2392 1165 2446 ὁ
1184 2394 1278 2462 Λόγος
1296 2399 1325 2447 et
1346 2398 1474 2446 hamram
1498 2391 1646 2447 humanam
1669 2398 1698 2447 et
1720 2394 1820 2447 omnia
1840 2396 1896 2464 ejus

198 2479 274 2533 reali
294 2481 547 2537 communicatione.
590 2481 621 2534 P.
641 2488 686 2537 24:
717 2484 845 2537 Clnltstr
862 2485 943 2538 loma
962 2503 1034 2538 mar-
1059 2481 1193 2534 idiomata
1213 2478 1265 2534 sibi
1284 2478 1503 2549 appropriaverit
1520 2478 1689 2532 assumendo
1707 2495 1772 2534 eam
1792 2478 1822 2533 in
1840 2496 1896 2548 pa-

199 2572 263 2617 tuas
281 2573 322 2618 est
337 2584 391 2635 pro
410 2568 498 2634 aelia,
517 2568 608 2619 idest
626 2577 730 2622 natura
743 2577 849 2622 tontum
865 2571 919 2623 illo
933 2569 1036 2624 l'lristi
1060 2583 1144 2622 sonae
1156 2565 1299 2628 unitatem,
1316 2566 1378 2620 ideo
1396 2565 1489 2636 passio
1507 2572 1535 2619 et
1545 2582 1627 2628 mors,
1646 2565 1841 2636 quamvisper
1853 2583 1896 2620 ns·

201 2651 333 2712 hamana,
352 2668 424 2719 qaae
441 2670 497 2705 aea
509 2669 565 2721 per
581 2671 611 2706 se
624 2655 655 2706 ia
666 2664 801 2722 reparata
813 2657 966 2724 hypantaoi.
986 2660 1036 2710 sed
1059 2661 1138 2707 turae
1157 2652 1343 2705 conditionem
1360 2650 1498 2705 divinitati
1525 2667 1581 2704 non
1604 2656 1785 2721 competant,
1808 2657 1897 2706 mmet

200 2735 233 2788 iss
247 2736 311 2804 ipra
323 2753 381 2788 aaa
390 2735 497 2790 curati
505 2755 632 2807 peraeae
643 2742 847 2806 eormssderatar,
865 2751 976 2796 mortua
988 2751 1033 2796 eat.
1060 2746 1172 2810 propter
1196 2736 1321 2791 intimam
1340 2743 1369 2791 el
1391 2735 1561 2792 ineffabilem
1586 2744 1752 2791 nummum
1779 2754 1896 2792 coma

200 2820 235 2874 ln
256 2820 372 2891 eolloqn.
401 2821 602 2892 Mompelgard.
627 2842 653 2893 p.
674 2831 737 2880 213:
763 2829 847 2881 Hanc
870 2830 1033 2882 enuntiatio-
1060 2826 1171 2880 nionem
1197 2831 1226 2877 et
1246 2823 1419 2894 propriorum
1442 2822 1533 2876 camis
1560 2822 1821 2894 appropriationem
1845 2841 1896 2879 noa

199 2925 277 2970 nem,
307 2925 363 2975 pao
381 2910 461 2961 Desa
480 2910 586 2962 dicitur
599 2928 720 2977 parra,
743 2913 784 2965 aie
809 2914 1034 2984 interpretamur,
1061 2914 1150 2965 minus
1168 2910 1205 2964 ad
1219 2909 1322 2963 Filium
1339 2908 1394 2963 Dei
1412 2907 1610 2978 pertinenter
1629 2909 1652 2962 si
1670 2925 1705 2964 es
1721 2909 1753 2963 in
1773 2912 1837 2980 ipss
1851 2925 1895 2963 na

199 2996 297 3062 Deras,
325 2994 358 3046 ici
382 3002 423 3047 est
448 3012 516 3047 earo
542 2997 644 3048 deitati
661 2997 740 3050 uuita
761 3007 801 3051 est
817 3017 914 3067 passa.
949 3001 1033 3070 Resp,
1059 3004 1123 3051 tura
1141 2995 1236 3050 divina
1253 2994 1437 3060 sustinuisset,
1457 2993 1529 3047 sieut
1545 3011 1611 3049 vere
1626 2996 1782 3065 etproprie
1799 2995 1896 3051 dicim

200 3085 224 3135 l.
241 3080 278 3133 ad
296 3086 350 3135 sot.
372 3080 433 3135 coll.
451 3080 601 3152 Mompelg.
623 3101 649 3153 p.
669 3088 708 3138 19.
729 3089 768 3139 81.
791 3091 847 3139 rot.
869 3091 931 3141 12³:
948 3104 1033 3155 prae·
1060 3084 1140 3136 homo
1160 3083 1328 3147 vnlneratus,
1351 3079 1460 3134 etiamsi
1479 3096 1580 3149 corpus
1598 3082 1658 3151 ejus
1675 3080 1770 3135 solum
1787 3083 1824 3136 eit
1840 3082 1895 3136 vnl-

198 3167 357 3221 rlieatioaes
384 3168 471 3236 istas,
501 3170 600 3238 palbras
623 3172 765 3225 Dominae
789 3172 899 3239 ploriae
928 3174 1034 3226 dicitm
1059 3177 1193 3223 neretum.
1223 3167 1325 3221 Atham
1346 3166 1418 3220 Dial
1439 3172 1463 3220 l.
1480 3166 1516 3220 de
1534 3166 1621 3222 trinit
1647 3173 1714 3221 tom
1736 3172 1763 3222 2.
1785 3185 1815 3238 p.
1833 3174 1894 3224 lut:

84 3253 125 3294 111.
139 3253 184 3295 ⁴⁸¹·
198 3254 356 3323 oraor'fiaas,
374 3263 401 3308 et
418 3263 545 3309 eceterae
562 3257 624 3324 ejas
638 3258 756 3326 perieris,
772 3258 801 3311 ai
816 3275 899 3312 renea
911 3262 1032 3330 propr-io
1060 3252 1151 3329 ὥσπερ
1175 3252 1207 3308 τὸ
1233 3253 1314 3326 σῶμα
1336 3255 1382 3305 καὶ
1409 3251 1461 3317 τὴν
1487 3249 1582 3321 ψυχὴν
1606 3253 1801 3333 timueram,
1828 3254 1895 3309 sisu

197 3339 389 3407 coaptantur,
415 3357 471 3393 aaa
496 3342 589 3395 reales
611 3344 664 3394 sed
687 3344 812 3396 ambalat
836 3353 944 3398 tantam
964 3362 1031 3399 esee.
1059 3346 1104 3395 not
1130 3339 1164 3393 rol
1188 3339 1266 3405 πάθη
1291 3339 1341 3392 τοῦ
1361 3341 1577 3411 συναμφοιέρου
1603 3341 1765 3394 οἰκειοῦται.
1803 3340 1893 3410 cyrill

197 3422 332 3478 Maturus
352 3426 381 3479 in
394 3425 461 3495 spic.
476 3444 502 3497 p.
519 3433 580 3482 164:
600 3428 713 3496 Afflipi,
734 3431 813 3496 mori,
832 3432 959 3500 cneciflpi
971 3440 1031 3484 toa·
1058 3426 1106 3480 lib.
1128 3433 1150 3481 2.
1176 3425 1214 3480 ud
1231 3423 1343 3495 Regia:
1379 3423 1476 3493 Λόγος
1491 3425 1615 3496 propria
1632 3425 1687 3491 ribi
1698 3426 1779 3493 feeit
1796 3427 1894 3491 omnio,

197 3515 255 3561 tam
279 3518 318 3562 est
340 3519 460 3565 acturae
487 3512 639 3579 humanae,
667 3513 766 3584 Λόγου
789 3522 896 3568 laetam
915 3525 953 3569 est
974 3534 1031 3570 esse
1058 3530 1130 3581 qaae
1145 3520 1208 3564 arat
1219 3510 1338 3578 proprii
1355 3510 1482 3577 corporis
1500 3518 1526 3562 st
1545 3526 1618 3578 puae
1636 3511 1759 3564 arsiam.
1796 3511 1842 3567 De
1857 3511 1894 3564 in-

197 3597 343 3661 aequalem
361 3597 426 3650 Deo
451 3597 510 3665 (nbi
537 3604 604 3652 nota
624 3599 825 3669 oppositionem
849 3610 965 3657 naturae
981 3603 1030 3657 hu·
1057 3603 1161 3652 camut
1179 3595 1255 3666 unig.
1273 3612 1297 3652 c.
1320 3600 1366 3650 26:
1383 3595 1487 3647 Passio
1504 3598 1667 3667 οἰκονομίας
1685 3604 1749 3648 erat
1764 3614 1819 3650 ersa
1835 3598 1895 3665 ‹psi-

197 3695 296 3735 manue
319 3688 347 3736 et
369 3699 504 3751 personae
526 3688 575 3737 roi
596 3684 714 3754 Λόγου).
749 3684 780 3739 P.
802 3691 865 3742 184:
896 3689 1031 3743 Hamaoa
1058 3687 1120 3738 dem
1133 3685 1239 3736 ‹lceate
1252 3682 1349 3749 Verbo,
1367 3698 1438 3749 quae
1454 3690 1518 3759 suat
1532 3681 1657 3749 propria
1670 3682 1770 3734 οανοώ
1779 3691 1896 3751 propter

197 3773 300 3818 natura
325 3775 430 3820 tortam
454 3778 564 3822 mortae
587 3781 639 3838 eat,
664 3779 722 3824 tata
746 3789 812 3825 vero
833 3791 958 3841 persona
976 3792 1031 3843 per
1057 3768 1275 3823 inenarrabilem
1294 3769 1437 3834 ursionem,
1462 3775 1588 3821 manente
1606 3783 1672 3820 aero
1690 3776 1774 3821 eetra
1789 3770 1896 3837 parsio-

128 3864 132 3871 ·
197 3859 313 3904 mortem
335 3853 455 3906 aboleuit
479 3871 553 3922 eam,
580 3858 630 3923 pai
651 3858 731 3910 labet
754 3860 852 3912 mortis
876 3861 1029 3929 imperium.
1057 3873 1136 3924 aera,
1162 3862 1293 3923 puamrrm
1312 3855 1354 3906 ad
1376 3854 1466 3922 :peius
1490 3861 1625 3906 acturam
1646 3853 1780 3922 pertinet.
1814 3853 1897 3927 vigil

196 3936 227 3990 P.
249 3943 309 3992 tet:
336 3938 496 3992 humanitas
517 3941 546 3993 io
571 3958 656 3994 corne
679 3961 774 4011 passo.
810 3944 891 4014 Apol.
910 3945 1030 4021 Anhald,
1057 3941 1105 3995 lib.
1119 3948 1141 3995 2.
1161 3947 1259 3994 contre
1274 3937 1436 4009 Eutychen:
1459 3938 1590 4002 Quamvis
1603 3943 1682 3992 Deo
1698 3957 1758 3992 aaa
1776 3940 1815 3993 rit
1829 3959 1897 4010 pos·

172 4029 175 4035 '
196 4041 224 4094 p.
243 4028 308 4079 246:
334 4024 393 4078 sola
416 4025 540 4078 literana
559 4035 664 4080 natare
687 4029 717 4080 ia
737 4029 850 4105 Christo
872 4040 912 4084 eet
930 4049 1029 4099 pasca.
1056 4046 1104 4081 erae
1123 4028 1153 4079 ia
1167 4027 1345 4095 proprietate
1362 4033 1482 4078 naturae
1499 4023 1648 4091 (divinae),
1675 4032 1773 4079 ames
1795 4043 1897 4094 passus

195 4109 268 4164 Piso.
293 4110 322 4164 in
345 4128 416 4181 resp.
439 4112 475 4165 ad
494 4111 601 4167 elench.
621 4112 723 4169 Busoh.
743 4132 769 4184 p.
790 4121 845 4170 153.
865 4117 911 4173 Fr.
929 4116 1031 4171 Junins
1058 4123 1096 4167 est
1115 4114 1146 4167 ia
1162 4113 1264 4166 armoe
1282 4129 1438 4180 personae,
1464 4111 1556 4166 idest
1580 4111 1610 4166 in
1636 4115 1739 4166 natura
1769 4112 1898 4173 hnmana,

195 4195 225 4251 in
244 4196 326 4252 Thes.
345 4196 428 4253 theol.
448 4197 550 4268 disput.
572 4205 612 4255 27.
632 4196 659 4274 ξ.
681 4206 729 4254 20:
762 4201 897 4270 lopardi
920 4206 1030 4257 mortem
1057 4217 1141 4270 quam
1157 4200 1186 4253 in
1203 4213 1339 4268 personae
1351 4198 1485 4252 unitatem
1498 4197 1643 4265 assumsit,
1662 4202 1688 4252 l.
1703 4198 1899 4268 philosophici

195 4283 267 4337 laec
285 4284 413 4353 appellat
432 4286 550 4338 :nomme
568 4286 762 4356 improprium.
791 4287 881 4343 Ursin
893 4289 923 4342 in
934 4290 1031 4359 explic.
1057 4288 1173 4340 coaonae
1200 4286 1404 4338 auctoritatem.
1440 4283 1605 4338 Aristoteles
1633 4282 1722 4353 primo
1751 4283 1790 4341 de
1817 4285 1896 4340 anim

195 4367 308 4424 Gatech.
328 4389 356 4441 p.
380 4376 440 4429 293.
467 4377 525 4426 285.
569 4371 700 4427 Calvinus
725 4390 757 4429 eo
783 4375 973 4445 progreditur,
1000 4384 1032 4432 nt
1057 4372 1149 4443 capite
1165 4371 1259 4426 tertio:
1289 4369 1465 4439 compositae
1491 4369 1663 4422 Maeotica
1683 4369 1782 4422 insuat
1806 4388 1897 4425 moses

195 4455 300 4515 scribta
316 4457 365 4511 lib.
384 4463 408 4512 2.
426 4456 516 4513 Instit.
535 4475 559 4511 c.
583 4464 620 4512 11.
641 4465 707 4514 sect.
721 4465 747 4515 l:
767 4462 909 4529 Equidem
920 4463 1031 4529 fateor,
1057 4459 1181 4512 artiores
1200 4466 1225 4510 et
1239 4457 1394 4525 maanes.
1411 4457 1464 4508 aad
1475 4464 1596 4524 propter
1606 4462 1734 4522 murras,
1753 4473 1789 4509 ere
1801 4458 1896 4526 ροὲόω

195 4541 223 4595 et'
249 4542 312 4611 pase
339 4543 506 4612 aimpliciter
533 4552 558 4597 et
583 4560 636 4613 per
666 4562 697 4598 se
722 4544 864 4599 Certatum
892 4565 1032 4617 opportere
1057 4553 1098 4598 eat
1117 4543 1276 4613 composita.
1321 4541 1485 4596 Tmmssa
1516 4546 1541 4596 2.
1565 4539 1690 4612 quaestio
1710 4545 1753 4595 58.
1782 4541 1898 4597 utimlo

194 4628 277 4682 utta
288 4628 404 4697 judicio
417 4631 483 4697 Dei,
503 4648 559 4683 oon
569 4632 641 4697 sore
660 4632 759 4684 merito
777 4632 1032 4702 irrumptiones
1057 4628 1191 4686 secundo:
1219 4630 1352 4682 Aetioaer
1380 4635 1444 4681 caat
1472 4627 1683 4695 supposituram
1707 4635 1734 4681 et
1767 4636 1896 4690 totam,

195 4715 404 4791 reperieturia
428 4717 538 4770 homine
563 4717 703 4784 dipnitas,
729 4735 801 4786 puae
820 4720 915 4787 poerit
937 4721 1031 4774 Deam
1056 4736 1112 4771 asoa
1130 4723 1223 4769 ortem
1244 4714 1365 4783 proprie
1388 4713 1529 4780 lopueaeio
1542 4713 1671 4781 partiam
1688 4720 1714 4766 et
1729 4715 1896 4779 sornam

191 4801 358 4869 promam.
395 4800 510 4855 Tilenus
536 4801 566 4855 in
588 4804 661 4857 notis
680 4802 717 4856 ad
744 4802 791 4857 lib.
815 4803 973 4860 Bellarmin.
995 4808 1032 4861 de
1055 4820 1105 4857 aaa
1117 4802 1317 4870 potentiarum·
1354 4800 1420 4853 Non
1438 4799 1511 4852 onim
1524 4800 1645 4868 proprie
1671 4800 1798 4867 diatur,
1822 4801 1897 4869 quod

195 4883 305 4942 Christo
330 4904 357 4955 p.
385 4892 424 4941 13.
451 4886 492 4941 sic
518 4886 643 4943 laclia:
682 4889 824 4953 Uiriatus,
854 4892 883 4944 ia
910 4910 965 4960 pao
990 4900 1032 4946 ert
1056 4907 1155 4942 maara
1168 4888 1326 4956 permittat,
1344 4885 1393 4941 sed
1412 4884 1495 4940 homo
1510 4902 1561 4954 1²⁰1
1577 4901 1705 4952 manum,
1724 4901 1819 4958 neque
1836 4902 1894 4957 pro

196 4973 288 5026 deltae
321 4975 499 5042 conjunctam
531 4975 636 5028 lahem
666 4977 880 5046 humanitem,
912 4979 1029 5047 potitor,
1055 4975 1116 5046 prio
1133 4972 1243 5040 dieitur,
1262 4972 1337 5042 quod
1356 4971 1432 5025 calor
1449 4970 1603 5040 caletum&
1622 4970 1672 5026 sed
1692 4970 1769 5042 ignis
1787 4989 1837 5043 per
1851 4987 1893 5026 es-

194 5055 331 5113 Herborn
352 5057 381 5112 in
399 5060 499 5120 rodim.
519 5059 569 5115 lib.
589 5067 612 5116 2.
631 5080 658 5132 p.
680 5067 741 5116 10⁰:
768 5062 902 5117 Humana
925 5072 1031 5118 actara
1055 5062 1147 5116 larem.
1177 5058 1249 5114 Sosi.
1269 5073 1356 5112 exero.
1377 5062 1519 5112 euasere.
1539 5062 1587 5113 36:
1606 5057 1687 5110 homa
1702 5075 1773 5112 aere
1790 5067 1816 5113 et
1828 5075 1894 5127 pro

198 5142 305 5198 oleati
320 5152 426 5198 tantum
445 5155 557 5200 mortim
575 5156 622 5216 est,
635 5166 692 5202 aaa
705 5148 803 5214 aeas,
821 5167 878 5203 aaa
893 5157 951 5202 tata
965 5167 1031 5218 per·
1051 5148 1118 5216 prie
1131 5145 1271 5213 iatellipit,
1288 5145 1353 5199 licet
1370 5144 1421 5196 loc
1433 5144 1545 5197 areunae
1561 5151 1671 5197 matura
1684 5145 1893 5213 propriamsit,

195 5247 274 5285 eona.
333 5232 407 5288 Huic
444 5232 625 5289 Nestor-ianae
668 5232 815 5288 divulsioni
851 5234 1031 5304 opponimus:
1057 5243 1082 5288 et
1103 5233 1199 5286 anim
1216 5247 1324 5300 qaoque
1341 5231 1412 5297 sola,
1432 5247 1488 5283 aaa
1504 5244 1624 5298 corpore
1637 5229 1791 5297 intellipet.
1820 5231 1895 5297 Quae
1907 5230 1962 5279 rut

195 5321 223 5373 1.
247 5320 382 5373 dictorum
411 5320 576 5389 &rapturae
603 5321 768 5373 claritatem.
807 5318 951 5390 Scriptma
968 5338 1031 5374 nus·
1057 5313 1466 5388 expendens'lseckermannm
1482 5315 1530 5372 lib.
1554 5322 1577 5372 1.
1604 5314 1700 5386 Logia
1719 5332 1748 5385 p.
1769 5323 1793 5372 l.
1813 5335 1836 5371 r.
1856 5322 1896 5374 28.

193 5403 272 5477 piam
289 5404 369 5460 dicit:
398 5406 458 5460 sola
477 5423 542 5462 caro
562 5412 605 5461 est
621 5422 716 5475 passa,
734 5407 783 5462 sod
804 5408 914 5462 DEUS
927 5424 1032 5476 passere
1057 5423 1084 5475 p·
1108 5409 1163 5460 188.
1184 5402 1288 5456 rectius
1305 5400 1416 5457 scribit:
1451 5401 1613 5469 Sahjectwn
1633 5401 1798 5470 paeeiorss'e,
1823 5403 1897 5471 puori

194 5501 237 5550 Μ
251 5508 347 5548 eam.
382 5494 520 5563 Princeps
537 5494 613 5547 vitae
629 5500 669 5546 set
679 5493 854 5560 intersectas.
890 5494 1031 5563 Dominus
1058 5499 1100 5547 est
1117 5498 1192 5544 totas
1210 5487 1345 5553 Christus,
1364 5489 1516 5558 mtjscm
1532 5496 1634 5548 autam
1651 5504 1707 5555 quo
1721 5496 1827 5542 mota
1839 5490 1897 5558 aior
