<?xml version="1.0" encoding="UTF-8"?>
<!DOCTYPE html PUBLIC "-//W3C//DTD XHTML 1.0 Transitional//EN"
    "http://www.w3.org/TR/xhtml1/DTD/xhtml1-transitional.dtd">
<html xmlns="http://www.w3.org/1999/xhtml" xml:lang="en" lang="en">
 <head>
  <title>
</title>
<meta http-equiv="Content-Type" content="text/html;charset=utf-8" />
  <meta name='ocr-system' content='tesseract 3.04.00' />
  <meta name='ocr-capabilities' content='ocr_page ocr_carea ocr_par ocr_line ocrx_word'/>
</head>
<body>
  <div class='ocr_page' id='page_1' title='image "./locitheologicic00gerhgoog/locitheologicic00gerhgoog_0130.png"; bbox 0 0 3984 6022; ppageno 0'>
   <div class='ocr_carea' id='block_1_1' title="bbox 731 306 1799 380">
    <p class='ocr_par' dir='ltr' id='par_1_1' title="bbox 731 306 1799 380">
     <span class='ocr_line' id='line_1_1' title="bbox 731 306 1799 380; baseline -0.004 -15"><span class='ocrx_word' id='word_1_1' title='bbox 731 309 784 365; x_wconf 79' lang='lat' dir='ltr'><strong><em>Du</em></strong></span> <span class='ocrx_word' id='word_1_2' title='bbox 802 307 1019 367; x_wconf 67' lang='lat' dir='ltr'><strong><em>scamma</em></strong></span> <span class='ocrx_word' id='word_1_3' title='bbox 1035 306 1166 365; x_wconf 76' lang='lat' dir='ltr'><strong><em>SACBA</em></strong></span> <span class='ocrx_word' id='word_1_4' title='bbox 1739 321 1799 380; x_wconf 67' lang='grc'><strong>666-</strong></span> 
     </span>
    </p>
   </div>
   <div class='ocr_carea' id='block_1_2' title="bbox 90 463 1801 1570">
    <p class='ocr_par' dir='ltr' id='par_1_2' title="bbox 90 463 1801 1485">
     <span class='ocr_line' id='line_1_2' title="bbox 90 463 1800 543; baseline -0.001 -20"><span class='ocrx_word' id='word_1_5' title='bbox 90 472 230 543; x_wconf 74' lang='grc'><strong>6666166</strong></span> <span class='ocrx_word' id='word_1_6' title='bbox 254 486 333 522; x_wconf 74' lang='lat' dir='ltr'><strong><em>mmm</em></strong></span> <span class='ocrx_word' id='word_1_7' title='bbox 356 472 383 521; x_wconf 88' lang='lat' dir='ltr'><strong><em>et</em></strong></span> <span class='ocrx_word' id='word_1_8' title='bbox 412 466 570 537; x_wconf 70' lang='lat' dir='ltr'><strong><em>acquireret</em></strong></span> <span class='ocrx_word' id='word_1_9' title='bbox 594 466 650 521; x_wconf 80' lang='lat' dir='ltr'><strong><em>sibi</em></strong></span> <span class='ocrx_word' id='word_1_10' title='bbox 667 480 767 520; x_wconf 84' lang='lat' dir='ltr'><strong><em>nomen</em></strong></span> <span class='ocrx_word' id='word_1_11' title='bbox 785 472 934 519; x_wconf 71' lang='lat' dir='ltr'><strong><em>aetermam.</em></strong></span> <span class='ocrx_word' id='word_1_12' title='bbox 961 478 1034 531; x_wconf 76' lang='lat' dir='ltr'><strong><em>quoe</em></strong></span> <span class='ocrx_word' id='word_1_13' title='bbox 1060 463 1214 517; x_wconf 75' lang='lat' dir='ltr'><strong><em>canonicae</em></strong></span> <span class='ocrx_word' id='word_1_14' title='bbox 1236 464 1431 534; x_wconf 73' lang='lat' dir='ltr'><strong><em>appellantem,</em></strong></span> <span class='ocrx_word' id='word_1_15' title='bbox 1457 467 1509 520; x_wconf 80' lang='lat' dir='ltr'><strong><em>ted</em></strong></span> <span class='ocrx_word' id='word_1_16' title='bbox 1528 466 1557 519; x_wconf 89' lang='lat' dir='ltr'><strong><em>in</em></strong></span> <span class='ocrx_word' id='word_1_17' title='bbox 1574 466 1643 521; x_wconf 82' lang='lat' dir='ltr'><strong><em>aliis</em></strong></span> <span class='ocrx_word' id='word_1_18' title='bbox 1658 467 1800 522; x_wconf 74' lang='lat' dir='ltr'><strong><em>invenires·</em></strong></span> 
     </span>
     <span class='ocr_line' id='line_1_3' title="bbox 93 549 1801 624; baseline -0.002 -13"><span class='ocrx_word' id='word_1_19' title='bbox 93 555 141 611; x_wconf 84' lang='lat' dir='ltr'><strong><em>hb.</em></strong></span> <span class='ocrx_word' id='word_1_20' title='bbox 167 561 191 611; x_wconf 86' lang='grc'><strong><em>2.</em></strong></span> <span class='ocrx_word' id='word_1_21' title='bbox 209 572 234 611; x_wconf 92' lang='lat' dir='ltr'><strong><em>c.</em></strong></span> <span class='ocrx_word' id='word_1_22' title='bbox 256 559 301 623; x_wconf 83' lang='lat' dir='ltr'><strong><em>lt,</em></strong></span> <span class='ocrx_word' id='word_1_23' title='bbox 323 571 347 608; x_wconf 82' lang='lat' dir='ltr'><strong><em>r.</em></strong></span> <span class='ocrx_word' id='word_1_24' title='bbox 365 558 407 610; x_wconf 78' lang='lat'><strong><em>42.</em></strong></span> <span class='ocrx_word' id='word_1_25' title='bbox 443 552 668 621; x_wconf 74' lang='grc' dir='ltr'><strong>116616661αά16</strong></span> <span class='ocrx_word' id='word_1_26' title='bbox 684 551 813 621; x_wconf 78' lang='lat' dir='ltr'><strong><em>repetiit</em></strong></span> <span class='ocrx_word' id='word_1_27' title='bbox 831 550 936 617; x_wconf 71' lang='lat' dir='ltr'><strong><em>eligens</em></strong></span> <span class='ocrx_word' id='word_1_28' title='bbox 960 555 1020 616; x_wconf 74' lang='lat' dir='ltr'><strong><em>aar,</em></strong></span> <span class='ocrx_word' id='word_1_29' title='bbox 1048 549 1079 602; x_wconf 86' lang='lat' dir='ltr'><strong><em>in</em></strong></span> <span class='ocrx_word' id='word_1_30' title='bbox 1104 550 1203 618; x_wconf 76' lang='grc'><strong>661666</strong></span> <span class='ocrx_word' id='word_1_31' title='bbox 1226 557 1289 604; x_wconf 82' lang='lat' dir='ltr'><strong><em>sant</em></strong></span> <span class='ocrx_word' id='word_1_32' title='bbox 1313 559 1339 605; x_wconf 85' lang='lat' dir='ltr'><strong><em>ct</em></strong></span> <span class='ocrx_word' id='word_1_33' title='bbox 1356 551 1595 607; x_wconf 72' lang='lat' dir='ltr'><strong><em>Maccahaeorum</em></strong></span> <span class='ocrx_word' id='word_1_34' title='bbox 1622 553 1702 622; x_wconf 79' lang='lat' dir='ltr'><strong><em>libri,</em></strong></span> <span class='ocrx_word' id='word_1_35' title='bbox 1730 571 1801 624; x_wconf 76' lang='lat' dir='ltr'><strong><em>qaas</em></strong></span> 
     </span>
     <span class='ocr_line' id='line_1_4' title="bbox 93 635 1800 709; baseline -0.002 -12"><span class='ocrx_word' id='word_1_36' title='bbox 93 642 228 697; x_wconf 80' lang='lat' dir='ltr'><strong><em>nobs‘litcr</em></strong></span> <span class='ocrx_word' id='word_1_37' title='bbox 243 640 319 695; x_wconf 83' lang='lat' dir='ltr'><strong><em>mori</em></strong></span> <span class='ocrx_word' id='word_1_38' title='bbox 333 639 436 709; x_wconf 78' lang='grc'><strong>661666,</strong></span> <span class='ocrx_word' id='word_1_39' title='bbox 454 655 540 709; x_wconf 64' lang='lat' dir='ltr'><strong><em>mam</em></strong></span> <span class='ocrx_word' id='word_1_40' title='bbox 558 636 685 692; x_wconf 69' lang='lat' dir='ltr'><strong><em>modian</em></strong></span> <span class='ocrx_word' id='word_1_41' title='bbox 695 635 935 706; x_wconf 63' lang='grc' dir='ltr'><strong>6616666616νί-</strong></span> <span class='ocrx_word' id='word_1_42' title='bbox 960 652 1016 688; x_wconf 91' lang='lat' dir='ltr'><strong><em>non</em></strong></span> <span class='ocrx_word' id='word_1_43' title='bbox 1034 636 1157 705; x_wconf 75' lang='lat' dir='ltr'><strong><em>Joaaei,</em></strong></span> <span class='ocrx_word' id='word_1_44' title='bbox 1181 638 1233 690; x_wconf 83' lang='lat' dir='ltr'><strong><em>sed</em></strong></span> <span class='ocrx_word' id='word_1_45' title='bbox 1255 637 1372 691; x_wconf 75' lang='lat' dir='ltr'><strong><em>conleath</em></strong></span> <span class='ocrx_word' id='word_1_46' title='bbox 1392 655 1449 708; x_wconf 84' lang='lat' dir='ltr'><strong><em>pro</em></strong></span> <span class='ocrx_word' id='word_1_47' title='bbox 1474 639 1618 693; x_wconf 84' lang='lat' dir='ltr'><strong><em>canonicis</em></strong></span> <span class='ocrx_word' id='word_1_48' title='bbox 1636 639 1718 695; x_wconf 79' lang='lat' dir='ltr'><strong><em>habet</em></strong></span> <span class='ocrx_word' id='word_1_49' title='bbox 1730 656 1800 708; x_wconf 80' lang='lat' dir='ltr'><strong><em>pno-</em></strong></span> 
     </span>
     <span class='ocr_line' id='line_1_5' title="bbox 94 723 1799 794; baseline -0.002 -12"><span class='ocrx_word' id='word_1_50' title='bbox 94 728 144 782; x_wconf 76' lang='lat' dir='ltr'><strong><em>esu</em></strong></span> <span class='ocrx_word' id='word_1_51' title='bbox 160 734 190 781; x_wconf 90' lang='lat' dir='ltr'><strong><em>et</em></strong></span> <span class='ocrx_word' id='word_1_52' title='bbox 205 733 305 781; x_wconf 83' lang='lat' dir='ltr'><strong><em>contra</em></strong></span> <span class='ocrx_word' id='word_1_53' title='bbox 323 726 435 780; x_wconf 70' lang='lat' dir='ltr'><strong><em>notata</em></strong></span> <span class='ocrx_word' id='word_1_54' title='bbox 451 742 516 778; x_wconf 84' lang='lat' dir='ltr'><strong><em>suos</em></strong></span> <span class='ocrx_word' id='word_1_55' title='bbox 533 724 650 794; x_wconf 72' lang='lat' dir='ltr'><strong><em>inias-sih</em></strong></span> <span class='ocrx_word' id='word_1_56' title='bbox 666 723 723 792; x_wconf 70' lang='lat' dir='ltr'><strong><em>api.</em></strong></span> <span class='ocrx_word' id='word_1_57' title='bbox 744 741 772 781; x_wconf 85' lang='lat' dir='ltr'><strong><em>r.</em></strong></span> <span class='ocrx_word' id='word_1_58' title='bbox 791 727 834 779; x_wconf 78' lang='grc'><strong><em>43.</em></strong></span> <span class='ocrx_word' id='word_1_59' title='bbox 847 737 935 792; x_wconf 82' lang='lat' dir='ltr'><strong><em>prae·</em></strong></span> <span class='ocrx_word' id='word_1_60' title='bbox 956 729 1022 790; x_wconf 79' lang='lat' dir='ltr'><strong><em>pter</em></strong></span> <span class='ocrx_word' id='word_1_61' title='bbox 1053 723 1229 790; x_wconf 76' lang='lat' dir='ltr'><strong><em>qcmrandom</em></strong></span> <span class='ocrx_word' id='word_1_62' title='bbox 1263 730 1419 791; x_wconf 75' lang='lat' dir='ltr'><strong><em>martyrum</em></strong></span> <span class='ocrx_word' id='word_1_63' title='bbox 1448 724 1599 794; x_wconf 76' lang='lat' dir='ltr'><strong><em>pactiones</em></strong></span> <span class='ocrx_word' id='word_1_64' title='bbox 1632 725 1799 779; x_wconf 76' lang='lat' dir='ltr'><strong><em>uehementes</em></strong></span> 
     </span>
     <span class='ocr_line' id='line_1_6' title="bbox 92 806 1800 883; baseline -0.001 -18"><span class='ocrx_word' id='word_1_65' title='bbox 92 813 221 883; x_wconf 71' lang='grc'><strong>66616616</strong></span> <span class='ocrx_word' id='word_1_66' title='bbox 249 810 510 882; x_wconf 83' lang='lat' dir='ltr'><strong><em>seipsamos&#39;rititer</em></strong></span> <span class='ocrx_word' id='word_1_67' title='bbox 529 811 560 863; x_wconf 90' lang='lat' dir='ltr'><strong><em>in</em></strong></span> <span class='ocrx_word' id='word_1_68' title='bbox 579 809 720 867; x_wconf 80' lang='lat' dir='ltr'><strong><em>tas-haar.</em></strong></span> <span class='ocrx_word' id='word_1_69' title='bbox 741 809 935 866; x_wconf 65' lang='lat' dir='ltr'><strong><em>taionnacus</em></strong></span> <span class='ocrx_word' id='word_1_70' title='bbox 961 813 1043 874; x_wconf 76' lang='grc'><strong>61666</strong></span> <span class='ocrx_word' id='word_1_71' title='bbox 1068 807 1220 861; x_wconf 70' lang='lat' dir='ltr'><strong><em>mirante.</em></strong></span> <span class='ocrx_word' id='word_1_72' title='bbox 1271 806 1417 863; x_wconf 80' lang='lat' dir='ltr'><strong><em>Rationem</em></strong></span> <span class='ocrx_word' id='word_1_73' title='bbox 1444 807 1544 880; x_wconf 72' lang='lat' dir='ltr'><strong><em>igitur,</em></strong></span> <span class='ocrx_word' id='word_1_74' title='bbox 1570 825 1657 880; x_wconf 77' lang='lat' dir='ltr'><strong><em>quere</em></strong></span> <span class='ocrx_word' id='word_1_75' title='bbox 1682 809 1800 866; x_wconf 76' lang='lat' dir='ltr'><strong><em>ecclesia</em></strong></span> 
     </span>
     <span class='ocr_line' id='line_1_7' title="bbox 93 890 1799 966; baseline -0.001 -14"><span class='ocrx_word' id='word_1_76' title='bbox 93 899 299 953; x_wconf 70' lang='lat' dir='ltr'><strong><em>dominatorem</em></strong></span> <span class='ocrx_word' id='word_1_77' title='bbox 320 898 395 950; x_wconf 84' lang='lat' dir='ltr'><strong><em>citae</em></strong></span> <span class='ocrx_word' id='word_1_78' title='bbox 418 913 452 949; x_wconf 91' lang='lat' dir='ltr'><strong><em>ac</em></strong></span> <span class='ocrx_word' id='word_1_79' title='bbox 477 896 608 965; x_wconf 77' lang='grc'><strong>6616166,</strong></span> <span class='ocrx_word' id='word_1_80' title='bbox 630 903 663 949; x_wconf 83' lang='grc'><strong><em>61</em></strong></span> <span class='ocrx_word' id='word_1_81' title='bbox 684 895 754 949; x_wconf 84' lang='grc'><strong>1666</strong></span> <span class='ocrx_word' id='word_1_82' title='bbox 772 895 819 948; x_wconf 72' lang='lat' dir='ltr'><strong><em>sili</em></strong></span> <span class='ocrx_word' id='word_1_83' title='bbox 834 895 935 948; x_wconf 74' lang='grc'><strong>116666</strong></span> <span class='ocrx_word' id='word_1_84' title='bbox 960 890 1012 945; x_wconf 89' lang='lat' dir='ltr'><strong><em>hoa</em></strong></span> <span class='ocrx_word' id='word_1_85' title='bbox 1038 891 1123 946; x_wconf 87' lang='lat' dir='ltr'><strong><em>libros</em></strong></span> <span class='ocrx_word' id='word_1_86' title='bbox 1148 909 1198 963; x_wconf 88' lang='lat' dir='ltr'><strong><em>pro</em></strong></span> <span class='ocrx_word' id='word_1_87' title='bbox 1224 892 1363 948; x_wconf 86' lang='lat' dir='ltr'><strong><em>canonicis</em></strong></span> <span class='ocrx_word' id='word_1_88' title='bbox 1388 893 1531 964; x_wconf 88' lang='lat' dir='ltr'><strong><em>habuerit,</em></strong></span> <span class='ocrx_word' id='word_1_89' title='bbox 1556 894 1583 950; x_wconf 83' lang='lat' dir='ltr'><strong><em>b</em></strong></span> <span class='ocrx_word' id='word_1_90' title='bbox 1609 912 1631 951; x_wconf 87' lang='grc'><strong><em>6</em></strong></span> <span class='ocrx_word' id='word_1_91' title='bbox 1657 910 1744 966; x_wconf 82' lang='lat' dir='ltr'><strong><em>quare</em></strong></span> <span class='ocrx_word' id='word_1_92' title='bbox 1760 894 1799 950; x_wconf 85' lang='lat' dir='ltr'><strong><em>sd</em></strong></span> 
     </span>
     <span class='ocr_line' id='line_1_8' title="bbox 92 977 1799 1052; baseline -0.002 -12"><span class='ocrx_word' id='word_1_93' title='bbox 92 986 234 1051; x_wconf 80' lang='lat' dir='ltr'><strong><em>redderet,</em></strong></span> <span class='ocrx_word' id='word_1_94' title='bbox 252 982 311 1036; x_wconf 83' lang='lat' dir='ltr'><strong><em>nita</em></strong></span> <span class='ocrx_word' id='word_1_95' title='bbox 328 983 478 1049; x_wconf 63' lang='grc'><strong>16666166</strong></span> <span class='ocrx_word' id='word_1_96' title='bbox 495 989 544 1035; x_wconf 85' lang='lat' dir='ltr'><strong><em>est.</em></strong></span> <span class='ocrx_word' id='word_1_97' title='bbox 565 986 589 1037; x_wconf 85' lang='grc'><strong><em>3.</em></strong></span> <span class='ocrx_word' id='word_1_98' title='bbox 601 980 649 1037; x_wconf 87' lang='lat' dir='ltr'><strong><em>lib.</em></strong></span> <span class='ocrx_word' id='word_1_99' title='bbox 672 985 693 1036; x_wconf 94' lang='grc'><strong><em>1.</em></strong></span> <span class='ocrx_word' id='word_1_100' title='bbox 705 979 795 1036; x_wconf 80' lang='lat' dir='ltr'><strong><em>Mace.</em></strong></span> <span class='ocrx_word' id='word_1_101' title='bbox 806 985 830 1048; x_wconf 87' lang='grc'><strong><em>2,</em></strong></span> <span class='ocrx_word' id='word_1_102' title='bbox 847 996 873 1033; x_wconf 83' lang='lat' dir='ltr'><strong><em>r.</em></strong></span> <span class='ocrx_word' id='word_1_103' title='bbox 886 984 934 1034; x_wconf 78' lang='lat'><strong><em>52:</em></strong></span> <span class='ocrx_word' id='word_1_104' title='bbox 961 994 1068 1032; x_wconf 86' lang='lat' dir='ltr'><strong><em>morum</em></strong></span> <span class='ocrx_word' id='word_1_105' title='bbox 1091 977 1312 1034; x_wconf 76' lang='lat' dir='ltr'><strong><em>informationem</em></strong></span> <span class='ocrx_word' id='word_1_106' title='bbox 1337 995 1384 1035; x_wconf 89' lang='lat' dir='ltr'><strong><em>eos</em></strong></span> <span class='ocrx_word' id='word_1_107' title='bbox 1406 979 1436 1034; x_wconf 90' lang='lat' dir='ltr'><strong><em>in</em></strong></span> <span class='ocrx_word' id='word_1_108' title='bbox 1460 980 1577 1036; x_wconf 87' lang='lat' dir='ltr'><strong><em>ecclesis</em></strong></span> <span class='ocrx_word' id='word_1_109' title='bbox 1594 979 1652 1052; x_wconf 89' lang='lat' dir='ltr'><strong><em>legi</em></strong></span> <span class='ocrx_word' id='word_1_110' title='bbox 1671 979 1799 1049; x_wconf 82' lang='lat' dir='ltr'><strong><em>voluerit,</em></strong></span> 
     </span>
     <span class='ocr_line' id='line_1_9' title="bbox 94 1063 1799 1138; baseline -0.002 -14"><span class='ocrx_word' id='word_1_111' title='bbox 94 1070 242 1124; x_wconf 70' lang='lat' dir='ltr'><strong><em>Abrohom</em></strong></span> <span class='ocrx_word' id='word_1_112' title='bbox 266 1084 356 1122; x_wconf 86' lang='lat' dir='ltr'><strong><em>nonne</em></strong></span> <span class='ocrx_word' id='word_1_113' title='bbox 373 1069 405 1121; x_wconf 88' lang='lat' dir='ltr'><strong><em>in</em></strong></span> <span class='ocrx_word' id='word_1_114' title='bbox 421 1068 572 1122; x_wconf 68' lang='lat' dir='ltr'><strong><em>teruntione</em></strong></span> <span class='ocrx_word' id='word_1_115' title='bbox 591 1069 717 1122; x_wconf 81' lang='lat' dir='ltr'><strong><em>inuentae</em></strong></span> <span class='ocrx_word' id='word_1_116' title='bbox 735 1075 775 1122; x_wconf 81' lang='lat' dir='ltr'><strong><em>eet</em></strong></span> <span class='ocrx_word' id='word_1_117' title='bbox 789 1066 889 1138; x_wconf 77' lang='lat' dir='ltr'><strong><em>fidelis</em></strong></span> <span class='ocrx_word' id='word_1_118' title='bbox 909 1073 935 1118; x_wconf 91' lang='lat' dir='ltr'><strong><em>et</em></strong></span> <span class='ocrx_word' id='word_1_119' title='bbox 960 1063 1021 1134; x_wconf 91' lang='grc'><strong>1666</strong></span> <span class='ocrx_word' id='word_1_120' title='bbox 1046 1063 1172 1134; x_wconf 84' lang='lat' dir='ltr'><strong><em>exponit,</em></strong></span> <span class='ocrx_word' id='word_1_121' title='bbox 1196 1065 1278 1120; x_wconf 84' lang='lat' dir='ltr'><strong><em>ridel.</em></strong></span> <span class='ocrx_word' id='word_1_122' title='bbox 1298 1072 1417 1136; x_wconf 84' lang='lat' dir='ltr'><strong><em>propter</em></strong></span> <span class='ocrx_word' id='word_1_123' title='bbox 1445 1069 1620 1136; x_wconf 78' lang='lat' dir='ltr'><strong><em>qssonsndam</em></strong></span> <span class='ocrx_word' id='word_1_124' title='bbox 1645 1075 1799 1135; x_wconf 71' lang='lat' dir='ltr'><strong><em>manprum</em></strong></span> 
     </span>
     <span class='ocr_line' id='line_1_10' title="bbox 92 1149 1799 1227; baseline -0.001 -17"><span class='ocrx_word' id='word_1_125' title='bbox 92 1158 304 1227; x_wconf 71' lang='lat' dir='ltr'><strong><em>reputatamest</em></strong></span> <span class='ocrx_word' id='word_1_126' title='bbox 321 1153 351 1208; x_wconf 87' lang='lat' dir='ltr'><strong><em>ei</em></strong></span> <span class='ocrx_word' id='word_1_127' title='bbox 366 1154 408 1207; x_wconf 83' lang='lat' dir='ltr'><strong><em>ad</em></strong></span> <span class='ocrx_word' id='word_1_128' title='bbox 417 1153 569 1222; x_wconf 81' lang='lat' dir='ltr'><strong><em>justitiam.</em></strong></span> <span class='ocrx_word' id='word_1_129' title='bbox 594 1154 635 1209; x_wconf 86' lang='lat' dir='ltr'><strong><em>At</em></strong></span> <span class='ocrx_word' id='word_1_130' title='bbox 645 1154 790 1225; x_wconf 79' lang='lat' dir='ltr'><strong><em>Scriptura</em></strong></span> <span class='ocrx_word' id='word_1_131' title='bbox 802 1150 934 1208; x_wconf 84' lang='lat' dir='ltr'><strong><em>canonica</em></strong></span> <span class='ocrx_word' id='word_1_132' title='bbox 956 1150 1105 1219; x_wconf 80' lang='lat' dir='ltr'><strong><em>passiones</em></strong></span> <span class='ocrx_word' id='word_1_133' title='bbox 1129 1149 1177 1205; x_wconf 92' lang='lat' dir='ltr'><strong><em>lib.</em></strong></span> <span class='ocrx_word' id='word_1_134' title='bbox 1204 1156 1228 1207; x_wconf 88' lang='grc'><strong><em>2.</em></strong></span> <span class='ocrx_word' id='word_1_135' title='bbox 1258 1157 1355 1207; x_wconf 86' lang='lat' dir='ltr'><strong><em>contra</em></strong></span> <span class='ocrx_word' id='word_1_136' title='bbox 1378 1153 1457 1223; x_wconf 89' lang='lat' dir='ltr'><strong><em>epist.</em></strong></span> <span class='ocrx_word' id='word_1_137' title='bbox 1479 1152 1618 1209; x_wconf 75' lang='lat' dir='ltr'><strong><em>Gaudent.</em></strong></span> <span class='ocrx_word' id='word_1_138' title='bbox 1638 1158 1722 1208; x_wconf 84' lang='grc'><strong>623.</strong></span> <span class='ocrx_word' id='word_1_139' title='bbox 1758 1155 1799 1208; x_wconf 83' lang='lat' dir='ltr'><strong><em>Et</em></strong></span> 
     </span>
     <span class='ocr_line' id='line_1_11' title="bbox 94 1235 1798 1310; baseline -0.002 -13"><span class='ocrx_word' id='word_1_140' title='bbox 94 1241 240 1306; x_wconf 81' lang='grc'><strong>61616161,</strong></span> <span class='ocrx_word' id='word_1_141' title='bbox 255 1239 463 1309; x_wconf 62' lang='grc'><strong>(16616661</strong></span> <span class='ocrx_word' id='word_1_142' title='bbox 495 1239 628 1294; x_wconf 72' lang='lat' dir='ltr'><strong><em>Credidit</em></strong></span> <span class='ocrx_word' id='word_1_143' title='bbox 639 1240 787 1294; x_wconf 76' lang='lat' dir='ltr'><strong><em>Abraham</em></strong></span> <span class='ocrx_word' id='word_1_144' title='bbox 800 1239 933 1307; x_wconf 76' lang='lat' dir='ltr'><strong><em>Domsno,</em></strong></span> <span class='ocrx_word' id='word_1_145' title='bbox 959 1235 1033 1290; x_wconf 82' lang='grc'><strong>1666</strong></span> <span class='ocrx_word' id='word_1_146' title='bbox 1055 1237 1167 1306; x_wconf 76' lang='lat' dir='ltr'><strong><em>qnidam</em></strong></span> <span class='ocrx_word' id='word_1_147' title='bbox 1192 1237 1382 1308; x_wconf 70' lang='grc'><strong>8666116666,</strong></span> <span class='ocrx_word' id='word_1_148' title='bbox 1406 1256 1479 1309; x_wconf 78' lang='lat' dir='ltr'><strong><em>qaae</em></strong></span> <span class='ocrx_word' id='word_1_149' title='bbox 1503 1239 1663 1310; x_wconf 82' lang='lat' dir='ltr'><strong><em>appellator</em></strong></span> <span class='ocrx_word' id='word_1_150' title='bbox 1679 1241 1798 1295; x_wconf 84' lang='lat' dir='ltr'><strong><em>Macca-</em></strong></span> 
     </span>
     <span class='ocr_line' id='line_1_12' title="bbox 94 1322 1798 1400; baseline -0.001 -16"><span class='ocrx_word' id='word_1_151' title='bbox 94 1336 122 1385; x_wconf 89' lang='lat' dir='ltr'><strong><em>et</em></strong></span> <span class='ocrx_word' id='word_1_152' title='bbox 136 1335 295 1398; x_wconf 68' lang='lat' dir='ltr'><strong><em>repatnmm</em></strong></span> <span class='ocrx_word' id='word_1_153' title='bbox 313 1334 354 1381; x_wconf 85' lang='lat' dir='ltr'><strong><em>est</em></strong></span> <span class='ocrx_word' id='word_1_154' title='bbox 371 1327 400 1381; x_wconf 87' lang='lat' dir='ltr'><strong><em>ei</em></strong></span> <span class='ocrx_word' id='word_1_155' title='bbox 414 1327 457 1380; x_wconf 84' lang='lat' dir='ltr'><strong><em>od</em></strong></span> <span class='ocrx_word' id='word_1_156' title='bbox 466 1327 626 1397; x_wconf 82' lang='lat' dir='ltr'><strong><em>justitiam,</em></strong></span> <span class='ocrx_word' id='word_1_157' title='bbox 645 1327 730 1400; x_wconf 88' lang='lat' dir='ltr'><strong><em>idque</em></strong></span> <span class='ocrx_word' id='word_1_158' title='bbox 748 1325 868 1396; x_wconf 82' lang='lat' dir='ltr'><strong><em>factum,</em></strong></span> <span class='ocrx_word' id='word_1_159' title='bbox 885 1342 933 1382; x_wconf 85' lang='lat' dir='ltr'><strong><em>an·</em></strong></span> <span class='ocrx_word' id='word_1_160' title='bbox 960 1322 1105 1394; x_wconf 69' lang='grc'><strong>16666666,</strong></span> <span class='ocrx_word' id='word_1_161' title='bbox 1130 1341 1187 1377; x_wconf 86' lang='grc'><strong><em>666</em></strong></span> <span class='ocrx_word' id='word_1_162' title='bbox 1213 1324 1314 1378; x_wconf 77' lang='lat' dir='ltr'><strong><em>hahart</em></strong></span> <span class='ocrx_word' id='word_1_163' title='bbox 1340 1325 1463 1394; x_wconf 72' lang='lat' dir='ltr'><strong><em>ludaei,</em></strong></span> <span class='ocrx_word' id='word_1_164' title='bbox 1491 1327 1564 1379; x_wconf 77' lang='grc'><strong>61661</strong></span> <span class='ocrx_word' id='word_1_165' title='bbox 1583 1326 1671 1395; x_wconf 70' lang='lat' dir='ltr'><strong><em>legem</em></strong></span> <span class='ocrx_word' id='word_1_166' title='bbox 1690 1335 1716 1381; x_wconf 88' lang='lat' dir='ltr'><strong><em>et</em></strong></span> <span class='ocrx_word' id='word_1_167' title='bbox 1728 1343 1798 1397; x_wconf 86' lang='lat' dir='ltr'><strong><em>pro·</em></strong></span> 
     </span>
     <span class='ocr_line' id='line_1_13' title="bbox 92 1407 1798 1485; baseline 0.002 -22"><span class='ocrx_word' id='word_1_168' title='bbox 92 1420 208 1485; x_wconf 78' lang='lat' dir='ltr'><strong><em>taquam</em></strong></span> <span class='ocrx_word' id='word_1_169' title='bbox 224 1412 255 1468; x_wconf 83' lang='lat' dir='ltr'><strong><em>in</em></strong></span> <span class='ocrx_word' id='word_1_170' title='bbox 269 1413 424 1469; x_wconf 70' lang='grc'><strong>1661611666</strong></span> <span class='ocrx_word' id='word_1_171' title='bbox 437 1412 529 1470; x_wconf 74' lang='lat' dir='ltr'><strong><em>fidelis</em></strong></span> <span class='ocrx_word' id='word_1_172' title='bbox 545 1413 720 1470; x_wconf 72' lang='lat' dir='ltr'><strong><em>inveniretur,</em></strong></span> <span class='ocrx_word' id='word_1_173' title='bbox 956 1407 1056 1476; x_wconf 76' lang='lat' dir='ltr'><strong><em>phetas</em></strong></span> <span class='ocrx_word' id='word_1_174' title='bbox 1088 1416 1114 1463; x_wconf 84' lang='lat' dir='ltr'><strong><em>et</em></strong></span> <span class='ocrx_word' id='word_1_175' title='bbox 1142 1410 1284 1479; x_wconf 78' lang='lat' dir='ltr'><strong><em>psalmos,</em></strong></span> <span class='ocrx_word' id='word_1_176' title='bbox 1309 1410 1414 1483; x_wconf 23' lang='grc'><strong>,666166</strong></span> <span class='ocrx_word' id='word_1_177' title='bbox 1442 1412 1582 1466; x_wconf 80' lang='lat' dir='ltr'><strong><em>Dominae</em></strong></span> <span class='ocrx_word' id='word_1_178' title='bbox 1614 1413 1798 1467; x_wconf 84' lang='lat' dir='ltr'><strong><em>testimoniam</em></strong></span> 
     </span>
    </p>

    <p class='ocr_par' dir='ltr' id='par_1_3' title="bbox 129 1493 1797 1570">
     <span class='ocr_line' id='line_1_14' title="bbox 129 1493 1797 1570; baseline -0.002 -15"><span class='ocrx_word' id='word_1_179' title='bbox 129 1499 324 1557; x_wconf 70' lang='grc'><strong>23611166</strong></span> <span class='ocrx_word' id='word_1_180' title='bbox 345 1505 411 1554; x_wconf 88' lang='lat' dir='ltr'><strong><em>sunt</em></strong></span> <span class='ocrx_word' id='word_1_181' title='bbox 431 1499 536 1570; x_wconf 88' lang='lat' dir='ltr'><strong><em>recepti</em></strong></span> <span class='ocrx_word' id='word_1_182' title='bbox 558 1499 588 1554; x_wconf 92' lang='lat' dir='ltr'><strong><em>in</em></strong></span> <span class='ocrx_word' id='word_1_183' title='bbox 608 1515 743 1555; x_wconf 79' lang='grc'><strong>66666616</strong></span> <span class='ocrx_word' id='word_1_184' title='bbox 760 1498 797 1554; x_wconf 88' lang='lat' dir='ltr'><strong><em>ab</em></strong></span> <span class='ocrx_word' id='word_1_185' title='bbox 815 1497 933 1553; x_wconf 88' lang='lat' dir='ltr'><strong><em>ecclesia</em></strong></span> <span class='ocrx_word' id='word_1_186' title='bbox 956 1493 1098 1562; x_wconf 70' lang='lat' dir='ltr'><strong><em>patients</em></strong></span> <span class='ocrx_word' id='word_1_187' title='bbox 1115 1502 1249 1566; x_wconf 74' lang='grc'><strong>1666666</strong></span> <span class='ocrx_word' id='word_1_188' title='bbox 1269 1498 1380 1551; x_wconf 68' lang='lat' dir='ltr'><strong><em>testimo</em></strong></span> <span class='ocrx_word' id='word_1_189' title='bbox 1399 1498 1473 1562; x_wconf 79' lang='grc'><strong>6616,</strong></span> <span class='ocrx_word' id='word_1_190' title='bbox 1499 1499 1552 1551; x_wconf 84' lang='lat' dir='ltr'><strong><em>sed</em></strong></span> <span class='ocrx_word' id='word_1_191' title='bbox 1567 1506 1679 1568; x_wconf 84' lang='lat' dir='ltr'><strong><em>recepta</em></strong></span> <span class='ocrx_word' id='word_1_192' title='bbox 1701 1506 1740 1552; x_wconf 87' lang='lat' dir='ltr'><strong><em>est</em></strong></span> <span class='ocrx_word' id='word_1_193' title='bbox 1760 1500 1797 1552; x_wconf 83' lang='grc'><strong><em>61</em></strong></span> 
     </span>
    </p>
   </div>
   <div class='ocr_carea' id='block_1_3' title="bbox 44 1578 1797 1660">
    <p class='ocr_par' dir='ltr' id='par_1_4' title="bbox 44 1578 1797 1660">
     <span class='ocr_line' id='line_1_15' title="bbox 44 1578 1797 1660; baseline -0.002 -18"><span class='ocrx_word' id='word_1_194' title='bbox 44 1578 67 1608; x_wconf 86' lang='lat'><strong><em>&#39;&#39;</em></strong></span> <span class='ocrx_word' id='word_1_195' title='bbox 44 1585 260 1660; x_wconf 57' lang='lat' dir='ltr'><strong><em>„Isrsiliticm</em></strong></span> <span class='ocrx_word' id='word_1_196' title='bbox 283 1585 330 1641; x_wconf 89' lang='lat' dir='ltr'><strong><em>cui</em></strong></span> <span class='ocrx_word' id='word_1_197' title='bbox 352 1582 386 1639; x_wconf 78' lang='grc' dir='ltr'><strong><em>τὰ</em></strong></span> <span class='ocrx_word' id='word_1_198' title='bbox 411 1585 492 1653; x_wconf 77' lang='grc' dir='ltr'><strong>λόγια</strong></span> <span class='ocrx_word' id='word_1_199' title='bbox 515 1589 565 1640; x_wconf 80' lang='grc' dir='ltr'><strong><em>τοῦ</em></strong></span> <span class='ocrx_word' id='word_1_200' title='bbox 583 1587 651 1641; x_wconf 79' lang='lat' dir='ltr'><strong><em>esoo</em></strong></span> <span class='ocrx_word' id='word_1_201' title='bbox 669 1585 749 1642; x_wconf 83' lang='lat' dir='ltr'><strong><em>fuere</em></strong></span> <span class='ocrx_word' id='word_1_202' title='bbox 765 1583 931 1647; x_wconf 85' lang='lat' dir='ltr'><strong><em>concredita,</em></strong></span> <span class='ocrx_word' id='word_1_203' title='bbox 959 1579 1303 1648; x_wconf 72' lang='lat' dir='ltr'><strong><em>woluiononinatititer,</em></strong></span> <span class='ocrx_word' id='word_1_204' title='bbox 1320 1601 1345 1637; x_wconf 86' lang='lat' dir='ltr'><strong><em>ss</em></strong></span> <span class='ocrx_word' id='word_1_205' title='bbox 1341 1585 1455 1639; x_wconf 80' lang='lat' dir='ltr'><strong><em>sobrie</em></strong></span> <span class='ocrx_word' id='word_1_206' title='bbox 1471 1584 1581 1653; x_wconf 73' lang='lat' dir='ltr'><strong><em>leonto</em></strong></span> <span class='ocrx_word' id='word_1_207' title='bbox 1592 1584 1636 1637; x_wconf 88' lang='lat' dir='ltr'><strong><em>oet</em></strong></span> <span class='ocrx_word' id='word_1_208' title='bbox 1650 1585 1797 1651; x_wconf 74' lang='grc'><strong>66616166,</strong></span> 
     </span>
    </p>
   </div>
   <div class='ocr_carea' id='block_1_4' title="bbox 44 1666 1796 1830">
    <p class='ocr_par' dir='ltr' id='par_1_5' title="bbox 44 1666 1796 1830">
     <span class='ocr_line' id='line_1_16' title="bbox 44 1666 1796 1744; baseline -0.003 -15"><span class='ocrx_word' id='word_1_209' title='bbox 44 1671 172 1762; x_wconf 62' lang='grc' dir='ltr'><strong><em>ο113661.</em></strong></span> <span class='ocrx_word' id='word_1_210' title='bbox 199 1677 270 1742; x_wconf 79' lang='lat' dir='ltr'><strong><em>³,v</em></strong></span> <span class='ocrx_word' id='word_1_211' title='bbox 271 1675 327 1727; x_wconf 92' lang='grc'><strong><em>.2</em></strong></span> <span class='ocrx_word' id='word_1_212' title='bbox 344 1671 466 1744; x_wconf 79' lang='lat' dir='ltr'><strong><em>August.</em></strong></span> <span class='ocrx_word' id='word_1_213' title='bbox 488 1671 537 1730; x_wconf 87' lang='lat' dir='ltr'><strong><em>lib.</em></strong></span> <span class='ocrx_word' id='word_1_214' title='bbox 565 1678 604 1728; x_wconf 86' lang='grc'><strong><em>18.</em></strong></span> <span class='ocrx_word' id='word_1_215' title='bbox 624 1671 659 1726; x_wconf 87' lang='lat' dir='ltr'><strong><em>de</em></strong></span> <span class='ocrx_word' id='word_1_216' title='bbox 680 1670 930 1727; x_wconf 69' lang='lat' dir='ltr'><strong><em>sinensium</em></strong></span> <span class='ocrx_word' id='word_1_217' title='bbox 959 1666 1078 1720; x_wconf 76' lang='lat' dir='ltr'><strong><em>manime</em></strong></span> <span class='ocrx_word' id='word_1_218' title='bbox 1105 1677 1222 1738; x_wconf 77' lang='lat' dir='ltr'><strong><em>propter</em></strong></span> <span class='ocrx_word' id='word_1_219' title='bbox 1249 1669 1316 1724; x_wconf 80' lang='lat' dir='ltr'><strong><em>ilios</em></strong></span> <span class='ocrx_word' id='word_1_220' title='bbox 1342 1671 1546 1740; x_wconf 74' lang='lat' dir='ltr'><strong><em>Maccabaeae,</em></strong></span> <span class='ocrx_word' id='word_1_221' title='bbox 1581 1671 1631 1741; x_wconf 75' lang='lat' dir='ltr'><strong><em>qai</em></strong></span> <span class='ocrx_word' id='word_1_222' title='bbox 1652 1688 1709 1741; x_wconf 83' lang='lat' dir='ltr'><strong><em>pro</em></strong></span> <span class='ocrx_word' id='word_1_223' title='bbox 1735 1671 1796 1740; x_wconf 77' lang='lat' dir='ltr'><strong><em>lege</em></strong></span> 
     </span>
     <span class='ocr_line' id='line_1_17' title="bbox 44 1712 1796 1830; baseline -0.003 -15"><span class='ocrx_word' id='word_1_224' title='bbox 44 1722 79 1816; x_wconf 78' lang='grc' dir='ltr'><strong><em>1ο-</em></strong></span> <span class='ocrx_word' id='word_1_225' title='bbox 92 1764 122 1814; x_wconf 78' lang='lat' dir='ltr'><strong><em>et</em></strong></span> <span class='ocrx_word' id='word_1_226' title='bbox 137 1758 187 1816; x_wconf 89' lang='lat' dir='ltr'><strong><em>lib.</em></strong></span> <span class='ocrx_word' id='word_1_227' title='bbox 209 1763 233 1813; x_wconf 96' lang='grc'><strong><em>2.</em></strong></span> <span class='ocrx_word' id='word_1_228' title='bbox 254 1756 610 1830; x_wconf 59' lang='lat' dir='ltr'><strong><em>conmutationem</em></strong></span> <span class='ocrx_word' id='word_1_229' title='bbox 628 1756 859 1815; x_wconf 62' lang='grc'><strong>6231661661</strong></span> <span class='ocrx_word' id='word_1_230' title='bbox 877 1773 933 1810; x_wconf 87' lang='lat' dir='ltr'><strong><em>non</em></strong></span> <span class='ocrx_word' id='word_1_231' title='bbox 959 1753 1031 1817; x_wconf 73' lang='lat' dir='ltr'><strong><em>Dei,</em></strong></span> <span class='ocrx_word' id='word_1_232' title='bbox 1054 1754 1126 1807; x_wconf 69' lang='grc'><strong>61661</strong></span> <span class='ocrx_word' id='word_1_233' title='bbox 1151 1757 1212 1808; x_wconf 79' lang='lat' dir='ltr'><strong><em>ceri</em></strong></span> <span class='ocrx_word' id='word_1_234' title='bbox 1231 1765 1370 1825; x_wconf 83' lang='lat' dir='ltr'><strong><em>martyres</em></strong></span> <span class='ocrx_word' id='word_1_235' title='bbox 1392 1776 1411 1810; x_wconf 90' lang='lat' dir='ltr'><strong><em>a</em></strong></span> <span class='ocrx_word' id='word_1_236' title='bbox 1430 1712 1656 1828; x_wconf 73' lang='grc' dir='ltr'><strong>6666666116νὶ1666</strong></span> <span class='ocrx_word' id='word_1_237' title='bbox 1675 1765 1735 1812; x_wconf 82' lang='lat' dir='ltr'><strong><em>tam</em></strong></span> <span class='ocrx_word' id='word_1_238' title='bbox 1754 1759 1796 1811; x_wconf 73' lang='grc'><strong><em>16-</em></strong></span> 
     </span>
    </p>
   </div>
   <div class='ocr_carea' id='block_1_5' title="bbox 88 1838 1921 4844">
    <p class='ocr_par' dir='ltr' id='par_1_6' title="bbox 92 1838 1796 1913">
     <span class='ocr_line' id='line_1_18' title="bbox 92 1838 1796 1913; baseline 0 -14"><span class='ocrx_word' id='word_1_239' title='bbox 92 1845 195 1899; x_wconf 73' lang='lat' dir='ltr'><strong><em>seems</em></strong></span> <span class='ocrx_word' id='word_1_240' title='bbox 221 1845 460 1899; x_wconf 75' lang='lat' dir='ltr'><strong><em>Maccahaeorum</em></strong></span> <span class='ocrx_word' id='word_1_241' title='bbox 485 1844 573 1897; x_wconf 84' lang='lat' dir='ltr'><strong><em>libros</em></strong></span> <span class='ocrx_word' id='word_1_242' title='bbox 594 1860 652 1913; x_wconf 87' lang='lat' dir='ltr'><strong><em>pro</em></strong></span> <span class='ocrx_word' id='word_1_243' title='bbox 678 1843 829 1899; x_wconf 74' lang='lat' dir='ltr'><strong><em>cernonicio¹</em></strong></span> <span class='ocrx_word' id='word_1_244' title='bbox 877 1840 932 1897; x_wconf 83' lang='lat' dir='ltr'><strong><em>Sed</em></strong></span> <span class='ocrx_word' id='word_1_245' title='bbox 959 1838 1049 1906; x_wconf 71' lang='lat' dir='ltr'><strong><em>diona</em></strong></span> <span class='ocrx_word' id='word_1_246' title='bbox 1072 1847 1155 1909; x_wconf 74' lang='grc'><strong>61666</strong></span> <span class='ocrx_word' id='word_1_247' title='bbox 1175 1840 1319 1896; x_wconf 71' lang='lat' dir='ltr'><strong><em>torrenda</em></strong></span> <span class='ocrx_word' id='word_1_248' title='bbox 1333 1844 1464 1913; x_wconf 75' lang='grc'><strong>66666661</strong></span> <span class='ocrx_word' id='word_1_249' title='bbox 1479 1851 1550 1897; x_wconf 76' lang='lat' dir='ltr'><strong><em>sant.</em></strong></span> <span class='ocrx_word' id='word_1_250' title='bbox 1578 1843 1619 1899; x_wconf 89' lang='lat' dir='ltr'><strong><em>At</em></strong></span> <span class='ocrx_word' id='word_1_251' title='bbox 1637 1843 1796 1899; x_wconf 83' lang='lat' dir='ltr'><strong><em>cautionem</em></strong></span> 
     </span>
    </p>

    <p class='ocr_par' dir='ltr' id='par_1_7' title="bbox 91 1921 1796 2169">
     <span class='ocr_line' id='line_1_19' title="bbox 92 1921 1796 2001; baseline -0.001 -15"><span class='ocrx_word' id='word_1_252' title='bbox 92 1946 144 1986; x_wconf 89' lang='lat' dir='ltr'><strong><em>nec</em></strong></span> <span class='ocrx_word' id='word_1_253' title='bbox 172 1929 330 2001; x_wconf 81' lang='lat' dir='ltr'><strong><em>primitivae</em></strong></span> <span class='ocrx_word' id='word_1_254' title='bbox 358 1929 492 1984; x_wconf 89' lang='lat' dir='ltr'><strong><em>ecclesiae</em></strong></span> <span class='ocrx_word' id='word_1_255' title='bbox 523 1927 697 1984; x_wconf 76' lang='grc'><strong>0166116666</strong></span> <span class='ocrx_word' id='word_1_256' title='bbox 728 1928 854 1984; x_wconf 88' lang='lat' dir='ltr'><strong><em>doctores</em></strong></span> <span class='ocrx_word' id='word_1_257' title='bbox 881 1927 932 1982; x_wconf 88' lang='lat' dir='ltr'><strong><em>bos</em></strong></span> <span class='ocrx_word' id='word_1_258' title='bbox 958 1921 1048 1991; x_wconf 87' lang='lat' dir='ltr'><strong><em>illam,</em></strong></span> <span class='ocrx_word' id='word_1_259' title='bbox 1075 1924 1213 1979; x_wconf 73' lang='lat' dir='ltr'><strong><em>stecoris</em></strong></span> <span class='ocrx_word' id='word_1_260' title='bbox 1239 1927 1364 1996; x_wconf 70' lang='grc'><strong>1666166,</strong></span> <span class='ocrx_word' id='word_1_261' title='bbox 1391 1927 1470 1984; x_wconf 89' lang='lat' dir='ltr'><strong><em>libris</em></strong></span> <span class='ocrx_word' id='word_1_262' title='bbox 1492 1929 1605 2000; x_wconf 91' lang='lat' dir='ltr'><strong><em>proprie</em></strong></span> <span class='ocrx_word' id='word_1_263' title='bbox 1622 1936 1652 1985; x_wconf 90' lang='lat' dir='ltr'><strong><em>et</em></strong></span> <span class='ocrx_word' id='word_1_264' title='bbox 1666 1927 1796 2001; x_wconf 80' lang='grc'><strong>66661166</strong></span> 
     </span>
     <span class='ocr_line' id='line_1_20' title="bbox 91 2007 1795 2087; baseline -0.001 -15"><span class='ocrx_word' id='word_1_265' title='bbox 91 2015 179 2072; x_wconf 87' lang='lat' dir='ltr'><strong><em>libros</em></strong></span> <span class='ocrx_word' id='word_1_266' title='bbox 214 2033 265 2087; x_wconf 90' lang='lat' dir='ltr'><strong><em>pro</em></strong></span> <span class='ocrx_word' id='word_1_267' title='bbox 301 2015 441 2071; x_wconf 88' lang='lat' dir='ltr'><strong><em>canonicis</em></strong></span> <span class='ocrx_word' id='word_1_268' title='bbox 476 2015 595 2084; x_wconf 92' lang='lat' dir='ltr'><strong><em>babent,</em></strong></span> <span class='ocrx_word' id='word_1_269' title='bbox 633 2032 730 2071; x_wconf 84' lang='lat' dir='ltr'><strong><em>rerum</em></strong></span> <span class='ocrx_word' id='word_1_270' title='bbox 768 2031 801 2070; x_wconf 88' lang='lat' dir='ltr'><strong><em>ex</em></strong></span> <span class='ocrx_word' id='word_1_271' title='bbox 837 2030 931 2069; x_wconf 88' lang='lat' dir='ltr'><strong><em>eorum</em></strong></span> <span class='ocrx_word' id='word_1_272' title='bbox 958 2007 1040 2063; x_wconf 88' lang='lat' dir='ltr'><strong><em>dictis</em></strong></span> <span class='ocrx_word' id='word_1_273' title='bbox 1062 2009 1202 2066; x_wconf 89' lang='lat' dir='ltr'><strong><em>canonicis</em></strong></span> <span class='ocrx_word' id='word_1_274' title='bbox 1230 2029 1372 2084; x_wconf 89' lang='lat' dir='ltr'><strong><em>nunquam</em></strong></span> <span class='ocrx_word' id='word_1_275' title='bbox 1395 2013 1517 2071; x_wconf 88' lang='lat' dir='ltr'><strong><em>adhibet.</em></strong></span> <span class='ocrx_word' id='word_1_276' title='bbox 1560 2021 1584 2070; x_wconf 93' lang='grc'><strong><em>6.</em></strong></span> <span class='ocrx_word' id='word_1_277' title='bbox 1607 2013 1671 2070; x_wconf 86' lang='grc' dir='ltr'><strong><em>Η66</em></strong></span> <span class='ocrx_word' id='word_1_278' title='bbox 1701 2012 1795 2070; x_wconf 80' lang='lat' dir='ltr'><strong><em>referi·</em></strong></span> 
     </span>
     <span class='ocr_line' id='line_1_21' title="bbox 92 2094 1795 2169; baseline -0.003 -12"><span class='ocrx_word' id='word_1_279' title='bbox 92 2118 207 2158; x_wconf 88' lang='lat' dir='ltr'><strong><em>numero</em></strong></span> <span class='ocrx_word' id='word_1_280' title='bbox 225 2102 286 2157; x_wconf 91' lang='lat' dir='ltr'><strong><em>illos</em></strong></span> <span class='ocrx_word' id='word_1_281' title='bbox 305 2101 495 2157; x_wconf 85' lang='lat' dir='ltr'><strong><em>exterminant.</em></strong></span> <span class='ocrx_word' id='word_1_282' title='bbox 530 2101 669 2157; x_wconf 86' lang='lat' dir='ltr'><strong><em>Videatur</em></strong></span> <span class='ocrx_word' id='word_1_283' title='bbox 686 2101 813 2157; x_wconf 91' lang='lat' dir='ltr'><strong><em>Clemens</em></strong></span> <span class='ocrx_word' id='word_1_284' title='bbox 831 2100 931 2155; x_wconf 86' lang='lat' dir='ltr'><strong><em>Boma-</em></strong></span> <span class='ocrx_word' id='word_1_285' title='bbox 958 2111 1019 2148; x_wconf 89' lang='lat' dir='ltr'><strong><em>mus</em></strong></span> <span class='ocrx_word' id='word_1_286' title='bbox 1035 2094 1137 2152; x_wconf 84' lang='lat' dir='ltr'><strong><em>similia</em></strong></span> <span class='ocrx_word' id='word_1_287' title='bbox 1153 2095 1306 2169; x_wconf 71' lang='lat' dir='ltr'><strong><em>Augustini</em></strong></span> <span class='ocrx_word' id='word_1_288' title='bbox 1325 2099 1400 2155; x_wconf 89' lang='lat' dir='ltr'><strong><em>dicta</em></strong></span> <span class='ocrx_word' id='word_1_289' title='bbox 1416 2099 1464 2156; x_wconf 91' lang='lat' dir='ltr'><strong><em>lib.</em></strong></span> <span class='ocrx_word' id='word_1_290' title='bbox 1485 2106 1507 2155; x_wconf 91' lang='lat'><strong><em>1.</em></strong></span> <span class='ocrx_word' id='word_1_291' title='bbox 1525 2099 1561 2157; x_wconf 89' lang='lat' dir='ltr'><strong><em>de</em></strong></span> <span class='ocrx_word' id='word_1_292' title='bbox 1580 2100 1631 2156; x_wconf 85' lang='lat' dir='ltr'><strong><em>civ.</em></strong></span> <span class='ocrx_word' id='word_1_293' title='bbox 1644 2099 1698 2155; x_wconf 89' lang='lat' dir='ltr'><strong><em>Dei</em></strong></span> <span class='ocrx_word' id='word_1_294' title='bbox 1714 2115 1740 2154; x_wconf 92' lang='grc'><strong><em>6.</em></strong></span> <span class='ocrx_word' id='word_1_295' title='bbox 1753 2104 1795 2155; x_wconf 88' lang='grc'><strong><em>26.</em></strong></span> 
     </span>
    </p>

    <p class='ocr_par' dir='ltr' id='par_1_8' title="bbox 89 2180 1896 2694">
     <span class='ocr_line' id='line_1_22' title="bbox 90 2180 1797 2259; baseline -0.003 -16"><span class='ocrx_word' id='word_1_296' title='bbox 90 2206 144 2244; x_wconf 89' lang='lat' dir='ltr'><strong><em>nus</em></strong></span> <span class='ocrx_word' id='word_1_297' title='bbox 169 2187 218 2243; x_wconf 90' lang='lat' dir='ltr'><strong><em>lib.</em></strong></span> <span class='ocrx_word' id='word_1_298' title='bbox 242 2194 264 2243; x_wconf 93' lang='grc'><strong><em>1.</em></strong></span> <span class='ocrx_word' id='word_1_299' title='bbox 283 2187 477 2243; x_wconf 77' lang='lat' dir='ltr'><strong><em>Comtittstion.</em></strong></span> <span class='ocrx_word' id='word_1_300' title='bbox 497 2204 521 2242; x_wconf 88' lang='lat' dir='ltr'><strong><em>c.</em></strong></span> <span class='ocrx_word' id='word_1_301' title='bbox 539 2194 564 2242; x_wconf 81' lang='grc'><strong><em>7.</em></strong></span> <span class='ocrx_word' id='word_1_302' title='bbox 601 2186 735 2259; x_wconf 79' lang='lat' dir='ltr'><strong><em>Origenes</em></strong></span> <span class='ocrx_word' id='word_1_303' title='bbox 753 2186 828 2257; x_wconf 90' lang='lat' dir='ltr'><strong><em>apud</em></strong></span> <span class='ocrx_word' id='word_1_304' title='bbox 845 2185 932 2239; x_wconf 83' lang='lat' dir='ltr'><strong><em>Ense·</em></strong></span> <span class='ocrx_word' id='word_1_305' title='bbox 957 2180 1054 2249; x_wconf 75' lang='lat' dir='ltr'><strong><em>Neque</em></strong></span> <span class='ocrx_word' id='word_1_306' title='bbox 1086 2182 1158 2235; x_wconf 80' lang='lat' dir='ltr'><strong><em>mim</em></strong></span> <span class='ocrx_word' id='word_1_307' title='bbox 1186 2185 1282 2248; x_wconf 74' lang='lat' dir='ltr'><strong><em>friato</em></strong></span> <span class='ocrx_word' id='word_1_308' title='bbox 1313 2186 1343 2238; x_wconf 86' lang='lat' dir='ltr'><strong><em>in</em></strong></span> <span class='ocrx_word' id='word_1_309' title='bbox 1373 2186 1516 2240; x_wconf 85' lang='lat' dir='ltr'><strong><em>canonicis</em></strong></span> <span class='ocrx_word' id='word_1_310' title='bbox 1548 2186 1630 2240; x_wconf 82' lang='lat' dir='ltr'><strong><em>tibris</em></strong></span> <span class='ocrx_word' id='word_1_311' title='bbox 1658 2202 1797 2254; x_wconf 79' lang='grc'><strong>6666666</strong></span> 
     </span>
     <span class='ocr_line' id='line_1_23' title="bbox 91 2268 1795 2342; baseline -0.004 -10"><span class='ocrx_word' id='word_1_312' title='bbox 91 2274 169 2332; x_wconf 85' lang='lat' dir='ltr'><strong><em>bium</em></strong></span> <span class='ocrx_word' id='word_1_313' title='bbox 194 2274 242 2330; x_wconf 92' lang='lat' dir='ltr'><strong><em>lib.</em></strong></span> <span class='ocrx_word' id='word_1_314' title='bbox 267 2279 292 2329; x_wconf 90' lang='grc'><strong><em>6.</em></strong></span> <span class='ocrx_word' id='word_1_315' title='bbox 316 2273 380 2328; x_wconf 84' lang='lat' dir='ltr'><strong><em>hist.</em></strong></span> <span class='ocrx_word' id='word_1_316' title='bbox 404 2273 501 2329; x_wconf 87' lang='grc'><strong>666166.</strong></span> <span class='ocrx_word' id='word_1_317' title='bbox 520 2290 546 2329; x_wconf 88' lang='grc'><strong><em>6.</em></strong></span> <span class='ocrx_word' id='word_1_318' title='bbox 573 2279 614 2328; x_wconf 83' lang='grc'><strong><em>21.</em></strong></span> <span class='ocrx_word' id='word_1_319' title='bbox 640 2274 670 2327; x_wconf 93' lang='grc'><strong><em>16</em></strong></span> <span class='ocrx_word' id='word_1_320' title='bbox 688 2272 737 2328; x_wconf 90' lang='lat' dir='ltr'><strong><em>Gr.</em></strong></span> <span class='ocrx_word' id='word_1_321' title='bbox 761 2271 810 2327; x_wconf 92' lang='lat' dir='ltr'><strong><em>ubi</em></strong></span> <span class='ocrx_word' id='word_1_322' title='bbox 834 2277 930 2326; x_wconf 83' lang='lat' dir='ltr'><strong><em>texens</em></strong></span> <span class='ocrx_word' id='word_1_323' title='bbox 956 2268 1036 2320; x_wconf 80' lang='lat' dir='ltr'><strong><em>nodia</em></strong></span> <span class='ocrx_word' id='word_1_324' title='bbox 1068 2268 1202 2322; x_wconf 74' lang='grc'><strong>61616666</strong></span> <span class='ocrx_word' id='word_1_325' title='bbox 1223 2279 1402 2341; x_wconf 82' lang='lat' dir='ltr'><strong><em>praeceptam</em></strong></span> <span class='ocrx_word' id='word_1_326' title='bbox 1424 2273 1625 2342; x_wconf 82' lang='lat' dir='ltr'><strong><em>permissumve</em></strong></span> <span class='ocrx_word' id='word_1_327' title='bbox 1647 2273 1795 2342; x_wconf 80' lang='lat' dir='ltr'><strong><em>reperitur,</em></strong></span> 
     </span>
     <span class='ocr_line' id='line_1_24' title="bbox 91 2353 1795 2434; baseline -0.002 -17"><span class='ocrx_word' id='word_1_328' title='bbox 91 2361 252 2434; x_wconf 84' lang='lat' dir='ltr'><strong><em>catslogum</em></strong></span> <span class='ocrx_word' id='word_1_329' title='bbox 268 2359 402 2415; x_wconf 90' lang='lat' dir='ltr'><strong><em>librorum</em></strong></span> <span class='ocrx_word' id='word_1_330' title='bbox 422 2359 616 2414; x_wconf 81' lang='lat' dir='ltr'><strong><em>omonicorum</em></strong></span> <span class='ocrx_word' id='word_1_331' title='bbox 628 2358 705 2428; x_wconf 87' lang='lat' dir='ltr'><strong><em>dicit,</em></strong></span> <span class='ocrx_word' id='word_1_332' title='bbox 722 2357 930 2414; x_wconf 86' lang='lat' dir='ltr'><strong><em>libroshlacca·</em></strong></span> <span class='ocrx_word' id='word_1_333' title='bbox 956 2359 987 2406; x_wconf 71' lang='lat' dir='ltr'><strong><em>at</em></strong></span> <span class='ocrx_word' id='word_1_334' title='bbox 1008 2353 1214 2424; x_wconf 70' lang='lat' dir='ltr'><strong><em>nobisnaen‘pss&#39;s</em></strong></span> <span class='ocrx_word' id='word_1_335' title='bbox 1236 2373 1328 2411; x_wconf 71' lang='lat' dir='ltr'><strong><em>nmen</em></strong></span> <span class='ocrx_word' id='word_1_336' title='bbox 1346 2357 1514 2424; x_wconf 79' lang='lat' dir='ltr'><strong><em>inferamus.</em></strong></span> <span class='ocrx_word' id='word_1_337' title='bbox 1549 2358 1590 2412; x_wconf 88' lang='lat' dir='ltr'><strong><em>At</em></strong></span> <span class='ocrx_word' id='word_1_338' title='bbox 1607 2358 1637 2411; x_wconf 90' lang='lat' dir='ltr'><strong><em>in</em></strong></span> <span class='ocrx_word' id='word_1_339' title='bbox 1654 2356 1698 2412; x_wconf 90' lang='lat' dir='ltr'><strong><em>his</em></strong></span> <span class='ocrx_word' id='word_1_340' title='bbox 1716 2357 1795 2413; x_wconf 80' lang='lat' dir='ltr'><strong><em>libris</em></strong></span> 
     </span>
     <span class='ocr_line' id='line_1_25' title="bbox 91 2435 1896 2518; baseline -0.005 -14"><span class='ocrx_word' id='word_1_341' title='bbox 91 2448 224 2504; x_wconf 64' lang='lat' dir='ltr'><strong><em>beorum</em></strong></span> <span class='ocrx_word' id='word_1_342' title='bbox 251 2462 312 2502; x_wconf 82' lang='lat' dir='ltr'><strong><em>csse</em></strong></span> <span class='ocrx_word' id='word_1_343' title='bbox 335 2448 387 2508; x_wconf 82' lang='grc' dir='ltr'><strong><em>ἔξω</em></strong></span> <span class='ocrx_word' id='word_1_344' title='bbox 412 2446 526 2504; x_wconf 76' lang='grc' dir='ltr'><strong>τούτων.</strong></span> <span class='ocrx_word' id='word_1_345' title='bbox 562 2446 733 2501; x_wconf 69' lang='lat' dir='ltr'><strong><em>Athanasius</em></strong></span> <span class='ocrx_word' id='word_1_346' title='bbox 753 2446 781 2500; x_wconf 91' lang='lat' dir='ltr'><strong><em>iu</em></strong></span> <span class='ocrx_word' id='word_1_347' title='bbox 800 2443 931 2517; x_wconf 74' lang='lat' dir='ltr'><strong><em>synopsi,</em></strong></span> <span class='ocrx_word' id='word_1_348' title='bbox 956 2435 1114 2510; x_wconf 73' lang='grc' dir='ltr'><strong><em>αὐτοχειρία</em></strong></span> <span class='ocrx_word' id='word_1_349' title='bbox 1141 2441 1280 2498; x_wconf 81' lang='lat' dir='ltr'><strong><em>laudatur.</em></strong></span> <span class='ocrx_word' id='word_1_350' title='bbox 1310 2442 1359 2499; x_wconf 87' lang='lat' dir='ltr'><strong><em>lib.</em></strong></span> <span class='ocrx_word' id='word_1_351' title='bbox 1390 2449 1429 2499; x_wconf 83' lang='grc'><strong><em>11.</em></strong></span> <span class='ocrx_word' id='word_1_352' title='bbox 1459 2443 1496 2499; x_wconf 89' lang='lat' dir='ltr'><strong><em>de</em></strong></span> <span class='ocrx_word' id='word_1_353' title='bbox 1522 2443 1596 2500; x_wconf 80' lang='lat' dir='ltr'><strong><em>civit.</em></strong></span> <span class='ocrx_word' id='word_1_354' title='bbox 1622 2443 1676 2498; x_wconf 91' lang='lat' dir='ltr'><strong><em>Dei</em></strong></span> <span class='ocrx_word' id='word_1_355' title='bbox 1699 2448 1794 2499; x_wconf 67' lang='grc'><strong>6201</strong></span> <span class='ocrx_word' id='word_1_356' title='bbox 1832 2472 1835 2477; x_wconf 93' lang='lat'>·</span> <span class='ocrx_word' id='word_1_357' title='bbox 1895 2514 1896 2518; x_wconf 10' lang='grc' dir='ltr'><strong>Ἰ</strong></span> 
     </span>
     <span class='ocr_line' id='line_1_26' title="bbox 90 2524 1796 2601; baseline -0.006 -9"><span class='ocrx_word' id='word_1_358' title='bbox 90 2533 240 2592; x_wconf 83' lang='lat' dir='ltr'><strong><em>concilium</em></strong></span> <span class='ocrx_word' id='word_1_359' title='bbox 263 2533 454 2588; x_wconf 76' lang='lat' dir='ltr'><strong><em>Iaodicenum</em></strong></span> <span class='ocrx_word' id='word_1_360' title='bbox 478 2549 539 2588; x_wconf 88' lang='lat' dir='ltr'><strong><em>can.</em></strong></span> <span class='ocrx_word' id='word_1_361' title='bbox 559 2540 601 2589; x_wconf 82' lang='grc'><strong><em>69.</em></strong></span> <span class='ocrx_word' id='word_1_362' title='bbox 636 2532 790 2588; x_wconf 89' lang='lat' dir='ltr'><strong><em>Concilium</em></strong></span> <span class='ocrx_word' id='word_1_363' title='bbox 814 2530 930 2587; x_wconf 87' lang='lat' dir='ltr'><strong><em>Cartha-</em></strong></span> <span class='ocrx_word' id='word_1_364' title='bbox 956 2524 1037 2593; x_wconf 83' lang='lat' dir='ltr'><strong><em>dicit,</em></strong></span> <span class='ocrx_word' id='word_1_365' title='bbox 1062 2527 1154 2581; x_wconf 85' lang='lat' dir='ltr'><strong><em>minas</em></strong></span> <span class='ocrx_word' id='word_1_366' title='bbox 1171 2528 1260 2596; x_wconf 73' lang='lat' dir='ltr'><strong><em>fianta</em></strong></span> <span class='ocrx_word' id='word_1_367' title='bbox 1286 2545 1358 2598; x_wconf 83' lang='lat' dir='ltr'><strong><em>ease,</em></strong></span> <span class='ocrx_word' id='word_1_368' title='bbox 1382 2546 1454 2601; x_wconf 81' lang='lat' dir='ltr'><strong><em>qaae</em></strong></span> <span class='ocrx_word' id='word_1_369' title='bbox 1478 2546 1534 2584; x_wconf 88' lang='lat' dir='ltr'><strong><em>non</em></strong></span> <span class='ocrx_word' id='word_1_370' title='bbox 1557 2536 1623 2583; x_wconf 86' lang='lat' dir='ltr'><strong><em>sant</em></strong></span> <span class='ocrx_word' id='word_1_371' title='bbox 1639 2529 1747 2599; x_wconf 81' lang='lat' dir='ltr'><strong><em>scripta</em></strong></span> <span class='ocrx_word' id='word_1_372' title='bbox 1764 2529 1796 2581; x_wconf 88' lang='lat' dir='ltr'><strong><em>in</em></strong></span> 
     </span>
     <span class='ocr_line' id='line_1_27' title="bbox 89 2614 1794 2694; baseline 0.002 -30"><span class='ocrx_word' id='word_1_373' title='bbox 89 2620 217 2694; x_wconf 54' lang='lat' dir='ltr'><strong><em>sinim</em></strong></span> <span class='ocrx_word' id='word_1_374' title='bbox 240 2618 317 2690; x_wconf 68' lang='lat' dir='ltr'><strong><em>apud</em></strong></span> <span class='ocrx_word' id='word_1_375' title='bbox 335 2619 529 2676; x_wconf 64' lang='lat' dir='ltr'><strong><em>Balggmongm</em></strong></span> <span class='ocrx_word' id='word_1_376' title='bbox 554 2637 578 2674; x_wconf 64' lang='grc' dir='ltr'><strong><em>(ς</em></strong></span> <span class='ocrx_word' id='word_1_377' title='bbox 597 2626 639 2677; x_wconf 69' lang='lat'><strong><em>4⁶1</em></strong></span> <span class='ocrx_word' id='word_1_378' title='bbox 676 2618 800 2673; x_wconf 65' lang='lat' dir='ltr'><strong><em>Hilariug</em></strong></span> <span class='ocrx_word' id='word_1_379' title='bbox 820 2617 850 2672; x_wconf 77' lang='lat' dir='ltr'><strong><em>in</em></strong></span> <span class='ocrx_word' id='word_1_380' title='bbox 867 2634 929 2689; x_wconf 74' lang='lat' dir='ltr'><strong><em>pro.</em></strong></span> <span class='ocrx_word' id='word_1_381' title='bbox 956 2628 1061 2666; x_wconf 77' lang='grc'><strong>66116116</strong></span> <span class='ocrx_word' id='word_1_382' title='bbox 1078 2614 1264 2670; x_wconf 63' lang='lat' dir='ltr'><strong><em>ludaeorum.</em></strong></span> <span class='ocrx_word' id='word_1_383' title='bbox 1288 2614 1337 2672; x_wconf 88' lang='grc'><strong>111).</strong></span> <span class='ocrx_word' id='word_1_384' title='bbox 1362 2621 1385 2672; x_wconf 97' lang='grc'><strong><em>2.</em></strong></span> <span class='ocrx_word' id='word_1_385' title='bbox 1409 2616 1445 2671; x_wconf 73' lang='grc'><strong><em>(16</em></strong></span> <span class='ocrx_word' id='word_1_386' title='bbox 1470 2615 1568 2672; x_wconf 87' lang='lat' dir='ltr'><strong><em>mirab.</em></strong></span> <span class='ocrx_word' id='word_1_387' title='bbox 1588 2615 1688 2687; x_wconf 68' lang='grc'><strong>561161.</strong></span> <span class='ocrx_word' id='word_1_388' title='bbox 1706 2615 1794 2670; x_wconf 67' lang='lat' dir='ltr'><strong><em>libros</em></strong></span> 
     </span>
    </p>

    <p class='ocr_par' dir='ltr' id='par_1_9' title="bbox 89 2686 1640 2778">
     <span class='ocr_line' id='line_1_28' title="bbox 89 2686 1640 2778; baseline -0.001 -23"><span class='ocrx_word' id='word_1_389' title='bbox 89 2709 146 2778; x_wconf 73' lang='lat' dir='ltr'><strong><em>leg.</em></strong></span> <span class='ocrx_word' id='word_1_390' title='bbox 163 2723 226 2777; x_wconf 82' lang='lat' dir='ltr'><strong><em>sup</em></strong></span> <span class='ocrx_word' id='word_1_391' title='bbox 246 2705 384 2776; x_wconf 76' lang='lat' dir='ltr'><strong><em>psalmos,</em></strong></span> <span class='ocrx_word' id='word_1_392' title='bbox 403 2705 622 2762; x_wconf 72' lang='lat' dir='ltr'><strong><em>Nazianzenus</em></strong></span> <span class='ocrx_word' id='word_1_393' title='bbox 614 2723 643 2760; x_wconf 86' lang='lat' dir='ltr'><strong><em>m</em></strong></span> <span class='ocrx_word' id='word_1_394' title='bbox 661 2705 844 2774; x_wconf 69' lang='lat' dir='ltr'><strong><em>carminibus</em></strong></span> <span class='ocrx_word' id='word_1_395' title='bbox 861 2704 929 2759; x_wconf 86' lang='lat' dir='ltr'><strong><em>Am</em></strong></span> <span class='ocrx_word' id='word_1_396' title='bbox 956 2686 1193 2755; x_wconf 76' lang='lat' dir='ltr'><strong><em>Maccabaeomn</em></strong></span> <span class='ocrx_word' id='word_1_397' title='bbox 1211 2720 1230 2755; x_wconf 85' lang='lat' dir='ltr'><strong><em>a</em></strong></span> <span class='ocrx_word' id='word_1_398' title='bbox 1248 2703 1344 2757; x_wconf 83' lang='lat' dir='ltr'><strong><em>divina</em></strong></span> <span class='ocrx_word' id='word_1_399' title='bbox 1361 2718 1467 2757; x_wconf 82' lang='lat' dir='ltr'><strong><em>canone</em></strong></span> <span class='ocrx_word' id='word_1_400' title='bbox 1484 2701 1640 2772; x_wconf 71' lang='lat' dir='ltr'><strong><em>distinguit.</em></strong></span> 
     </span>
    </p>

    <p class='ocr_par' dir='ltr' id='par_1_10' title="bbox 88 2746 1921 3378">
     <span class='ocr_line' id='line_1_29' title="bbox 89 2746 1921 2888; baseline -0.002 -40"><span class='ocrx_word' id='word_1_401' title='bbox 89 2791 281 2865; x_wconf 82' lang='lat' dir='ltr'><strong><em>pbllocbius</em></strong></span> <span class='ocrx_word' id='word_1_402' title='bbox 271 2809 300 2846; x_wconf 93' lang='grc' dir='ltr'><strong><em>ι6</em></strong></span> <span class='ocrx_word' id='word_1_403' title='bbox 316 2792 426 2848; x_wconf 86' lang='lat' dir='ltr'><strong><em>Jamhis</em></strong></span> <span class='ocrx_word' id='word_1_404' title='bbox 448 2793 485 2848; x_wconf 87' lang='lat' dir='ltr'><strong><em>ad</em></strong></span> <span class='ocrx_word' id='word_1_405' title='bbox 503 2792 665 2866; x_wconf 79' lang='lat' dir='ltr'><strong><em>Seleucum,</em></strong></span> <span class='ocrx_word' id='word_1_406' title='bbox 690 2791 813 2864; x_wconf 84' lang='lat' dir='ltr'><strong><em>Cyrillus</em></strong></span> <span class='ocrx_word' id='word_1_407' title='bbox 832 2746 929 2847; x_wconf 72' lang='grc'><strong>111666-</strong></span> <span class='ocrx_word' id='word_1_408' title='bbox 990 2790 1048 2840; x_wconf 84' lang='grc'><strong>231.</strong></span> <span class='ocrx_word' id='word_1_409' title='bbox 1080 2791 1105 2842; x_wconf 83' lang='lat'><strong><em>8.</em></strong></span> <span class='ocrx_word' id='word_1_410' title='bbox 1133 2788 1160 2842; x_wconf 87' lang='lat' dir='ltr'><strong><em>A</em></strong></span> <span class='ocrx_word' id='word_1_411' title='bbox 1186 2786 1353 2860; x_wconf 88' lang='lat' dir='ltr'><strong><em>quibusdam</em></strong></span> <span class='ocrx_word' id='word_1_412' title='bbox 1379 2788 1557 2860; x_wconf 84' lang='lat' dir='ltr'><strong><em>pontificibus</em></strong></span> <span class='ocrx_word' id='word_1_413' title='bbox 1587 2794 1616 2844; x_wconf 89' lang='lat' dir='ltr'><strong><em>et</em></strong></span> <span class='ocrx_word' id='word_1_414' title='bbox 1639 2785 1835 2888; x_wconf 68' lang='lat' dir='ltr'><strong><em>Pontilicils&amp;u</em></strong></span> <span class='ocrx_word' id='word_1_415' title='bbox 1839 2793 1858 2836; x_wconf 76' lang='grc' dir='ltr'><strong>Δ</strong></span> <span class='ocrx_word' id='word_1_416' title='bbox 1871 2794 1921 2845; x_wconf 73' lang='lat' dir='ltr'><strong><em>utl-</em></strong></span> 
     </span>
     <span class='ocr_line' id='line_1_30' title="bbox 89 2846 1903 2951; baseline 0.001 -16"><span class='ocrx_word' id='word_1_417' title='bbox 89 2878 275 2951; x_wconf 72' lang='lat' dir='ltr'><strong><em>solymanus</em></strong></span> <span class='ocrx_word' id='word_1_418' title='bbox 301 2878 407 2933; x_wconf 82' lang='lat' dir='ltr'><strong><em>catech</em></strong></span> <span class='ocrx_word' id='word_1_419' title='bbox 431 2884 457 2934; x_wconf 79' lang='lat' dir='ltr'><strong><em>s.</em></strong></span> <span class='ocrx_word' id='word_1_420' title='bbox 492 2877 643 2933; x_wconf 83' lang='lat' dir='ltr'><strong><em>Rufinus</em></strong></span> <span class='ocrx_word' id='word_1_421' title='bbox 634 2896 663 2932; x_wconf 85' lang='lat' dir='ltr'><strong><em>m</em></strong></span> <span class='ocrx_word' id='word_1_422' title='bbox 681 2877 805 2949; x_wconf 81' lang='lat' dir='ltr'><strong><em>symbol.</em></strong></span> <span class='ocrx_word' id='word_1_423' title='bbox 830 2876 929 2933; x_wconf 84' lang='lat' dir='ltr'><strong><em>Hiero·</em></strong></span> <span class='ocrx_word' id='word_1_424' title='bbox 954 2888 1100 2928; x_wconf 81' lang='lat' dir='ltr'><strong><em>ooouone</em></strong></span> <span class='ocrx_word' id='word_1_425' title='bbox 1126 2880 1309 2930; x_wconf 82' lang='lat' dir='ltr'><strong><em>renoventur</em></strong></span> <span class='ocrx_word' id='word_1_426' title='bbox 1353 2874 1507 2948; x_wconf 79' lang='lat' dir='ltr'><strong><em>Gregorius</em></strong></span> <span class='ocrx_word' id='word_1_427' title='bbox 1530 2875 1651 2948; x_wconf 77' lang='lat' dir='ltr'><strong><em>Magnus</em></strong></span> <span class='ocrx_word' id='word_1_428' title='bbox 1678 2875 1725 2930; x_wconf 92' lang='lat' dir='ltr'><strong><em>lib</em></strong></span> <span class='ocrx_word' id='word_1_429' title='bbox 1752 2879 1791 2930; x_wconf 79' lang='grc'><strong><em>19</em></strong></span> <span class='ocrx_word' id='word_1_430' title='bbox 1805 2846 1903 2938; x_wconf 62' lang='lat' dir='ltr'><strong><em>iiiii-</em></strong></span> 
     </span>
     <span class='ocr_line' id='line_1_31' title="bbox 89 2948 1895 3041; baseline 0.001 -29"><span class='ocrx_word' id='word_1_431' title='bbox 89 2981 193 3038; x_wconf 62' lang='lat' dir='ltr'><strong><em>aymus</em></strong></span> <span class='ocrx_word' id='word_1_432' title='bbox 217 2963 370 3029; x_wconf 70' lang='lat' dir='ltr'><strong><em>praefat.</em></strong></span> <span class='ocrx_word' id='word_1_433' title='bbox 362 2982 391 3018; x_wconf 84' lang='lat' dir='ltr'><strong><em>m</em></strong></span> <span class='ocrx_word' id='word_1_434' title='bbox 416 2963 463 3020; x_wconf 92' lang='lat' dir='ltr'><strong><em>lib.</em></strong></span> <span class='ocrx_word' id='word_1_435' title='bbox 481 2963 605 3035; x_wconf 72' lang='lat' dir='ltr'><strong><em>Regum</em></strong></span> <span class='ocrx_word' id='word_1_436' title='bbox 635 2964 664 3018; x_wconf 88' lang='lat' dir='ltr'><strong><em>in</em></strong></span> <span class='ocrx_word' id='word_1_437' title='bbox 689 2964 821 3020; x_wconf 76' lang='lat' dir='ltr'><strong><em>Proverb</em></strong></span> <span class='ocrx_word' id='word_1_438' title='bbox 847 2965 908 3020; x_wconf 80' lang='lat' dir='ltr'><strong><em>et</em></strong></span> <span class='ocrx_word' id='word_1_439' title='bbox 900 2983 928 3019; x_wconf 86' lang='lat' dir='ltr'><strong><em>m</em></strong></span> <span class='ocrx_word' id='word_1_440' title='bbox 955 2958 1050 3013; x_wconf 70' lang='lat' dir='ltr'><strong><em>moral</em></strong></span> <span class='ocrx_word' id='word_1_441' title='bbox 1069 2976 1091 3014; x_wconf 82' lang='lat' dir='ltr'><strong><em>e.</em></strong></span> <span class='ocrx_word' id='word_1_442' title='bbox 1112 2965 1160 3016; x_wconf 83' lang='lat'><strong><em>13:</em></strong></span> <span class='ocrx_word' id='word_1_443' title='bbox 1187 2963 1234 3015; x_wconf 81' lang='lat' dir='ltr'><strong><em>De</em></strong></span> <span class='ocrx_word' id='word_1_444' title='bbox 1252 2978 1308 3032; x_wconf 72' lang='grc'><strong><em>666</em></strong></span> <span class='ocrx_word' id='word_1_445' title='bbox 1327 2978 1358 3015; x_wconf 80' lang='lat' dir='ltr'><strong><em>re</em></strong></span> <span class='ocrx_word' id='word_1_446' title='bbox 1376 2980 1432 3016; x_wconf 84' lang='lat' dir='ltr'><strong><em>non</em></strong></span> <span class='ocrx_word' id='word_1_447' title='bbox 1450 2962 1612 3017; x_wconf 74' lang='lat' dir='ltr'><strong><em>inordinate</em></strong></span> <span class='ocrx_word' id='word_1_448' title='bbox 1630 2961 1747 3029; x_wconf 69' lang='lat' dir='ltr'><strong><em>agimus,</em></strong></span> <span class='ocrx_word' id='word_1_449' title='bbox 1766 2948 1895 3041; x_wconf 46' lang='lat' dir='ltr'><strong><em>dmg·</em></strong></span> 
     </span>
     <span class='ocr_line' id='line_1_32' title="bbox 89 3046 1895 3144; baseline -0.006 -36"><span class='ocrx_word' id='word_1_450' title='bbox 89 3051 215 3122; x_wconf 80' lang='lat' dir='ltr'><strong><em>Sapient</em></strong></span> <span class='ocrx_word' id='word_1_451' title='bbox 231 3049 310 3114; x_wconf 92' lang='lat' dir='ltr'><strong><em>liber,</em></strong></span> <span class='ocrx_word' id='word_1_452' title='bbox 326 3050 375 3122; x_wconf 89' lang='lat' dir='ltr'><strong><em>qui</em></strong></span> <span class='ocrx_word' id='word_1_453' title='bbox 391 3050 493 3105; x_wconf 88' lang='lat' dir='ltr'><strong><em>dicitur</em></strong></span> <span class='ocrx_word' id='word_1_454' title='bbox 508 3048 667 3119; x_wconf 76' lang='grc' dir='ltr'><strong>Συνοδικός,</strong></span> <span class='ocrx_word' id='word_1_455' title='bbox 682 3050 812 3106; x_wconf 85' lang='lat' dir='ltr'><strong><em>Richard.</em></strong></span> <span class='ocrx_word' id='word_1_456' title='bbox 823 3049 929 3108; x_wconf 86' lang='lat' dir='ltr'><strong><em>Victor.</em></strong></span> <span class='ocrx_word' id='word_1_457' title='bbox 956 3063 988 3099; x_wconf 77' lang='lat' dir='ltr'><strong><em>en</em></strong></span> <span class='ocrx_word' id='word_1_458' title='bbox 1008 3046 1089 3100; x_wconf 82' lang='lat' dir='ltr'><strong><em>tibris</em></strong></span> <span class='ocrx_word' id='word_1_459' title='bbox 1105 3064 1161 3101; x_wconf 91' lang='lat' dir='ltr'><strong><em>non</em></strong></span> <span class='ocrx_word' id='word_1_460' title='bbox 1179 3048 1330 3116; x_wconf 83' lang='lat' dir='ltr'><strong><em>canonicis,</em></strong></span> <span class='ocrx_word' id='word_1_461' title='bbox 1347 3050 1399 3103; x_wconf 84' lang='lat' dir='ltr'><strong><em>sed</em></strong></span> <span class='ocrx_word' id='word_1_462' title='bbox 1410 3056 1502 3103; x_wconf 80' lang='lat' dir='ltr'><strong><em>tames</em></strong></span> <span class='ocrx_word' id='word_1_463' title='bbox 1513 3050 1556 3101; x_wconf 83' lang='lat' dir='ltr'><strong><em>ad</em></strong></span> <span class='ocrx_word' id='word_1_464' title='bbox 1567 3046 1792 3116; x_wconf 74' lang='lat' dir='ltr'><strong><em>aedificationem</em></strong></span> <span class='ocrx_word' id='word_1_465' title='bbox 1783 3060 1895 3144; x_wconf 45' lang='lat' dir='ltr'><strong><em>aaa&amp;</em></strong></span> 
     </span>
     <span class='ocr_line' id='line_1_33' title="bbox 88 3111 1850 3208; baseline -0.005 -15"><span class='ocrx_word' id='word_1_466' title='bbox 88 3136 138 3193; x_wconf 81' lang='lat' dir='ltr'><strong><em>hb.</em></strong></span> <span class='ocrx_word' id='word_1_467' title='bbox 157 3141 393 3208; x_wconf 65' lang='grc'><strong>2666661611</strong></span> <span class='ocrx_word' id='word_1_468' title='bbox 424 3136 745 3207; x_wconf 86' lang='lat' dir='ltr'><strong><em>ExcipitBellarminus,</em></strong></span> <span class='ocrx_word' id='word_1_469' title='bbox 765 3137 929 3206; x_wconf 72' lang='lat' dir='ltr'><strong><em>loquimar</em></strong></span> <span class='ocrx_word' id='word_1_470' title='bbox 956 3132 1088 3186; x_wconf 82' lang='lat' dir='ltr'><strong><em>ecclesiae</em></strong></span> <span class='ocrx_word' id='word_1_471' title='bbox 1108 3133 1192 3187; x_wconf 81' lang='lat' dir='ltr'><strong><em>editis</em></strong></span> <span class='ocrx_word' id='word_1_472' title='bbox 1210 3133 1395 3188; x_wconf 77' lang='lat' dir='ltr'><strong><em>testimonium</em></strong></span> <span class='ocrx_word' id='word_1_473' title='bbox 1408 3135 1606 3204; x_wconf 67' lang='lat' dir='ltr'><strong><em>profoeamns,</em></strong></span> <span class='ocrx_word' id='word_1_474' title='bbox 1624 3132 1705 3203; x_wconf 88' lang='lat' dir='ltr'><strong><em>cujus</em></strong></span> <span class='ocrx_word' id='word_1_475' title='bbox 1724 3129 1793 3186; x_wconf 79' lang='grc'><strong>11611</strong></span> <span class='ocrx_word' id='word_1_476' title='bbox 1805 3111 1850 3143; x_wconf 73' lang='lat'><strong><em>⁷⁸¹²</em></strong></span> 
     </span>
     <span class='ocr_line' id='line_1_34' title="bbox 90 3216 1793 3292; baseline -0.003 -15"><span class='ocrx_word' id='word_1_477' title='bbox 90 3225 247 3277; x_wconf 77' lang='lat' dir='ltr'><strong><em>decanam</em></strong></span> <span class='ocrx_word' id='word_1_478' title='bbox 258 3222 445 3287; x_wconf 76' lang='lat' dir='ltr'><strong><em>Jodaeomm,</em></strong></span> <span class='ocrx_word' id='word_1_479' title='bbox 463 3230 542 3276; x_wconf 69' lang='lat' dir='ltr'><strong><em>entra</em></strong></span> <span class='ocrx_word' id='word_1_480' title='bbox 562 3240 642 3292; x_wconf 80' lang='grc'><strong>6666</strong></span> <span class='ocrx_word' id='word_1_481' title='bbox 660 3222 929 3277; x_wconf 81' lang='lat' dir='ltr'><strong><em>lilroeMaocabae-</em></strong></span> <span class='ocrx_word' id='word_1_482' title='bbox 955 3217 1151 3288; x_wconf 78' lang='lat' dir='ltr'><strong><em>perspicuitate</em></strong></span> <span class='ocrx_word' id='word_1_483' title='bbox 1176 3222 1266 3274; x_wconf 91' lang='lat' dir='ltr'><strong><em>motus</em></strong></span> <span class='ocrx_word' id='word_1_484' title='bbox 1290 3218 1425 3275; x_wconf 84' lang='lat' dir='ltr'><strong><em>Melchior</em></strong></span> <span class='ocrx_word' id='word_1_485' title='bbox 1448 3217 1542 3274; x_wconf 88' lang='lat' dir='ltr'><strong><em>Canus</em></strong></span> <span class='ocrx_word' id='word_1_486' title='bbox 1569 3216 1793 3275; x_wconf 73' lang='grc'><strong>1116216661.</strong></span> 
     </span>
     <span class='ocr_line' id='line_1_35' title="bbox 90 3301 1793 3378; baseline -0.004 -14"><span class='ocrx_word' id='word_1_487' title='bbox 90 3327 171 3364; x_wconf 82' lang='lat' dir='ltr'><strong><em>orum</em></strong></span> <span class='ocrx_word' id='word_1_488' title='bbox 189 3307 338 3372; x_wconf 83' lang='lat' dir='ltr'><strong><em>collocant,</em></strong></span> <span class='ocrx_word' id='word_1_489' title='bbox 357 3307 468 3361; x_wconf 84' lang='lat' dir='ltr'><strong><em>interim</em></strong></span> <span class='ocrx_word' id='word_1_490' title='bbox 487 3315 578 3361; x_wconf 83' lang='lat' dir='ltr'><strong><em>tamen</em></strong></span> <span class='ocrx_word' id='word_1_491' title='bbox 597 3310 678 3378; x_wconf 81' lang='lat' dir='ltr'><strong><em>apud</em></strong></span> <span class='ocrx_word' id='word_1_492' title='bbox 689 3309 864 3363; x_wconf 73' lang='lat' dir='ltr'><strong><em>Christianos</em></strong></span> <span class='ocrx_word' id='word_1_493' title='bbox 883 3327 930 3362; x_wconf 88' lang='lat' dir='ltr'><strong><em>cos</em></strong></span> <span class='ocrx_word' id='word_1_494' title='bbox 956 3320 979 3358; x_wconf 91' lang='lat' dir='ltr'><strong><em>o.</em></strong></span> <span class='ocrx_word' id='word_1_495' title='bbox 1001 3309 1031 3359; x_wconf 89' lang='lat'><strong><em>10</em></strong></span> <span class='ocrx_word' id='word_1_496' title='bbox 1057 3301 1176 3358; x_wconf 80' lang='lat' dir='ltr'><strong><em>fatetur:</em></strong></span> <span class='ocrx_word' id='word_1_497' title='bbox 1206 3303 1376 3375; x_wconf 77' lang='lat' dir='ltr'><strong><em>Greporiam</em></strong></span> <span class='ocrx_word' id='word_1_498' title='bbox 1400 3305 1452 3359; x_wconf 83' lang='grc'><strong><em>166</em></strong></span> <span class='ocrx_word' id='word_1_499' title='bbox 1473 3303 1560 3358; x_wconf 76' lang='lat' dir='ltr'><strong><em>libror</em></strong></span> <span class='ocrx_word' id='word_1_500' title='bbox 1581 3322 1600 3357; x_wconf 92' lang='lat' dir='ltr'><strong><em>a</em></strong></span> <span class='ocrx_word' id='word_1_501' title='bbox 1622 3322 1728 3359; x_wconf 89' lang='lat' dir='ltr'><strong><em>canone</em></strong></span> <span class='ocrx_word' id='word_1_502' title='bbox 1750 3321 1793 3358; x_wconf 84' lang='lat' dir='ltr'><strong><em>re-</em></strong></span> 
     </span>
    </p>

    <p class='ocr_par' dir='ltr' id='par_1_11' title="bbox 90 3389 1833 3897">
     <span class='ocr_line' id='line_1_36' title="bbox 90 3389 1833 3466; baseline -0.002 -17"><span class='ocrx_word' id='word_1_503' title='bbox 90 3411 149 3450; x_wconf 83' lang='lat' dir='ltr'><strong><em>essc</em></strong></span> <span class='ocrx_word' id='word_1_504' title='bbox 173 3393 339 3455; x_wconf 81' lang='lat' dir='ltr'><strong><em>canonicos,</em></strong></span> <span class='ocrx_word' id='word_1_505' title='bbox 366 3393 441 3465; x_wconf 90' lang='lat' dir='ltr'><strong><em>quod</em></strong></span> <span class='ocrx_word' id='word_1_506' title='bbox 464 3394 566 3464; x_wconf 87' lang='lat' dir='ltr'><strong><em>probat</em></strong></span> <span class='ocrx_word' id='word_1_507' title='bbox 587 3411 621 3449; x_wconf 85' lang='lat' dir='ltr'><strong><em>cr</em></strong></span> <span class='ocrx_word' id='word_1_508' title='bbox 640 3394 800 3466; x_wconf 79' lang='lat' dir='ltr'><strong><em>Augustino</em></strong></span> <span class='ocrx_word' id='word_1_509' title='bbox 818 3394 868 3450; x_wconf 79' lang='lat' dir='ltr'><strong><em>lib,</em></strong></span> <span class='ocrx_word' id='word_1_510' title='bbox 891 3400 929 3451; x_wconf 81' lang='lat'><strong><em>18.</em></strong></span> <span class='ocrx_word' id='word_1_511' title='bbox 956 3391 1080 3443; x_wconf 73' lang='lat' dir='ltr'><strong><em>novare.</em></strong></span> <span class='ocrx_word' id='word_1_512' title='bbox 1116 3390 1167 3458; x_wconf 84' lang='lat' dir='ltr'><strong><em>(At</em></strong></span> <span class='ocrx_word' id='word_1_513' title='bbox 1185 3389 1230 3445; x_wconf 91' lang='lat' dir='ltr'><strong><em>hic</em></strong></span> <span class='ocrx_word' id='word_1_514' title='bbox 1249 3389 1403 3462; x_wconf 81' lang='lat' dir='ltr'><strong><em>Gregorius</em></strong></span> <span class='ocrx_word' id='word_1_515' title='bbox 1424 3389 1479 3446; x_wconf 85' lang='lat' dir='ltr'><strong><em>fuit</em></strong></span> <span class='ocrx_word' id='word_1_516' title='bbox 1496 3390 1657 3463; x_wconf 88' lang='lat' dir='ltr'><strong><em>episcopus,</em></strong></span> <span class='ocrx_word' id='word_1_517' title='bbox 1682 3391 1740 3447; x_wconf 85' lang='lat' dir='ltr'><strong><em>sire</em></strong></span> <span class='ocrx_word' id='word_1_518' title='bbox 1762 3396 1794 3447; x_wconf 91' lang='lat' dir='ltr'><strong><em>nt</em></strong></span> <span class='ocrx_word' id='word_1_519' title='bbox 1832 3449 1833 3453; x_wconf 59' lang='grc'><strong>,</strong></span> 
     </span>
     <span class='ocr_line' id='line_1_37' title="bbox 91 3475 1792 3551; baseline -0.001 -15"><span class='ocrx_word' id='word_1_520' title='bbox 91 3481 127 3536; x_wconf 84' lang='grc'><strong><em>16</em></strong></span> <span class='ocrx_word' id='word_1_521' title='bbox 150 3478 227 3534; x_wconf 78' lang='lat' dir='ltr'><strong><em>civit</em></strong></span> <span class='ocrx_word' id='word_1_522' title='bbox 245 3477 299 3534; x_wconf 91' lang='lat' dir='ltr'><strong><em>Dei</em></strong></span> <span class='ocrx_word' id='word_1_523' title='bbox 322 3494 347 3535; x_wconf 91' lang='lat' dir='ltr'><strong><em>c.</em></strong></span> <span class='ocrx_word' id='word_1_524' title='bbox 372 3483 414 3533; x_wconf 80' lang='grc'><strong><em>16.</em></strong></span> <span class='ocrx_word' id='word_1_525' title='bbox 431 3477 480 3534; x_wconf 89' lang='lat' dir='ltr'><strong><em>ubi</em></strong></span> <span class='ocrx_word' id='word_1_526' title='bbox 499 3479 611 3548; x_wconf 89' lang='lat' dir='ltr'><strong><em>scribit,</em></strong></span> <span class='ocrx_word' id='word_1_527' title='bbox 639 3498 695 3533; x_wconf 91' lang='lat' dir='ltr'><strong><em>non</em></strong></span> <span class='ocrx_word' id='word_1_528' title='bbox 711 3481 855 3545; x_wconf 81' lang='lat' dir='ltr'><strong><em>Judaeos,</em></strong></span> <span class='ocrx_word' id='word_1_529' title='bbox 878 3483 931 3535; x_wconf 84' lang='lat' dir='ltr'><strong><em>sed</em></strong></span> <span class='ocrx_word' id='word_1_530' title='bbox 957 3475 1039 3531; x_wconf 89' lang='lat' dir='ltr'><strong><em>hodie</em></strong></span> <span class='ocrx_word' id='word_1_531' title='bbox 1055 3475 1216 3547; x_wconf 89' lang='lat' dir='ltr'><strong><em>loquuntur,</em></strong></span> <span class='ocrx_word' id='word_1_532' title='bbox 1233 3475 1357 3546; x_wconf 81' lang='lat' dir='ltr'><strong><em>pontifex</em></strong></span> <span class='ocrx_word' id='word_1_533' title='bbox 1375 3476 1533 3546; x_wconf 86' lang='lat' dir='ltr'><strong><em>Romanus,</em></strong></span> <span class='ocrx_word' id='word_1_534' title='bbox 1559 3479 1639 3548; x_wconf 88' lang='lat' dir='ltr'><strong><em>cujus</em></strong></span> <span class='ocrx_word' id='word_1_535' title='bbox 1655 3479 1792 3551; x_wconf 90' lang='lat' dir='ltr'><strong><em>judicium</em></strong></span> 
     </span>
     <span class='ocr_line' id='line_1_38' title="bbox 91 3560 1792 3634; baseline 0.001 -14"><span class='ocrx_word' id='word_1_536' title='bbox 91 3565 239 3620; x_wconf 79' lang='lat' dir='ltr'><strong><em>eccleciam</em></strong></span> <span class='ocrx_word' id='word_1_537' title='bbox 261 3580 318 3634; x_wconf 78' lang='lat' dir='ltr'><strong><em>pro</em></strong></span> <span class='ocrx_word' id='word_1_538' title='bbox 345 3566 488 3618; x_wconf 84' lang='lat' dir='ltr'><strong><em>canonicis</em></strong></span> <span class='ocrx_word' id='word_1_539' title='bbox 515 3565 617 3620; x_wconf 75' lang='grc'><strong>166666</strong></span> <span class='ocrx_word' id='word_1_540' title='bbox 645 3565 733 3619; x_wconf 80' lang='lat' dir='ltr'><strong><em>libros</em></strong></span> <span class='ocrx_word' id='word_1_541' title='bbox 759 3565 930 3619; x_wconf 82' lang='lat' dir='ltr'><strong><em>Maccabae-</em></strong></span> <span class='ocrx_word' id='word_1_542' title='bbox 956 3577 1016 3617; x_wconf 87' lang='lat' dir='ltr'><strong><em>esse</em></strong></span> <span class='ocrx_word' id='word_1_543' title='bbox 1034 3560 1194 3628; x_wconf 84' lang='grc'><strong>16161111116,</strong></span> <span class='ocrx_word' id='word_1_544' title='bbox 1214 3561 1316 3618; x_wconf 88' lang='lat' dir='ltr'><strong><em>docent</em></strong></span> <span class='ocrx_word' id='word_1_545' title='bbox 1334 3562 1492 3632; x_wconf 88' lang='grc' dir='ltr'><strong>Ρ661111611).</strong></span> <span class='ocrx_word' id='word_1_546' title='bbox 1528 3563 1657 3619; x_wconf 88' lang='lat' dir='ltr'><strong><em>Gelasius</em></strong></span> <span class='ocrx_word' id='word_1_547' title='bbox 1678 3573 1792 3622; x_wconf 83' lang='grc'><strong>666116</strong></span> 
     </span>
     <span class='ocr_line' id='line_1_39' title="bbox 90 3647 1795 3725; baseline 0.002 -20"><span class='ocrx_word' id='word_1_548' title='bbox 90 3668 180 3705; x_wconf 81' lang='lat' dir='ltr'><strong><em>oram</em></strong></span> <span class='ocrx_word' id='word_1_549' title='bbox 223 3649 307 3721; x_wconf 84' lang='lat' dir='ltr'><strong><em>Besp.</em></strong></span> <span class='ocrx_word' id='word_1_550' title='bbox 334 3649 409 3725; x_wconf 29' lang='lat' dir='ltr'><strong><em>qnid,</em></strong></span> <span class='ocrx_word' id='word_1_551' title='bbox 431 3650 466 3706; x_wconf 90' lang='lat' dir='ltr'><strong><em>de</em></strong></span> <span class='ocrx_word' id='word_1_552' title='bbox 496 3649 674 3706; x_wconf 89' lang='lat' dir='ltr'><strong><em>distinctions</em></strong></span> <span class='ocrx_word' id='word_1_553' title='bbox 700 3651 773 3704; x_wconf 87' lang='lat' dir='ltr'><strong><em>inter</em></strong></span> <span class='ocrx_word' id='word_1_554' title='bbox 797 3666 929 3705; x_wconf 90' lang='lat' dir='ltr'><strong><em>canonem</em></strong></span> <span class='ocrx_word' id='word_1_555' title='bbox 956 3647 1092 3719; x_wconf 88' lang='grc'><strong>661666616</strong></span> <span class='ocrx_word' id='word_1_556' title='bbox 1111 3664 1196 3701; x_wconf 90' lang='lat' dir='ltr'><strong><em>unum</em></strong></span> <span class='ocrx_word' id='word_1_557' title='bbox 1214 3654 1321 3703; x_wconf 85' lang='lat' dir='ltr'><strong><em>tantum</em></strong></span> <span class='ocrx_word' id='word_1_558' title='bbox 1339 3647 1570 3706; x_wconf 82' lang='lat' dir='ltr'><strong><em>Maccahaeorum</em></strong></span> <span class='ocrx_word' id='word_1_559' title='bbox 1594 3650 1698 3706; x_wconf 88' lang='lat' dir='ltr'><strong><em>librum</em></strong></span> <span class='ocrx_word' id='word_1_560' title='bbox 1720 3667 1795 3709; x_wconf 86' lang='lat' dir='ltr'><strong><em>rece-</em></strong></span> 
     </span>
     <span class='ocr_line' id='line_1_40' title="bbox 90 3733 1793 3808; baseline 0.002 -16"><span class='ocrx_word' id='word_1_561' title='bbox 90 3736 263 3792; x_wconf 85' lang='lat' dir='ltr'><strong><em>Judaeorum</em></strong></span> <span class='ocrx_word' id='word_1_562' title='bbox 293 3741 322 3790; x_wconf 91' lang='grc'><strong><em>61</em></strong></span> <span class='ocrx_word' id='word_1_563' title='bbox 348 3734 568 3791; x_wconf 87' lang='lat' dir='ltr'><strong><em>Christianorum</em></strong></span> <span class='ocrx_word' id='word_1_564' title='bbox 596 3735 775 3791; x_wconf 87' lang='lat' dir='ltr'><strong><em>statuendum</em></strong></span> <span class='ocrx_word' id='word_1_565' title='bbox 802 3735 852 3805; x_wconf 90' lang='lat' dir='ltr'><strong><em>sit,</em></strong></span> <span class='ocrx_word' id='word_1_566' title='bbox 885 3753 930 3791; x_wconf 86' lang='lat' dir='ltr'><strong><em>ex·</em></strong></span> <span class='ocrx_word' id='word_1_567' title='bbox 956 3735 1006 3805; x_wconf 86' lang='lat' dir='ltr'><strong><em>pit.</em></strong></span> <span class='ocrx_word' id='word_1_568' title='bbox 1051 3733 1217 3790; x_wconf 90' lang='lat' dir='ltr'><strong><em>Wilhelmus</em></strong></span> <span class='ocrx_word' id='word_1_569' title='bbox 1244 3733 1348 3790; x_wconf 91' lang='lat' dir='ltr'><strong><em>Occam</em></strong></span> <span class='ocrx_word' id='word_1_570' title='bbox 1374 3742 1446 3808; x_wconf 89' lang='lat' dir='ltr'><strong><em>part.</em></strong></span> <span class='ocrx_word' id='word_1_571' title='bbox 1480 3741 1504 3793; x_wconf 88' lang='grc'><strong><em>3.</em></strong></span> <span class='ocrx_word' id='word_1_572' title='bbox 1530 3736 1604 3793; x_wconf 89' lang='lat' dir='ltr'><strong><em>Dial.</em></strong></span> <span class='ocrx_word' id='word_1_573' title='bbox 1631 3743 1741 3794; x_wconf 87' lang='lat' dir='ltr'><strong><em>tractat.</em></strong></span> <span class='ocrx_word' id='word_1_574' title='bbox 1772 3745 1793 3805; x_wconf 93' lang='grc'><strong><em>1,</em></strong></span> 
     </span>
     <span class='ocr_line' id='line_1_41' title="bbox 90 3819 1793 3897; baseline 0.004 -22"><span class='ocrx_word' id='word_1_575' title='bbox 90 3821 234 3896; x_wconf 82' lang='lat' dir='ltr'><strong><em>posuimus</em></strong></span> <span class='ocrx_word' id='word_1_576' title='bbox 267 3819 402 3892; x_wconf 89' lang='lat' dir='ltr'><strong><em>superius.</em></strong></span> <span class='ocrx_word' id='word_1_577' title='bbox 453 3821 515 3876; x_wconf 87' lang='lat' dir='ltr'><strong><em>Hoc</em></strong></span> <span class='ocrx_word' id='word_1_578' title='bbox 554 3821 616 3876; x_wconf 90' lang='lat' dir='ltr'><strong><em>loco</em></strong></span> <span class='ocrx_word' id='word_1_579' title='bbox 648 3820 770 3876; x_wconf 81' lang='lat' dir='ltr'><strong><em>breviter</em></strong></span> <span class='ocrx_word' id='word_1_580' title='bbox 799 3820 929 3875; x_wconf 86' lang='lat' dir='ltr'><strong><em>dicimus:</em></strong></span> <span class='ocrx_word' id='word_1_581' title='bbox 956 3820 1004 3875; x_wconf 93' lang='lat' dir='ltr'><strong><em>lib.</em></strong></span> <span class='ocrx_word' id='word_1_582' title='bbox 1024 3828 1049 3890; x_wconf 80' lang='lat'><strong><em>3,</em></strong></span> <span class='ocrx_word' id='word_1_583' title='bbox 1067 3839 1091 3876; x_wconf 90' lang='grc'><strong><em>6.</em></strong></span> <span class='ocrx_word' id='word_1_584' title='bbox 1111 3825 1150 3876; x_wconf 94' lang='grc'><strong><em>16.</em></strong></span> <span class='ocrx_word' id='word_1_585' title='bbox 1168 3837 1186 3876; x_wconf 89' lang='grc'><strong><em>6</em></strong></span> <span class='ocrx_word' id='word_1_586' title='bbox 1206 3837 1313 3876; x_wconf 88' lang='lat' dir='ltr'><strong><em>canone</em></strong></span> <span class='ocrx_word' id='word_1_587' title='bbox 1329 3821 1380 3877; x_wconf 91' lang='lat' dir='ltr'><strong><em>hos</em></strong></span> <span class='ocrx_word' id='word_1_588' title='bbox 1398 3822 1485 3879; x_wconf 89' lang='lat' dir='ltr'><strong><em>libros</em></strong></span> <span class='ocrx_word' id='word_1_589' title='bbox 1497 3823 1627 3880; x_wconf 88' lang='lat' dir='ltr'><strong><em>excludit.</em></strong></span> <span class='ocrx_word' id='word_1_590' title='bbox 1664 3824 1793 3897; x_wconf 82' lang='lat' dir='ltr'><strong><em>Lyranns</em></strong></span> 
     </span>
    </p>

    <p class='ocr_par' dir='ltr' id='par_1_12' title="bbox 91 3907 1794 4067">
     <span class='ocr_line' id='line_1_42' title="bbox 93 3907 1794 3979; baseline 0 -12"><span class='ocrx_word' id='word_1_591' title='bbox 93 3915 117 3967; x_wconf 89' lang='lat'><strong><em>1.</em></strong></span> <span class='ocrx_word' id='word_1_592' title='bbox 136 3907 268 3963; x_wconf 78' lang='lat' dir='ltr'><strong><em>Ecclesia</em></strong></span> <span class='ocrx_word' id='word_1_593' title='bbox 291 3907 372 3962; x_wconf 80' lang='lat' dir='ltr'><strong><em>natio</em></strong></span> <span class='ocrx_word' id='word_1_594' title='bbox 393 3910 479 3962; x_wconf 86' lang='lat' dir='ltr'><strong><em>modo</em></strong></span> <span class='ocrx_word' id='word_1_595' title='bbox 501 3909 708 3979; x_wconf 74' lang='lat' dir='ltr'><strong><em>potestsaccre</em></strong></span> <span class='ocrx_word' id='word_1_596' title='bbox 727 3907 930 3962; x_wconf 74' lang='grc'><strong>1116666666-</strong></span> <span class='ocrx_word' id='word_1_597' title='bbox 955 3908 985 3962; x_wconf 93' lang='lat' dir='ltr'><strong><em>in</em></strong></span> <span class='ocrx_word' id='word_1_598' title='bbox 1002 3907 1121 3962; x_wconf 78' lang='lat' dir='ltr'><strong><em>Esdram</em></strong></span> <span class='ocrx_word' id='word_1_599' title='bbox 1139 3923 1163 3961; x_wconf 89' lang='lat' dir='ltr'><strong><em>c.</em></strong></span> <span class='ocrx_word' id='word_1_600' title='bbox 1187 3913 1216 3962; x_wconf 89' lang='lat' dir='ltr'><strong><em>l:</em></strong></span> <span class='ocrx_word' id='word_1_601' title='bbox 1254 3909 1319 3961; x_wconf 89' lang='lat' dir='ltr'><strong><em>Non</em></strong></span> <span class='ocrx_word' id='word_1_602' title='bbox 1336 3917 1400 3963; x_wconf 84' lang='lat' dir='ltr'><strong><em>sant</em></strong></span> <span class='ocrx_word' id='word_1_603' title='bbox 1417 3911 1448 3963; x_wconf 84' lang='lat' dir='ltr'><strong><em>in</em></strong></span> <span class='ocrx_word' id='word_1_604' title='bbox 1465 3925 1571 3964; x_wconf 88' lang='lat' dir='ltr'><strong><em>canone</em></strong></span> <span class='ocrx_word' id='word_1_605' title='bbox 1590 3909 1665 3978; x_wconf 87' lang='lat' dir='ltr'><strong><em>(libri</em></strong></span> <span class='ocrx_word' id='word_1_606' title='bbox 1683 3910 1794 3968; x_wconf 85' lang='lat' dir='ltr'><strong><em>Macca-</em></strong></span> 
     </span>
     <span class='ocr_line' id='line_1_43' title="bbox 91 3992 1793 4067; baseline 0.001 -17"><span class='ocrx_word' id='word_1_607' title='bbox 91 3996 185 4050; x_wconf 70' lang='lat' dir='ltr'><strong><em>sam</em></strong></span> <span class='ocrx_word' id='word_1_608' title='bbox 209 3995 246 4047; x_wconf 83' lang='lat' dir='ltr'><strong><em>de</em></strong></span> <span class='ocrx_word' id='word_1_609' title='bbox 269 4012 326 4049; x_wconf 81' lang='lat' dir='ltr'><strong><em>noa</em></strong></span> <span class='ocrx_word' id='word_1_610' title='bbox 350 3995 500 4059; x_wconf 88' lang='lat' dir='ltr'><strong><em>canonico,</em></strong></span> <span class='ocrx_word' id='word_1_611' title='bbox 525 3999 557 4049; x_wconf 86' lang='lat' dir='ltr'><strong><em>ut</em></strong></span> <span class='ocrx_word' id='word_1_612' title='bbox 578 3999 653 4050; x_wconf 86' lang='lat' dir='ltr'><strong><em>recte</em></strong></span> <span class='ocrx_word' id='word_1_613' title='bbox 677 3992 774 4049; x_wconf 85' lang='lat' dir='ltr'><strong><em>scribit</em></strong></span> <span class='ocrx_word' id='word_1_614' title='bbox 799 3993 929 4052; x_wconf 87' lang='lat' dir='ltr'><strong><em>Ballarm.</em></strong></span> <span class='ocrx_word' id='word_1_615' title='bbox 956 3993 1102 4063; x_wconf 86' lang='lat' dir='ltr'><strong><em>bacarum)</em></strong></span> <span class='ocrx_word' id='word_1_616' title='bbox 1119 4009 1169 4047; x_wconf 90' lang='lat' dir='ltr'><strong><em>nec</em></strong></span> <span class='ocrx_word' id='word_1_617' title='bbox 1187 3995 1268 4064; x_wconf 83' lang='lat' dir='ltr'><strong><em>epod</em></strong></span> <span class='ocrx_word' id='word_1_618' title='bbox 1286 3994 1423 4065; x_wconf 81' lang='lat' dir='ltr'><strong><em>Judaeos,</em></strong></span> <span class='ocrx_word' id='word_1_619' title='bbox 1441 4013 1491 4050; x_wconf 89' lang='lat' dir='ltr'><strong><em>nec</em></strong></span> <span class='ocrx_word' id='word_1_620' title='bbox 1509 3999 1589 4067; x_wconf 78' lang='lat' dir='ltr'><strong><em>apssd</em></strong></span> <span class='ocrx_word' id='word_1_621' title='bbox 1607 3998 1793 4054; x_wconf 72' lang='lat' dir='ltr'><strong><em>Christianos.</em></strong></span> 
     </span>
    </p>

    <p class='ocr_par' dir='ltr' id='par_1_13' title="bbox 90 4077 1795 4163">
     <span class='ocr_line' id='line_1_44' title="bbox 90 4077 1795 4163; baseline 0.001 -25"><span class='ocrx_word' id='word_1_622' title='bbox 90 4081 141 4138; x_wconf 83' lang='lat' dir='ltr'><strong><em>hb.</em></strong></span> <span class='ocrx_word' id='word_1_623' title='bbox 170 4087 179 4138; x_wconf 91' lang='grc'><strong><em>1</em></strong></span> <span class='ocrx_word' id='word_1_624' title='bbox 206 4079 242 4137; x_wconf 88' lang='grc'><strong><em>16</em></strong></span> <span class='ocrx_word' id='word_1_625' title='bbox 267 4080 353 4137; x_wconf 86' lang='lat' dir='ltr'><strong><em>rarho</em></strong></span> <span class='ocrx_word' id='word_1_626' title='bbox 377 4080 432 4136; x_wconf 88' lang='lat' dir='ltr'><strong><em>Dei</em></strong></span> <span class='ocrx_word' id='word_1_627' title='bbox 454 4097 478 4135; x_wconf 93' lang='grc'><strong><em>6.</em></strong></span> <span class='ocrx_word' id='word_1_628' title='bbox 504 4086 542 4137; x_wconf 88' lang='grc'><strong><em>16.</em></strong></span> <span class='ocrx_word' id='word_1_629' title='bbox 567 4077 595 4155; x_wconf 62' lang='grc' dir='ltr'><strong>ξ.</strong></span> <span class='ocrx_word' id='word_1_630' title='bbox 613 4082 723 4151; x_wconf 66' lang='lat' dir='ltr'><strong><em>Itomae.</em></strong></span> <span class='ocrx_word' id='word_1_631' title='bbox 766 4085 790 4135; x_wconf 86' lang='grc'><strong><em>2.</em></strong></span> <span class='ocrx_word' id='word_1_632' title='bbox 810 4080 851 4137; x_wconf 93' lang='lat' dir='ltr'><strong><em>Ut</em></strong></span> <span class='ocrx_word' id='word_1_633' title='bbox 874 4097 930 4136; x_wconf 90' lang='lat' dir='ltr'><strong><em>una</em></strong></span> <span class='ocrx_word' id='word_1_634' title='bbox 957 4080 1036 4135; x_wconf 90' lang='lat' dir='ltr'><strong><em>Idem</em></strong></span> <span class='ocrx_word' id='word_1_635' title='bbox 1062 4078 1169 4135; x_wconf 83' lang='lat' dir='ltr'><strong><em>fatetur</em></strong></span> <span class='ocrx_word' id='word_1_636' title='bbox 1196 4098 1252 4134; x_wconf 89' lang='lat' dir='ltr'><strong><em>non</em></strong></span> <span class='ocrx_word' id='word_1_637' title='bbox 1275 4098 1358 4149; x_wconf 85' lang='lat' dir='ltr'><strong><em>posse</em></strong></span> <span class='ocrx_word' id='word_1_638' title='bbox 1388 4082 1539 4136; x_wconf 83' lang='lat' dir='ltr'><strong><em>conciliari</em></strong></span> <span class='ocrx_word' id='word_1_639' title='bbox 1567 4102 1629 4138; x_wconf 83' lang='lat' dir='ltr'><strong><em>cam</em></strong></span> <span class='ocrx_word' id='word_1_640' title='bbox 1658 4086 1795 4163; x_wconf 83' lang='lat' dir='ltr'><strong><em>canonica</em></strong></span> 
     </span>
    </p>

    <p class='ocr_par' dir='ltr' id='par_1_14' title="bbox 91 4165 1794 4327">
     <span class='ocr_line' id='line_1_45' title="bbox 91 4165 1794 4237; baseline -0.001 -12"><span class='ocrx_word' id='word_1_641' title='bbox 91 4174 137 4225; x_wconf 87' lang='lat' dir='ltr'><strong><em>est</em></strong></span> <span class='ocrx_word' id='word_1_642' title='bbox 160 4166 279 4224; x_wconf 83' lang='grc'><strong>66616616</strong></span> <span class='ocrx_word' id='word_1_643' title='bbox 294 4166 329 4223; x_wconf 87' lang='lat' dir='ltr'><strong><em>V.</em></strong></span> <span class='ocrx_word' id='word_1_644' title='bbox 353 4172 382 4222; x_wconf 89' lang='lat' dir='ltr'><strong><em>et</em></strong></span> <span class='ocrx_word' id='word_1_645' title='bbox 397 4166 433 4224; x_wconf 89' lang='lat' dir='ltr'><strong><em>N.</em></strong></span> <span class='ocrx_word' id='word_1_646' title='bbox 454 4167 487 4221; x_wconf 84' lang='lat' dir='ltr'><strong><em>T.</em></strong></span> <span class='ocrx_word' id='word_1_647' title='bbox 506 4167 546 4222; x_wconf 88' lang='lat' dir='ltr'><strong><em>ita</em></strong></span> <span class='ocrx_word' id='word_1_648' title='bbox 567 4183 677 4237; x_wconf 89' lang='lat' dir='ltr'><strong><em>quoque</em></strong></span> <span class='ocrx_word' id='word_1_649' title='bbox 695 4182 782 4221; x_wconf 87' lang='lat' dir='ltr'><strong><em>unum</em></strong></span> <span class='ocrx_word' id='word_1_650' title='bbox 799 4165 929 4221; x_wconf 90' lang='lat' dir='ltr'><strong><em>eundem·</em></strong></span> <span class='ocrx_word' id='word_1_651' title='bbox 959 4167 1121 4237; x_wconf 63' lang='lat' dir='ltr'><strong><em>Scriptura,</em></strong></span> <span class='ocrx_word' id='word_1_652' title='bbox 1147 4182 1218 4235; x_wconf 77' lang='grc'><strong>6666</strong></span> <span class='ocrx_word' id='word_1_653' title='bbox 1244 4166 1380 4221; x_wconf 75' lang='lat' dir='ltr'><strong><em>habentor</em></strong></span> <span class='ocrx_word' id='word_1_654' title='bbox 1405 4167 1535 4225; x_wconf 80' lang='grc'><strong>211666.</strong></span> <span class='ocrx_word' id='word_1_655' title='bbox 1556 4175 1580 4226; x_wconf 87' lang='grc'><strong><em>2.</em></strong></span> <span class='ocrx_word' id='word_1_656' title='bbox 1619 4169 1735 4226; x_wconf 82' lang='lat' dir='ltr'><strong><em>Carolus</em></strong></span> <span class='ocrx_word' id='word_1_657' title='bbox 1753 4169 1794 4229; x_wconf 83' lang='lat' dir='ltr'><strong><em>Si·</em></strong></span> 
     </span>
     <span class='ocr_line' id='line_1_46' title="bbox 91 4250 1794 4327; baseline 0.001 -17"><span class='ocrx_word' id='word_1_658' title='bbox 91 4271 150 4327; x_wconf 85' lang='lat' dir='ltr'><strong><em>que</em></strong></span> <span class='ocrx_word' id='word_1_659' title='bbox 167 4259 277 4324; x_wconf 85' lang='lat' dir='ltr'><strong><em>oportet</em></strong></span> <span class='ocrx_word' id='word_1_660' title='bbox 294 4270 355 4309; x_wconf 90' lang='lat' dir='ltr'><strong><em>esse</em></strong></span> <span class='ocrx_word' id='word_1_661' title='bbox 373 4269 507 4308; x_wconf 77' lang='grc'><strong>66666661</strong></span> <span class='ocrx_word' id='word_1_662' title='bbox 526 4251 660 4308; x_wconf 90' lang='lat' dir='ltr'><strong><em>librorum</em></strong></span> <span class='ocrx_word' id='word_1_663' title='bbox 676 4252 712 4309; x_wconf 89' lang='lat' dir='ltr'><strong><em>V.</em></strong></span> <span class='ocrx_word' id='word_1_664' title='bbox 730 4251 764 4307; x_wconf 82' lang='lat' dir='ltr'><strong><em>T.</em></strong></span> <span class='ocrx_word' id='word_1_665' title='bbox 784 4256 813 4306; x_wconf 88' lang='grc'><strong><em>61</em></strong></span> <span class='ocrx_word' id='word_1_666' title='bbox 829 4250 931 4306; x_wconf 80' lang='lat' dir='ltr'><strong><em>veteris</em></strong></span> <span class='ocrx_word' id='word_1_667' title='bbox 956 4252 1057 4324; x_wconf 87' lang='lat' dir='ltr'><strong><em>gonius</em></strong></span> <span class='ocrx_word' id='word_1_668' title='bbox 1076 4252 1105 4306; x_wconf 89' lang='lat' dir='ltr'><strong><em>in</em></strong></span> <span class='ocrx_word' id='word_1_669' title='bbox 1124 4267 1224 4306; x_wconf 88' lang='lat' dir='ltr'><strong><em>comm.</em></strong></span> <span class='ocrx_word' id='word_1_670' title='bbox 1243 4251 1273 4306; x_wconf 91' lang='lat' dir='ltr'><strong><em>in</em></strong></span> <span class='ocrx_word' id='word_1_671' title='bbox 1290 4251 1421 4309; x_wconf 79' lang='lat' dir='ltr'><strong><em>Severum</em></strong></span> <span class='ocrx_word' id='word_1_672' title='bbox 1440 4253 1599 4325; x_wconf 76' lang='lat' dir='ltr'><strong><em>sulpitium,</em></strong></span> <span class='ocrx_word' id='word_1_673' title='bbox 1616 4255 1701 4310; x_wconf 90' lang='lat' dir='ltr'><strong><em>libros</em></strong></span> <span class='ocrx_word' id='word_1_674' title='bbox 1719 4255 1794 4311; x_wconf 86' lang='lat' dir='ltr'><strong><em>Mac·</em></strong></span> 
     </span>
    </p>

    <p class='ocr_par' dir='ltr' id='par_1_15' title="bbox 92 4336 1796 4409">
     <span class='ocr_line' id='line_1_47' title="bbox 92 4336 1796 4409; baseline -0.001 -11"><span class='ocrx_word' id='word_1_675' title='bbox 92 4346 122 4398; x_wconf 83' lang='lat' dir='ltr'><strong><em>st</em></strong></span> <span class='ocrx_word' id='word_1_676' title='bbox 138 4354 229 4394; x_wconf 84' lang='lat' dir='ltr'><strong><em>norae</em></strong></span> <span class='ocrx_word' id='word_1_677' title='bbox 245 4337 378 4393; x_wconf 82' lang='grc'><strong>666166166</strong></span> <span class='ocrx_word' id='word_1_678' title='bbox 394 4338 516 4409; x_wconf 88' lang='lat' dir='ltr'><strong><em>jndicio,</em></strong></span> <span class='ocrx_word' id='word_1_679' title='bbox 539 4354 604 4393; x_wconf 90' lang='lat' dir='ltr'><strong><em>nam</em></strong></span> <span class='ocrx_word' id='word_1_680' title='bbox 620 4337 741 4409; x_wconf 90' lang='lat' dir='ltr'><strong><em>populus</em></strong></span> <span class='ocrx_word' id='word_1_681' title='bbox 758 4336 931 4393; x_wconf 82' lang='lat' dir='ltr'><strong><em>Christianus</em></strong></span> <span class='ocrx_word' id='word_1_682' title='bbox 957 4337 1124 4395; x_wconf 88' lang='lat' dir='ltr'><strong><em>cabacorum</em></strong></span> <span class='ocrx_word' id='word_1_683' title='bbox 1149 4343 1263 4408; x_wconf 88' lang='lat' dir='ltr'><strong><em>propter</em></strong></span> <span class='ocrx_word' id='word_1_684' title='bbox 1288 4338 1489 4395; x_wconf 87' lang='lat' dir='ltr'><strong><em>dissonantiam</em></strong></span> <span class='ocrx_word' id='word_1_685' title='bbox 1512 4357 1528 4396; x_wconf 91' lang='lat' dir='ltr'><strong><em>e</em></strong></span> <span class='ocrx_word' id='word_1_686' title='bbox 1554 4340 1694 4396; x_wconf 90' lang='lat' dir='ltr'><strong><em>canonicis</em></strong></span> <span class='ocrx_word' id='word_1_687' title='bbox 1718 4341 1796 4397; x_wconf 88' lang='lat' dir='ltr'><strong><em>libris</em></strong></span> 
     </span>
    </p>

    <p class='ocr_par' dir='ltr' id='par_1_16' title="bbox 90 4421 1797 4844">
     <span class='ocr_line' id='line_1_48' title="bbox 92 4421 1795 4498; baseline 0.002 -18"><span class='ocrx_word' id='word_1_688' title='bbox 92 4441 111 4480; x_wconf 85' lang='lat' dir='ltr'><strong><em>a</em></strong></span> <span class='ocrx_word' id='word_1_689' title='bbox 132 4423 238 4497; x_wconf 88' lang='lat' dir='ltr'><strong><em>populo</em></strong></span> <span class='ocrx_word' id='word_1_690' title='bbox 253 4423 409 4478; x_wconf 74' lang='grc'><strong>1661111166</strong></span> <span class='ocrx_word' id='word_1_691' title='bbox 426 4438 560 4480; x_wconf 87' lang='lat' dir='ltr'><strong><em>canonem</em></strong></span> <span class='ocrx_word' id='word_1_692' title='bbox 577 4425 613 4480; x_wconf 88' lang='lat' dir='ltr'><strong><em>V.</em></strong></span> <span class='ocrx_word' id='word_1_693' title='bbox 631 4423 665 4480; x_wconf 84' lang='lat' dir='ltr'><strong><em>T.</em></strong></span> <span class='ocrx_word' id='word_1_694' title='bbox 685 4421 796 4494; x_wconf 83' lang='lat' dir='ltr'><strong><em>accipit</em></strong></span> <span class='ocrx_word' id='word_1_695' title='bbox 832 4429 857 4487; x_wconf 81' lang='lat'><strong><em>3.</em></strong></span> <span class='ocrx_word' id='word_1_696' title='bbox 874 4422 931 4478; x_wconf 81' lang='lat' dir='ltr'><strong><em>Do</em></strong></span> <span class='ocrx_word' id='word_1_697' title='bbox 956 4422 1062 4495; x_wconf 67' lang='grc'><strong>6611611,</strong></span> <span class='ocrx_word' id='word_1_698' title='bbox 1085 4430 1114 4479; x_wconf 85' lang='grc'><strong><em>61</em></strong></span> <span class='ocrx_word' id='word_1_699' title='bbox 1131 4423 1273 4479; x_wconf 71' lang='lat' dir='ltr'><strong><em>cunnum</em></strong></span> <span class='ocrx_word' id='word_1_700' title='bbox 1292 4423 1455 4481; x_wconf 88' lang='lat' dir='ltr'><strong><em>historicum</em></strong></span> <span class='ocrx_word' id='word_1_701' title='bbox 1478 4426 1534 4480; x_wconf 90' lang='lat' dir='ltr'><strong><em>illis</em></strong></span> <span class='ocrx_word' id='word_1_702' title='bbox 1557 4426 1697 4498; x_wconf 81' lang='lat' dir='ltr'><strong><em>praeferre</em></strong></span> <span class='ocrx_word' id='word_1_703' title='bbox 1720 4428 1795 4484; x_wconf 86' lang='lat' dir='ltr'><strong><em>ride·</em></strong></span> 
     </span>
     <span class='ocr_line' id='line_1_49' title="bbox 91 4507 1796 4583; baseline 0.004 -17"><span class='ocrx_word' id='word_1_704' title='bbox 91 4515 184 4566; x_wconf 73' lang='grc'><strong>616661</strong></span> <span class='ocrx_word' id='word_1_705' title='bbox 202 4508 336 4583; x_wconf 84' lang='lat' dir='ltr'><strong><em>ecclesiae</em></strong></span> <span class='ocrx_word' id='word_1_706' title='bbox 353 4507 527 4563; x_wconf 82' lang='lat' dir='ltr'><strong><em>Christianae</em></strong></span> <span class='ocrx_word' id='word_1_707' title='bbox 542 4509 701 4579; x_wconf 81' lang='lat' dir='ltr'><strong><em>primitivae</em></strong></span> <span class='ocrx_word' id='word_1_708' title='bbox 717 4523 774 4562; x_wconf 94' lang='lat' dir='ltr'><strong><em>non</em></strong></span> <span class='ocrx_word' id='word_1_709' title='bbox 792 4508 881 4563; x_wconf 87' lang='lat' dir='ltr'><strong><em>solnm</em></strong></span> <span class='ocrx_word' id='word_1_710' title='bbox 898 4525 932 4564; x_wconf 87' lang='lat' dir='ltr'><strong><em>ex</em></strong></span> <span class='ocrx_word' id='word_1_711' title='bbox 957 4516 1008 4565; x_wconf 88' lang='lat' dir='ltr'><strong><em>tur.</em></strong></span> <span class='ocrx_word' id='word_1_712' title='bbox 1037 4508 1197 4567; x_wconf 87' lang='lat' dir='ltr'><strong><em>Bellnrmin.</em></strong></span> <span class='ocrx_word' id='word_1_713' title='bbox 1223 4509 1272 4565; x_wconf 89' lang='lat' dir='ltr'><strong><em>lib.</em></strong></span> <span class='ocrx_word' id='word_1_714' title='bbox 1294 4516 1314 4566; x_wconf 93' lang='grc'><strong><em>1.</em></strong></span> <span class='ocrx_word' id='word_1_715' title='bbox 1339 4510 1374 4566; x_wconf 87' lang='grc'><strong><em>16</em></strong></span> <span class='ocrx_word' id='word_1_716' title='bbox 1393 4512 1478 4568; x_wconf 82' lang='lat' dir='ltr'><strong><em>verbo</em></strong></span> <span class='ocrx_word' id='word_1_717' title='bbox 1497 4512 1550 4569; x_wconf 88' lang='lat' dir='ltr'><strong><em>Dei</em></strong></span> <span class='ocrx_word' id='word_1_718' title='bbox 1573 4529 1596 4568; x_wconf 93' lang='grc'><strong><em>6.</em></strong></span> <span class='ocrx_word' id='word_1_719' title='bbox 1624 4519 1653 4569; x_wconf 83' lang='grc'><strong><em>17</em></strong></span> <span class='ocrx_word' id='word_1_720' title='bbox 1681 4513 1749 4571; x_wconf 88' lang='grc'><strong>61161</strong></span> <span class='ocrx_word' id='word_1_721' title='bbox 1768 4520 1796 4572; x_wconf 86' lang='grc'><strong><em>61</em></strong></span> 
     </span>
     <span class='ocr_line' id='line_1_50' title="bbox 91 4593 1796 4673; baseline 0.003 -20"><span class='ocrx_word' id='word_1_722' title='bbox 91 4611 202 4653; x_wconf 75' lang='lat' dir='ltr'><strong><em>cnunc</em></strong></span> <span class='ocrx_word' id='word_1_723' title='bbox 223 4594 405 4661; x_wconf 75' lang='lat' dir='ltr'><strong><em>iudaeorum,</em></strong></span> <span class='ocrx_word' id='word_1_724' title='bbox 437 4593 487 4649; x_wconf 88' lang='lat' dir='ltr'><strong><em>sed</em></strong></span> <span class='ocrx_word' id='word_1_725' title='bbox 512 4593 595 4649; x_wconf 76' lang='grc'><strong>611666</strong></span> <span class='ocrx_word' id='word_1_726' title='bbox 620 4593 852 4665; x_wconf 89' lang='lat' dir='ltr'><strong><em>Christianorum,</em></strong></span> <span class='ocrx_word' id='word_1_727' title='bbox 882 4595 933 4651; x_wconf 91' lang='lat' dir='ltr'><strong><em>hos</em></strong></span> <span class='ocrx_word' id='word_1_728' title='bbox 958 4595 1096 4667; x_wconf 90' lang='lat' dir='ltr'><strong><em>approbat</em></strong></span> <span class='ocrx_word' id='word_1_729' title='bbox 1118 4596 1284 4652; x_wconf 86' lang='lat' dir='ltr'><strong><em>sententiam</em></strong></span> <span class='ocrx_word' id='word_1_730' title='bbox 1309 4597 1426 4668; x_wconf 78' lang='grc'><strong>1666611</strong></span> <span class='ocrx_word' id='word_1_731' title='bbox 1449 4598 1496 4655; x_wconf 92' lang='lat' dir='ltr'><strong><em>lib.</em></strong></span> <span class='ocrx_word' id='word_1_732' title='bbox 1525 4605 1545 4656; x_wconf 92' lang='grc'><strong><em>1.</em></strong></span> <span class='ocrx_word' id='word_1_733' title='bbox 1574 4603 1670 4656; x_wconf 75' lang='lat' dir='ltr'><strong><em>conus</em></strong></span> <span class='ocrx_word' id='word_1_734' title='bbox 1694 4600 1796 4673; x_wconf 82' lang='lat' dir='ltr'><strong><em>Apion.</em></strong></span> 
     </span>
     <span class='ocr_line' id='line_1_51' title="bbox 90 4679 1797 4753; baseline 0.003 -14"><span class='ocrx_word' id='word_1_735' title='bbox 90 4683 180 4739; x_wconf 87' lang='lat' dir='ltr'><strong><em>libros</em></strong></span> <span class='ocrx_word' id='word_1_736' title='bbox 213 4681 377 4749; x_wconf 78' lang='lat' dir='ltr'><strong><em>excludunt,</em></strong></span> <span class='ocrx_word' id='word_1_737' title='bbox 418 4686 450 4735; x_wconf 88' lang='lat' dir='ltr'><strong><em>ut</em></strong></span> <span class='ocrx_word' id='word_1_738' title='bbox 484 4679 511 4734; x_wconf 92' lang='lat' dir='ltr'><strong><em>d.</em></strong></span> <span class='ocrx_word' id='word_1_739' title='bbox 545 4680 563 4734; x_wconf 91' lang='lat' dir='ltr'><strong><em>l.</em></strong></span> <span class='ocrx_word' id='word_1_740' title='bbox 598 4680 776 4737; x_wconf 79' lang='lat' dir='ltr'><strong><em>manifestum</em></strong></span> <span class='ocrx_word' id='word_1_741' title='bbox 810 4680 933 4737; x_wconf 77' lang='lat' dir='ltr'><strong><em>fecimus</em></strong></span> <span class='ocrx_word' id='word_1_742' title='bbox 958 4685 1024 4738; x_wconf 91' lang='lat' dir='ltr'><strong><em>Non</em></strong></span> <span class='ocrx_word' id='word_1_743' title='bbox 1048 4682 1148 4736; x_wconf 74' lang='lat' dir='ltr'><strong><em>haberi</em></strong></span> <span class='ocrx_word' id='word_1_744' title='bbox 1173 4685 1253 4753; x_wconf 82' lang='lat' dir='ltr'><strong><em>apud</em></strong></span> <span class='ocrx_word' id='word_1_745' title='bbox 1276 4685 1422 4738; x_wconf 79' lang='lat' dir='ltr'><strong><em>Hebraeos</em></strong></span> <span class='ocrx_word' id='word_1_746' title='bbox 1447 4685 1478 4738; x_wconf 89' lang='lat' dir='ltr'><strong><em>in</em></strong></span> <span class='ocrx_word' id='word_1_747' title='bbox 1503 4702 1609 4741; x_wconf 88' lang='lat' dir='ltr'><strong><em>canone</em></strong></span> <span class='ocrx_word' id='word_1_748' title='bbox 1634 4696 1797 4744; x_wconf 74' lang='grc'><strong>6666166666</strong></span> 
     </span>
     <span class='ocr_line' id='line_1_52' title="bbox 91 4765 1796 4844; baseline 0.004 -21"><span class='ocrx_word' id='word_1_749' title='bbox 91 4766 233 4843; x_wconf 78' lang='lat' dir='ltr'><strong><em>Agnoscit</em></strong></span> <span class='ocrx_word' id='word_1_750' title='bbox 261 4767 328 4836; x_wconf 87' lang='lat' dir='ltr'><strong><em>hoc,</em></strong></span> <span class='ocrx_word' id='word_1_751' title='bbox 362 4767 453 4837; x_wconf 83' lang='lat' dir='ltr'><strong><em>quoad</em></strong></span> <span class='ocrx_word' id='word_1_752' title='bbox 481 4765 683 4837; x_wconf 81' lang='lat' dir='ltr'><strong><em>Hieronymum</em></strong></span> <span class='ocrx_word' id='word_1_753' title='bbox 707 4766 768 4838; x_wconf 90' lang='lat' dir='ltr'><strong><em>ipse</em></strong></span> <span class='ocrx_word' id='word_1_754' title='bbox 789 4767 933 4823; x_wconf 85' lang='lat' dir='ltr'><strong><em>Bellarmi·</em></strong></span> <span class='ocrx_word' id='word_1_755' title='bbox 960 4770 1172 4841; x_wconf 66' lang='lat' dir='ltr'><strong><em>smpmramm</em></strong></span> <span class='ocrx_word' id='word_1_756' title='bbox 1190 4786 1237 4823; x_wconf 88' lang='lat' dir='ltr'><strong><em>eos</em></strong></span> <span class='ocrx_word' id='word_1_757' title='bbox 1255 4770 1350 4834; x_wconf 81' lang='lat' dir='ltr'><strong><em>libros,</em></strong></span> <span class='ocrx_word' id='word_1_758' title='bbox 1369 4771 1420 4841; x_wconf 79' lang='lat' dir='ltr'><strong><em>qni</em></strong></span> <span class='ocrx_word' id='word_1_759' title='bbox 1430 4779 1497 4841; x_wconf 81' lang='lat' dir='ltr'><strong><em>post</em></strong></span> <span class='ocrx_word' id='word_1_760' title='bbox 1516 4781 1644 4844; x_wconf 80' lang='lat' dir='ltr'><strong><em>temporo</em></strong></span> <span class='ocrx_word' id='word_1_761' title='bbox 1663 4776 1796 4830; x_wconf 74' lang='lat' dir='ltr'><strong><em>Arnea-</em></strong></span> 
     </span>
    </p>
   </div>
   <div class='ocr_carea' id='block_1_6' title="bbox 58 4852 1796 4932">
    <p class='ocr_par' dir='ltr' id='par_1_17' title="bbox 58 4852 1796 4932">
     <span class='ocr_line' id='line_1_53' title="bbox 58 4852 1796 4932; baseline 0.003 -20"><span class='ocrx_word' id='word_1_762' title='bbox 58 4908 67 4921; x_wconf 84' lang='lat'><strong><em>,</em></strong></span> <span class='ocrx_word' id='word_1_763' title='bbox 92 4872 148 4912; x_wconf 85' lang='lat' dir='ltr'><strong><em>nus</em></strong></span> <span class='ocrx_word' id='word_1_764' title='bbox 171 4855 199 4912; x_wconf 89' lang='grc'><strong><em>1.</em></strong></span> <span class='ocrx_word' id='word_1_765' title='bbox 225 4853 245 4911; x_wconf 88' lang='lat' dir='ltr'><strong><em>l.</em></strong></span> <span class='ocrx_word' id='word_1_766' title='bbox 286 4860 310 4910; x_wconf 83' lang='lat' dir='ltr'><strong><em>t.</em></strong></span> <span class='ocrx_word' id='word_1_767' title='bbox 328 4852 448 4920; x_wconf 82' lang='lat' dir='ltr'><strong><em>Quando</em></strong></span> <span class='ocrx_word' id='word_1_768' title='bbox 465 4852 639 4925; x_wconf 82' lang='lat' dir='ltr'><strong><em>Augustinus</em></strong></span> <span class='ocrx_word' id='word_1_769' title='bbox 664 4857 693 4908; x_wconf 82' lang='lat' dir='ltr'><strong><em>et</em></strong></span> <span class='ocrx_word' id='word_1_770' title='bbox 713 4853 797 4925; x_wconf 81' lang='lat' dir='ltr'><strong><em>pauci</em></strong></span> <span class='ocrx_word' id='word_1_771' title='bbox 819 4854 933 4926; x_wconf 87' lang='lat' dir='ltr'><strong><em>quidam</em></strong></span> <span class='ocrx_word' id='word_1_772' title='bbox 958 4857 1003 4911; x_wconf 79' lang='lat' dir='ltr'><strong><em>cis</em></strong></span> <span class='ocrx_word' id='word_1_773' title='bbox 1015 4855 1186 4925; x_wconf 77' lang='lat' dir='ltr'><strong><em>Longimani</em></strong></span> <span class='ocrx_word' id='word_1_774' title='bbox 1194 4855 1296 4926; x_wconf 73' lang='lat' dir='ltr'><strong><em>scripti</em></strong></span> <span class='ocrx_word' id='word_1_775' title='bbox 1312 4864 1382 4927; x_wconf 79' lang='grc'><strong>6661,</strong></span> <span class='ocrx_word' id='word_1_776' title='bbox 1400 4864 1426 4911; x_wconf 84' lang='grc'><strong><em>61</em></strong></span> <span class='ocrx_word' id='word_1_777' title='bbox 1444 4859 1536 4928; x_wconf 76' lang='lat' dir='ltr'><strong><em>addat,</em></strong></span> <span class='ocrx_word' id='word_1_778' title='bbox 1554 4860 1694 4932; x_wconf 77' lang='grc'><strong>61661166</strong></span> <span class='ocrx_word' id='word_1_779' title='bbox 1711 4862 1796 4918; x_wconf 80' lang='lat' dir='ltr'><strong><em>libre·</em></strong></span> 
     </span>
    </p>
   </div>
   <div class='ocr_carea' id='block_1_7' title="bbox 87 4937 1940 5626">
    <p class='ocr_par' dir='ltr' id='par_1_18' title="bbox 92 4937 1798 5018">
     <span class='ocr_line' id='line_1_54' title="bbox 92 4937 1798 5018; baseline 0.002 -19"><span class='ocrx_word' id='word_1_780' title='bbox 92 4940 143 4999; x_wconf 83' lang='lat' dir='ltr'><strong><em>slii</em></strong></span> <span class='ocrx_word' id='word_1_781' title='bbox 165 4939 217 4996; x_wconf 90' lang='lat' dir='ltr'><strong><em>bos</em></strong></span> <span class='ocrx_word' id='word_1_782' title='bbox 239 4937 325 4995; x_wconf 78' lang='lat' dir='ltr'><strong><em>libros</em></strong></span> <span class='ocrx_word' id='word_1_783' title='bbox 346 4943 450 4994; x_wconf 80' lang='lat' dir='ltr'><strong><em>vocent</em></strong></span> <span class='ocrx_word' id='word_1_784' title='bbox 469 4938 631 5007; x_wconf 86' lang='lat' dir='ltr'><strong><em>canonicos,</em></strong></span> <span class='ocrx_word' id='word_1_785' title='bbox 655 4944 716 4994; x_wconf 87' lang='lat' dir='ltr'><strong><em>tum</em></strong></span> <span class='ocrx_word' id='word_1_786' title='bbox 731 4956 834 4996; x_wconf 91' lang='lat' dir='ltr'><strong><em>nomen</em></strong></span> <span class='ocrx_word' id='word_1_787' title='bbox 851 4957 933 4996; x_wconf 81' lang='lat' dir='ltr'><strong><em>cano</em></strong></span> <span class='ocrx_word' id='word_1_788' title='bbox 957 4961 1020 4997; x_wconf 79' lang='lat' dir='ltr'><strong><em>ram</em></strong></span> <span class='ocrx_word' id='word_1_789' title='bbox 1046 4959 1191 4996; x_wconf 68' lang='lat' dir='ltr'><strong><em>samonam</em></strong></span> <span class='ocrx_word' id='word_1_790' title='bbox 1218 4958 1352 4997; x_wconf 87' lang='lat' dir='ltr'><strong><em>cononem</em></strong></span> <span class='ocrx_word' id='word_1_791' title='bbox 1379 4943 1493 4997; x_wconf 75' lang='lat' dir='ltr'><strong><em>Eodem</em></strong></span> <span class='ocrx_word' id='word_1_792' title='bbox 1519 4948 1688 5018; x_wconf 82' lang='lat' dir='ltr'><strong><em>composuit,</em></strong></span> <span class='ocrx_word' id='word_1_793' title='bbox 1716 4948 1798 5018; x_wconf 81' lang='lat' dir='ltr'><strong><em>cajus</em></strong></span> 
     </span>
    </p>

    <p class='ocr_par' dir='ltr' id='par_1_19' title="bbox 91 5022 1798 5101">
     <span class='ocr_line' id='line_1_55' title="bbox 91 5022 1798 5101; baseline 0.002 -17"><span class='ocrx_word' id='word_1_794' title='bbox 91 5028 150 5084; x_wconf 80' lang='lat' dir='ltr'><strong><em>niel</em></strong></span> <span class='ocrx_word' id='word_1_795' title='bbox 175 5031 289 5082; x_wconf 75' lang='lat' dir='ltr'><strong><em>sumum</em></strong></span> <span class='ocrx_word' id='word_1_796' title='bbox 309 5024 338 5079; x_wconf 93' lang='lat' dir='ltr'><strong><em>in</em></strong></span> <span class='ocrx_word' id='word_1_797' title='bbox 360 5023 563 5097; x_wconf 85' lang='lat' dir='ltr'><strong><em>significatione</em></strong></span> <span class='ocrx_word' id='word_1_798' title='bbox 588 5024 687 5079; x_wconf 83' lang='lat' dir='ltr'><strong><em>latiore</em></strong></span> <span class='ocrx_word' id='word_1_799' title='bbox 712 5041 764 5097; x_wconf 85' lang='lat' dir='ltr'><strong><em>pro</em></strong></span> <span class='ocrx_word' id='word_1_800' title='bbox 786 5026 858 5083; x_wconf 92' lang='lat' dir='ltr'><strong><em>libro</em></strong></span> <span class='ocrx_word' id='word_1_801' title='bbox 877 5045 933 5084; x_wconf 92' lang='lat' dir='ltr'><strong><em>non</em></strong></span> <span class='ocrx_word' id='word_1_802' title='bbox 957 5030 1016 5083; x_wconf 83' lang='lat' dir='ltr'><strong><em>etta</em></strong></span> <span class='ocrx_word' id='word_1_803' title='bbox 1046 5028 1203 5082; x_wconf 65' lang='lat' dir='ltr'><strong><em>emendicas</em></strong></span> <span class='ocrx_word' id='word_1_804' title='bbox 1238 5030 1316 5084; x_wconf 82' lang='lat' dir='ltr'><strong><em>altra</em></strong></span> <span class='ocrx_word' id='word_1_805' title='bbox 1347 5036 1474 5101; x_wconf 77' lang='lat' dir='ltr'><strong><em>tempora</em></strong></span> <span class='ocrx_word' id='word_1_806' title='bbox 1503 5031 1680 5101; x_wconf 75' lang='lat' dir='ltr'><strong><em>Longimani.</em></strong></span> <span class='ocrx_word' id='word_1_807' title='bbox 1723 5022 1798 5091; x_wconf 69' lang='lat' dir='ltr'><strong><em>&#39;Jans</em></strong></span> 
     </span>
    </p>

    <p class='ocr_par' dir='ltr' id='par_1_20' title="bbox 91 5110 1797 5194">
     <span class='ocr_line' id='line_1_56' title="bbox 91 5110 1797 5194; baseline 0.005 -27"><span class='ocrx_word' id='word_1_808' title='bbox 91 5114 179 5188; x_wconf 79' lang='lat' dir='ltr'><strong><em>plane</em></strong></span> <span class='ocrx_word' id='word_1_809' title='bbox 204 5114 322 5184; x_wconf 79' lang='lat' dir='ltr'><strong><em>reiecto,</em></strong></span> <span class='ocrx_word' id='word_1_810' title='bbox 348 5111 397 5166; x_wconf 91' lang='lat' dir='ltr'><strong><em>sed</em></strong></span> <span class='ocrx_word' id='word_1_811' title='bbox 424 5110 472 5180; x_wconf 88' lang='lat' dir='ltr'><strong><em>qui</em></strong></span> <span class='ocrx_word' id='word_1_812' title='bbox 498 5110 527 5165; x_wconf 92' lang='lat' dir='ltr'><strong><em>in</em></strong></span> <span class='ocrx_word' id='word_1_813' title='bbox 553 5110 672 5166; x_wconf 85' lang='grc'><strong>66616616</strong></span> <span class='ocrx_word' id='word_1_814' title='bbox 695 5112 753 5184; x_wconf 87' lang='lat' dir='ltr'><strong><em>legi</em></strong></span> <span class='ocrx_word' id='word_1_815' title='bbox 777 5113 867 5184; x_wconf 89' lang='grc'><strong>666611</strong></span> <span class='ocrx_word' id='word_1_816' title='bbox 892 5117 934 5169; x_wconf 87' lang='lat' dir='ltr'><strong><em>ad</em></strong></span> <span class='ocrx_word' id='word_1_817' title='bbox 957 5130 1022 5170; x_wconf 84' lang='lat' dir='ltr'><strong><em>reso</em></strong></span> <span class='ocrx_word' id='word_1_818' title='bbox 1040 5130 1085 5169; x_wconf 90' lang='lat' dir='ltr'><strong><em>res</em></strong></span> <span class='ocrx_word' id='word_1_819' title='bbox 1112 5115 1141 5168; x_wconf 90' lang='grc'><strong><em>16</em></strong></span> <span class='ocrx_word' id='word_1_820' title='bbox 1165 5113 1243 5169; x_wconf 86' lang='lat' dir='ltr'><strong><em>lihris</em></strong></span> <span class='ocrx_word' id='word_1_821' title='bbox 1263 5113 1492 5171; x_wconf 85' lang='lat' dir='ltr'><strong><em>Maccahaeorum</em></strong></span> <span class='ocrx_word' id='word_1_822' title='bbox 1515 5117 1672 5189; x_wconf 88' lang='lat' dir='ltr'><strong><em>descriptae</em></strong></span> <span class='ocrx_word' id='word_1_823' title='bbox 1693 5119 1797 5194; x_wconf 86' lang='lat' dir='ltr'><strong><em>longis·</em></strong></span> 
     </span>
    </p>

    <p class='ocr_par' dir='ltr' id='par_1_21' title="bbox 91 5198 1796 5273">
     <span class='ocr_line' id='line_1_57' title="bbox 91 5198 1796 5273; baseline 0.008 -22"><span class='ocrx_word' id='word_1_824' title='bbox 91 5217 204 5256; x_wconf 65' lang='lat' dir='ltr'><strong><em>„mm</em></strong></span> <span class='ocrx_word' id='word_1_825' title='bbox 229 5198 466 5268; x_wconf 66' lang='lat' dir='ltr'><strong><em>aedificationem,</em></strong></span> <span class='ocrx_word' id='word_1_826' title='bbox 493 5198 533 5252; x_wconf 90' lang='lat' dir='ltr'><strong><em>ita</em></strong></span> <span class='ocrx_word' id='word_1_827' title='bbox 557 5203 652 5252; x_wconf 77' lang='grc'><strong>166166</strong></span> <span class='ocrx_word' id='word_1_828' title='bbox 677 5204 709 5253; x_wconf 86' lang='grc'><strong><em>61</em></strong></span> <span class='ocrx_word' id='word_1_829' title='bbox 733 5215 796 5254; x_wconf 90' lang='lat' dir='ltr'><strong><em>cnm</em></strong></span> <span class='ocrx_word' id='word_1_830' title='bbox 819 5200 933 5272; x_wconf 88' lang='lat' dir='ltr'><strong><em>reliquis</em></strong></span> <span class='ocrx_word' id='word_1_831' title='bbox 957 5201 1026 5256; x_wconf 89' lang='lat' dir='ltr'><strong><em>sime</em></strong></span> <span class='ocrx_word' id='word_1_832' title='bbox 1049 5205 1113 5272; x_wconf 88' lang='lat' dir='ltr'><strong><em>post</em></strong></span> <span class='ocrx_word' id='word_1_833' title='bbox 1130 5200 1291 5257; x_wconf 73' lang='grc' dir='ltr'><strong>61616666ιί6</strong></span> <span class='ocrx_word' id='word_1_834' title='bbox 1314 5206 1441 5273; x_wconf 84' lang='lat' dir='ltr'><strong><em>tempora</em></strong></span> <span class='ocrx_word' id='word_1_835' title='bbox 1466 5211 1619 5260; x_wconf 72' lang='lat' dir='ltr'><strong><em>somnust</em></strong></span> <span class='ocrx_word' id='word_1_836' title='bbox 1640 5205 1715 5263; x_wconf 89' lang='lat' dir='ltr'><strong><em>circa</em></strong></span> <span class='ocrx_word' id='word_1_837' title='bbox 1739 5214 1796 5266; x_wconf 83' lang='grc'><strong>146.</strong></span> 
     </span>
    </p>

    <p class='ocr_par' dir='ltr' id='par_1_22' title="bbox 89 5280 1796 5451">
     <span class='ocr_line' id='line_1_58' title="bbox 91 5280 1795 5357; baseline 0.007 -19"><span class='ocrx_word' id='word_1_838' title='bbox 91 5286 173 5344; x_wconf 71' lang='lat' dir='ltr'><strong><em>hbris</em></strong></span> <span class='ocrx_word' id='word_1_839' title='bbox 203 5283 316 5356; x_wconf 84' lang='lat' dir='ltr'><strong><em>proprie</em></strong></span> <span class='ocrx_word' id='word_1_840' title='bbox 346 5283 429 5339; x_wconf 89' lang='lat' dir='ltr'><strong><em>dictis</em></strong></span> <span class='ocrx_word' id='word_1_841' title='bbox 461 5283 601 5340; x_wconf 90' lang='lat' dir='ltr'><strong><em>canonicis</em></strong></span> <span class='ocrx_word' id='word_1_842' title='bbox 629 5300 686 5339; x_wconf 92' lang='lat' dir='ltr'><strong><em>non</em></strong></span> <span class='ocrx_word' id='word_1_843' title='bbox 708 5283 811 5341; x_wconf 87' lang='lat' dir='ltr'><strong><em>haheat</em></strong></span> <span class='ocrx_word' id='word_1_844' title='bbox 838 5301 932 5356; x_wconf 88' lang='lat' dir='ltr'><strong><em>parem</em></strong></span> <span class='ocrx_word' id='word_1_845' title='bbox 957 5303 1060 5343; x_wconf 78' lang='grc'><strong>666661</strong></span> <span class='ocrx_word' id='word_1_846' title='bbox 1084 5285 1260 5342; x_wconf 82' lang='lat' dir='ltr'><strong><em>monarchiae</em></strong></span> <span class='ocrx_word' id='word_1_847' title='bbox 1285 5285 1469 5357; x_wconf 87' lang='lat' dir='ltr'><strong><em>Graecorum,</em></strong></span> <span class='ocrx_word' id='word_1_848' title='bbox 1495 5289 1534 5345; x_wconf 81' lang='lat' dir='ltr'><strong><em>ita</em></strong></span> <span class='ocrx_word' id='word_1_849' title='bbox 1558 5296 1592 5346; x_wconf 91' lang='lat' dir='ltr'><strong><em>ut</em></strong></span> <span class='ocrx_word' id='word_1_850' title='bbox 1616 5280 1726 5350; x_wconf 69' lang='lat' dir='ltr'><strong><em>Esdrus¹</em></strong></span> <span class='ocrx_word' id='word_1_851' title='bbox 1745 5292 1795 5350; x_wconf 91' lang='lat' dir='ltr'><strong><em>hos</em></strong></span> 
     </span>
     <span class='ocr_line' id='line_1_59' title="bbox 89 5368 1796 5451; baseline 0.005 -22"><span class='ocrx_word' id='word_1_852' title='bbox 89 5370 292 5429; x_wconf 69' lang='lat' dir='ltr'><strong><em>mannaan</em></strong></span> <span class='ocrx_word' id='word_1_853' title='bbox 333 5376 356 5425; x_wconf 85' lang='grc'><strong><em>6.</em></strong></span> <span class='ocrx_word' id='word_1_854' title='bbox 371 5368 455 5425; x_wconf 84' lang='lat' dir='ltr'><strong><em>Pstet</em></strong></span> <span class='ocrx_word' id='word_1_855' title='bbox 478 5369 531 5426; x_wconf 90' lang='lat' dir='ltr'><strong><em>hoc</em></strong></span> <span class='ocrx_word' id='word_1_856' title='bbox 549 5387 583 5426; x_wconf 87' lang='lat' dir='ltr'><strong><em>ex</em></strong></span> <span class='ocrx_word' id='word_1_857' title='bbox 603 5369 665 5441; x_wconf 89' lang='lat' dir='ltr'><strong><em>ipso</em></strong></span> <span class='ocrx_word' id='word_1_858' title='bbox 683 5370 858 5443; x_wconf 83' lang='lat' dir='ltr'><strong><em>Augustino,</em></strong></span> <span class='ocrx_word' id='word_1_859' title='bbox 884 5372 932 5443; x_wconf 90' lang='lat' dir='ltr'><strong><em>qni</em></strong></span> <span class='ocrx_word' id='word_1_860' title='bbox 955 5373 1041 5429; x_wconf 88' lang='lat' dir='ltr'><strong><em>libros</em></strong></span> <span class='ocrx_word' id='word_1_861' title='bbox 1064 5371 1160 5428; x_wconf 85' lang='lat' dir='ltr'><strong><em>ridere</em></strong></span> <span class='ocrx_word' id='word_1_862' title='bbox 1183 5388 1239 5427; x_wconf 91' lang='lat' dir='ltr'><strong><em>non</em></strong></span> <span class='ocrx_word' id='word_1_863' title='bbox 1266 5373 1400 5446; x_wconf 83' lang='lat' dir='ltr'><strong><em>potuerit,</em></strong></span> <span class='ocrx_word' id='word_1_864' title='bbox 1426 5375 1480 5431; x_wconf 88' lang='lat' dir='ltr'><strong><em>nisi</em></strong></span> <span class='ocrx_word' id='word_1_865' title='bbox 1502 5375 1625 5451; x_wconf 80' lang='lat' dir='ltr'><strong><em>tingatur</em></strong></span> <span class='ocrx_word' id='word_1_866' title='bbox 1648 5379 1686 5437; x_wconf 88' lang='lat' dir='ltr'><strong><em>sd</em></strong></span> <span class='ocrx_word' id='word_1_867' title='bbox 1709 5396 1796 5438; x_wconf 88' lang='lat' dir='ltr'><strong><em>annos</em></strong></span> 
     </span>
    </p>

    <p class='ocr_par' dir='ltr' id='par_1_23' title="bbox 88 5453 1329 5531">
     <span class='ocr_line' id='line_1_60' title="bbox 88 5453 1329 5531; baseline 0.003 -17"><span class='ocrx_word' id='word_1_868' title='bbox 88 5457 139 5516; x_wconf 86' lang='lat' dir='ltr'><strong><em>lib.</em></strong></span> <span class='ocrx_word' id='word_1_869' title='bbox 169 5461 210 5515; x_wconf 78' lang='grc'><strong><em>13.</em></strong></span> <span class='ocrx_word' id='word_1_870' title='bbox 240 5455 277 5511; x_wconf 86' lang='grc'><strong><em>16</em></strong></span> <span class='ocrx_word' id='word_1_871' title='bbox 302 5453 378 5511; x_wconf 77' lang='lat' dir='ltr'><strong><em>civit</em></strong></span> <span class='ocrx_word' id='word_1_872' title='bbox 400 5455 455 5511; x_wconf 90' lang='lat' dir='ltr'><strong><em>Dei</em></strong></span> <span class='ocrx_word' id='word_1_873' title='bbox 483 5473 507 5512; x_wconf 93' lang='lat' dir='ltr'><strong><em>c.</em></strong></span> <span class='ocrx_word' id='word_1_874' title='bbox 536 5462 577 5513; x_wconf 88' lang='grc'><strong><em>36.</em></strong></span> <span class='ocrx_word' id='word_1_875' title='bbox 604 5455 644 5512; x_wconf 88' lang='grc'><strong><em>616</em></strong></span> <span class='ocrx_word' id='word_1_876' title='bbox 669 5456 779 5513; x_wconf 81' lang='lat' dir='ltr'><strong><em>scribit:</em></strong></span> <span class='ocrx_word' id='word_1_877' title='bbox 809 5458 933 5522; x_wconf 73' lang='lat' dir='ltr'><strong><em>Quotam</em></strong></span> <span class='ocrx_word' id='word_1_878' title='bbox 955 5474 1043 5531; x_wconf 86' lang='lat' dir='ltr'><strong><em>prope</em></strong></span> <span class='ocrx_word' id='word_1_879' title='bbox 1058 5463 1197 5514; x_wconf 70' lang='lat' dir='ltr'><strong><em>uecentos</em></strong></span> <span class='ocrx_word' id='word_1_880' title='bbox 1214 5457 1329 5519; x_wconf 70' lang='lat' dir='ltr'><strong><em>uriae·</em></strong></span> 
     </span>
    </p>

    <p class='ocr_par' dir='ltr' id='par_1_24' title="bbox 87 5541 1940 5626">
     <span class='ocr_line' id='line_1_61' title="bbox 87 5541 1940 5626; baseline 0.009 -32"><span class='ocrx_word' id='word_1_881' title='bbox 87 5541 257 5620; x_wconf 54' lang='lat' dir='ltr'><strong><em>messio</em></strong></span> <span class='ocrx_word' id='word_1_882' title='bbox 295 5548 450 5610; x_wconf 81' lang='lat' dir='ltr'><strong><em>temporam</em></strong></span> <span class='ocrx_word' id='word_1_883' title='bbox 481 5558 538 5596; x_wconf 85' lang='lat' dir='ltr'><strong><em>nos</em></strong></span> <span class='ocrx_word' id='word_1_884' title='bbox 564 5543 595 5597; x_wconf 85' lang='lat' dir='ltr'><strong><em>in</em></strong></span> <span class='ocrx_word' id='word_1_885' title='bbox 629 5541 785 5614; x_wconf 69' lang='lat' dir='ltr'><strong><em>&amp;rupiana</em></strong></span> <span class='ocrx_word' id='word_1_886' title='bbox 815 5545 930 5614; x_wconf 82' lang='lat' dir='ltr'><strong><em>sanetis,</em></strong></span> <span class='ocrx_word' id='word_1_887' title='bbox 992 5549 1050 5601; x_wconf 81' lang='grc'><strong>236.</strong></span> <span class='ocrx_word' id='word_1_888' title='bbox 1081 5544 1246 5602; x_wconf 75' lang='lat' dir='ltr'><strong><em>Antithesis.</em></strong></span> <span class='ocrx_word' id='word_1_889' title='bbox 1292 5544 1409 5608; x_wconf 71' lang='lat' dir='ltr'><strong><em>lituum</em></strong></span> <span class='ocrx_word' id='word_1_890' title='bbox 1438 5548 1559 5626; x_wconf 83' lang='lat' dir='ltr'><strong><em>primum</em></strong></span> <span class='ocrx_word' id='word_1_891' title='bbox 1585 5558 1615 5611; x_wconf 80' lang='lat' dir='ltr'><strong><em>ct</em></strong></span> <span class='ocrx_word' id='word_1_892' title='bbox 1641 5554 1794 5610; x_wconf 89' lang='lat' dir='ltr'><strong><em>secundum</em></strong></span> <span class='ocrx_word' id='word_1_893' title='bbox 1806 5571 1940 5617; x_wconf 70' lang='grc'><strong>666666.</strong></span> 
     </span>
    </p>
   </div>
   <div class='ocr_carea' id='block_1_8' title="bbox 0 0 1996 6021">
    <p class='ocr_par' dir='ltr' id='par_1_25' title="bbox 0 0 1996 6021">
     <span class='ocr_line' id='line_1_62' title="bbox 0 0 1996 6021; baseline 0 0"><span class='ocrx_word' id='word_1_894' title='bbox 0 0 1996 6021; x_wconf 95' lang='lat' dir='ltr'><strong><em> </em></strong></span> 
     </span>
    </p>
   </div>
  </div>
 </body>
</html>
