3984 6022
189 264 251 322 rsr
889 240 1194 301 noousruanus

189 409 245 464 imo
271 425 337 463 vero
364 425 396 462 ex
420 406 467 469 iis,
497 420 570 477 quae
593 403 727 459 hactenus
752 402 828 457 dicta
851 406 928 468 sunt,
955 397 1025 452 haec
1056 398 1218 468 Deiipsum
1232 396 1395 466 intellipere,
1415 412 1477 451 cam
1494 393 1657 467 torpescat
1674 392 1761 447 dabie
1779 391 1893 463 aliqui}

192 502 313 565 quatuor
331 489 455 548 membra
473 491 578 561 optime
595 490 690 561 colligi
708 495 833 560 possunt
861 486 958 541 Trium
979 484 1026 539 ho·
1054 483 1135 552 loape
1148 484 1240 537 miraris
1252 484 1369 552 denotet,
1389 490 1416 537 ct
1433 499 1517 552 eaeo,
1536 483 1613 552 qaod
1631 481 1695 551 queis
1713 479 1889 547 aapclmsa·

191 598 253 634 rum
273 576 454 650 personalitas
480 576 619 647 colligitur
643 593 676 630 er
697 576 745 630 eo':
773 580 793 629 1
818 573 892 645 quod
911 571 966 626 tria
986 570 1026 624 di·
1054 569 1108 623 cici
1122 570 1359 638 Deinomiaatur‚
1377 566 1697 639 apertissimeccacludi
1710 564 1813 635 possit,
1831 580 1891 617 mm

192 665 294 720 stincta
321 667 463 734 ponuntur
484 660 609 715 uomina:
634 661 773 728 leducat,
797 660 913 727 appetas
938 655 1029 720 facici
1054 654 1134 709 nuuc
1151 657 1234 711 moda
1252 656 1444 709 mersandam
1461 654 1568 722 Deam,
1596 669 1675 719 capae
1698 650 1794 714 faciei
1810 665 1891 717 anpe-

193 753 262 820 sjae,
278 750 403 818 Spiritus
416 756 530 802 rancura
549 749 624 816 eja03
644 752 666 801 3.
679 746 754 816 quod
767 744 917 815 unicuique
931 742 1028 796 horum
1056 740 1100 793 lae
1117 748 1163 804 est,
1183 741 1239 793 nisa
1235 741 1332 805 sorte
1352 741 1414 810 qast
1432 740 1478 793 arsi
1491 739 1582 808 ipsias
1594 737 1713 806 capetus
1726 753 1787 791 cese
1802 734 1892 806 panas

192 836 275 891 trium
305 834 428 889 actiones
457 848 591 904 personae
621 831 818 903 intelligentis,
849 829 966 884 volentis
995 842 1028 882 ec
1055 842 1082 896 p.
1111 831 1148 880 ti.
1185 826 1267 896 Rcsp.
1303 824 1372 881 Plus
1390 824 1508 879 infertur
1526 824 1555 879 in
1578 827 1781 894 consequente,
1808 836 1892 893 quam

193 920 368 976 subsistentis
381 918 554 981 tribuuntur,
573 918 699 973 Jalrocals
714 918 816 972 dicitur
832 916 982 971 contulisse
1001 914 1030 967 iu
1055 913 1222 969 antecedens
1233 912 1377 985 permittit,
1391 912 1444 966 hoc
1457 912 1529 968 enim
1541 917 1649 966 tantum
1661 909 1797 982 sequitur,
1811 922 1892 979 auge

192 1008 326 1078 populum
353 1006 439 1061 Israel
472 1004 624 1072 beneficia3
662 1005 779 1073 cupales
809 1004 898 1066 facies¹
929 1001 1031 1055 dicitur
1055 999 1113 1054 lum
1131 999 1209 1054 illum
1228 999 1310 1055 faciei
1329 1016 1389 1054 esse
1410 999 1493 1055 aliam
1509 1014 1670 1070 personam,
1696 996 1764 1068 quia
1781 995 1893 1051 mittem

192 1092 325 1164 populum
344 1098 456 1162 propter
474 1108 595 1146 amorem
616 1107 696 1144 suum
714 1089 876 1156 redemisse3
904 1087 1030 1156 Spiritum
1056 1092 1085 1141 et
1101 1085 1200 1141 musas
1218 1091 1283 1140 sunt
1300 1085 1446 1141 distinctae
1462 1102 1613 1157 personae,
1631 1098 1812 1156 nequaquam
1828 1096 1894 1137 vero

192 1187 303 1232 sauctae
330 1177 430 1231 dicitur
448 1177 582 1231 Israelitis
611 1192 759 1231 conversus
784 1175 813 1228 in
830 1172 985 1242 inimicum3
1006 1177 1030 1227 3.
1057 1170 1152 1227 infami
1169 1178 1269 1243 potest,
1288 1188 1348 1227 esse
1368 1172 1454 1225 alium
1470 1172 1570 1240 Deum,
1589 1170 1655 1243 quia
1670 1169 1767 1225 Patris
1784 1166 1894 1223 mitteri-

195 1263 270 1335 quod
295 1262 426 1317 distincta
450 1278 535 1332 opera
557 1262 708 1333 unicuique
726 1260 823 1315 horum
844 1259 927 1313 trium
943 1257 1030 1313 tribu·
1056 1257 1093 1311 tis
1105 1256 1209 1313 etFilii
1222 1257 1334 1312 ePatre
1353 1256 1490 1313 missiset
1506 1274 1562 1312 una
1579 1262 1664 1328 atque
1682 1254 1782 1311 eadem
1800 1252 1895 1309 divina

194 1356 285 1416 untur,
309 1347 433 1402 Jehovae
456 1347 597 1402 miseratio
622 1364 689 1418 erga
711 1345 846 1417 populum
864 1345 1029 1416 assignatur,
1057 1342 1193 1407 essentia,
1221 1360 1304 1415 quam
1320 1343 1478 1412 ipccaaiar
1495 1361 1550 1400 nou
1577 1340 1649 1398 tollit
1675 1339 1743 1395 Filii
1770 1356 1789 1394 a
1810 1337 1895 1394 Patra

196 1433 295 1504 angelo
318 1432 400 1488 faciei
425 1433 520 1503 populi
546 1433 663 1487 salvatio
688 1439 716 1487 et
742 1431 889 1499 redemtio,
917 1428 1031 1501 Spiritui
1057 1427 1163 1497 missio,
1185 1428 1251 1502 quia
1271 1429 1498 1502 distinguendum
1515 1429 1589 1484 inter
1606 1426 1766 1482 missionem
1783 1422 1895 1481 inferio·

196 1524 292 1574 sancto
307 1518 482 1574 exacerbatio
494 1525 523 1572 et
534 1534 630 1589 pugna
643 1524 740 1573 contra
753 1518 900 1587 populum3
919 1523 943 1578 ,4.
957 1515 1030 1586 quod
1056 1516 1131 1570 risa
1153 1514 1304 1586 superiori,
1331 1522 1360 1572 et
1378 1516 1537 1572 missionem
1560 1513 1684 1587 aequalis
1712 1512 1750 1567 ab
1776 1508 1895 1582 asqusa,

83 1630 123 1670 ιη,
137 1625 184 1668 307,
196 1622 246 1676 per
263 1621 415 1675 pronomen
434 1604 579 1659 relativum
599 1603 716 1676 angelus
736 1610 764 1658 et
783 1602 901 1673 Spiritus
927 1602 962 1654 ad
979 1600 1030 1654 Pa·
1058 1600 1134 1655 illam
1146 1600 1264 1657 docendi
1283 1616 1366 1656 causa
1382 1616 1483 1657 vocare
1500 1615 1646 1672 possumus
1667 1596 1895 1653 audacitatem
1914 1584 1919 1597 ’

196 1696 267 1745 uem
289 1691 463 1758 referuntur,
492 1690 609 1760 angelus
629 1690 701 1744 enim
721 1689 822 1743 dicitur
847 1688 963 1757 cupelsa
986 1689 1033 1748 sa·
1058 1696 1084 1742 et
1100 1688 1313 1757 potestativam,
1340 1687 1413 1744 hauc
1430 1704 1496 1744 vero
1520 1687 1710 1742 uoluamriam
1728 1690 1757 1739 et
1780 1698 1894 1738 ocem

199 1777 254 1830 cies-¹
276 1778 351 1845 ejus,
378 1780 406 1830 et
424 1775 537 1846 spiritus
563 1775 664 1830 dicitur
683 1776 809 1845 Spiritus
833 1781 947 1828 saraae
965 1774 1034 1843 ejas,
1059 1774 1160 1828 micam
1176 1773 1233 1827 sice
1252 1774 1479 1843 disperuatiuam.
1502 1774 1583 1829 Prior
1599 1777 1708 1846 pugnat
1719 1786 1786 1827 cum
1805 1784 1894 1826 meu·

199 1862 294 1933 utique
312 1877 380 1933 ergo
399 1867 464 1915 sunt
481 1878 498 1915 a
517 1860 602 1916 Patre
622 1860 757 1929 distincti,
782 1864 812 1917 at
830 1877 886 1914 uon
904 1860 1033 1913 sesama·
1057 1858 1114 1915 tiae
1132 1858 1240 1914 unitata
1258 1865 1286 1914 et
1303 1859 1413 1916 honoris
1432 1858 1614 1932 mqualitate,
1634 1872 1815 1930 nequaquam
1832 1869 1895 1910 veru

200 1948 273 2015 liter,
291 1946 357 2017 quie
369 1962 426 2000 una
438 1952 480 2000 est
494 1946 590 2001 divina
602 1946 730 2010 essentia,
749 1962 801 2001 nec
814 1945 1035 2013 accidentaliter,
1059 1944 1201 2015 posterior.
1238 1945 1297 2001 Nee
1314 1951 1431 2017 possunt
1446 1943 1608 2002 Plrotiniani
1624 1943 1677 1999 hoc
1694 1958 1814 2010 negare,
1833 1956 1894 1995 cum

198 2033 265 2102 quia
287 2032 316 2085 iu
335 2032 426 2087 Deum
449 2049 505 2086 nou
531 2032 608 2087 cadit
633 2032 768 2088 accidens.
803 2031 878 2104 Ergo
901 2047 1033 2100 pascna-
1061 2029 1159 2101 stipsi
1179 2030 1269 2086 videri
1286 2030 1373 2088 velint
1388 2031 1482 2087 Patris
1500 2036 1529 2087 et
1546 2029 1612 2085 Filii
1632 2028 1833 2102 aequalitatem
1853 2042 1893 2081 ra·

199 2119 272 2174 liter.
315 2118 390 2189 Ergo
415 2123 447 2172 ut
468 2118 615 2173 distinctae
639 2134 788 2189 personae,
809 2123 838 2172 et
861 2116 927 2188 quia
951 2116 1035 2172 Pater
1059 2115 1134 2171 tione
1166 2115 1276 2172 honour
1307 2123 1334 2173 et
1362 2117 1506 2189 dignitatis
1530 2130 1652 2173 asserere
1676 2119 1764 2186 atque
1786 2111 1893 2168 interim

199 2209 242 2258 est
269 2219 402 2273 persona,
427 2203 490 2258 ideo
511 2202 594 2258 etiam
619 2203 707 2257 Filius
731 2208 760 2258 et
779 2202 910 2273 Spiritus·
923 2208 1034 2257 sanctus
1060 2218 1163 2272 negare
1188 2208 1339 2274 nequeant,
1363 2203 1466 2259 llilium
1489 2220 1506 2259 a
1527 2203 1612 2257 Patre
1633 2202 1662 2256 in
1680 2200 1818 2255 mundum
1837 2212 1894 2254 esse

202 2294 268 2341 sunt
283 2304 425 2359 personae.
457 2288 553 2343 Trium
573 2288 671 2345 horum
688 2304 754 2343 vera
772 2287 903 2342 divinitas
922 2304 955 2342 ex
967 2288 1035 2359 ipsis
1060 2286 1189 2352 missum,
1206 2287 1272 2343 inde
1290 2286 1406 2343 Socinus
1424 2295 1521 2344 contra
1536 2286 1738 2344 Bellarmlnum
1757 2290 1787 2341 et
1804 2282 1894 2341 wisa

200 2373 368 2444 praedicatis
387 2374 530 2444 probatur,
555 2374 621 2445 quia
643 2373 807 2444 praedicata
824 2373 883 2429 sive
902 2373 1036 2428 attributa
1060 2392 1087 2445 p.
1108 2379 1168 2431 25³.
1193 2380 1221 2428 et
1245 2374 1357 2430 Catach.
1376 2374 1539 2431 Recoriens.
1565 2392 1592 2445 p.
1613 2379 1668 2428 122.
1694 2372 1737 2427 sic
1759 2368 1895 2427 inierunt:

202 2457 264 2525 illa,
284 2476 356 2531 quae
373 2459 419 2515 hic
434 2459 535 2531 angelo
554 2459 637 2514 faciei
656 2465 685 2529 et
703 2455 818 2530 Spiritui
836 2466 932 2514 sancto
950 2457 1036 2513 tribu·
1062 2461 1155 2514 sitim
1174 2468 1214 2514 est
1231 2460 1360 2529 aequatis
1378 2462 1470 2514 Patri.
1497 2461 1578 2529 Erpa
1596 2478 1650 2513 aare
1669 2459 1744 2512 idem
1765 2474 1815 2512 aec
1828 2472 1896 2509 aeas

200 2551 298 2608 untur,
323 2544 427 2600 nemini
450 2545 504 2599 nisi
533 2544 581 2599 uni
599 2562 664 2600 vero
681 2544 741 2599 Deo
759 2550 925 2615 competunt.
964 2544 1036 2599 Nam
1062 2564 1123 2599 cuia
1145 2546 1207 2616 ipso
1225 2548 1314 2600 Deua.
1351 2546 1405 2604 Sed
1424 2546 1504 2602 ludos
1527 2544 1635 2600 faciunt
1661 2544 1691 2598 in
1714 2542 1895 2616 ambiguitate

200 2631 230 2683 in
254 2636 314 2684 tota
335 2630 449 2686 historia
473 2629 596 2685 Moesica
622 2630 659 2691 is,
688 2631 736 2703 qui
756 2635 788 2685 ut
804 2646 890 2685 causa
908 2630 1037 2701 princeps
1061 2630 1136 2685 vocis
1155 2631 1241 2699 Deus,
1260 2649 1333 2703 quae
1350 2631 1491 2687 interdum
1509 2630 1628 2686 semitm
1645 2628 1799 2694 odoratas,
1817 2628 1895 2683 iuter·

202 2713 343 2768 israelitas
360 2732 410 2785 per
430 2716 568 2771 desertum
588 2715 710 2775 deduxit,
729 2721 757 2770 et
775 2715 812 2770 ab
826 2714 960 2770 Israiilitis
978 2720 1037 2770 ten-
1063 2717 1129 2771 dum
1152 2733 1217 2772 vero
1241 2717 1444 2781 dnaaraaaaie,
1466 2717 1578 2788 quando
1595 2714 1684 2770 Filius
1712 2715 1816 2769 dicitur
1838 2712 1894 2768 Deo

201 2804 276 2854 tatus
299 2799 399 2871 plagas
422 2801 525 2856 eisdem
551 2801 657 2867 intulit,
682 2808 713 2856 ut
730 2817 811 2857 verus
832 2800 909 2856 Deus
926 2800 1037 2856 israelis
1062 2802 1187 2873 aequalis
1204 2802 1268 2858 Joh.
1289 2811 1319 2873 5,
1339 2822 1365 2860 v.
1387 2809 1435 2872 ta,
1453 2818 1553 2858 nomen
1570 2801 1624 2857 Dei
1644 2800 1786 2872 accipitur
1802 2797 1895 2853 odaia·

201 2884 376 2942 describitur.
403 2884 486 2954 Brins
503 2891 582 2957 patet
599 2903 632 2941 ex
651 2887 740 2957 dictis,
759 2886 894 2958 posterius
909 2904 941 2941 ex
954 2887 1034 2941 Num.
1063 2886 1117 2950 δῶς
1144 2906 1178 2943 ac
1202 2887 1314 2944 Patrem
1339 2889 1468 2955 denotat,
1496 2905 1551 2959 quo
1575 2904 1657 2943 sensu
1680 2894 1758 2942 recte
1782 2885 1894 2940 dicitur:

204 2976 246 3038 14,
267 2977 305 3026 11.
326 2974 428 3041 etseq.
447 2988 471 3025 c.
489 2976 530 3049 32.
555 2971 1035 3037 to.Deut.1,v.34.Psal.7a‚13.
1062 2975 1150 3030 Filius
1168 2980 1211 3030 est
1227 2975 1304 3030 Patri
1323 2975 1453 3047 aequalis.
1497 2975 1573 3046 Ergo
1599 2991 1653 3028 nou
1676 2980 1719 3028 est
1749 2973 1833 3027 Pater
1856 2969 1895 3024 val

201 3062 230 3111 et
248 3061 289 3112 21.
309 3060 361 3111 etc.
1062 3077 1116 3116 non
1135 3067 1177 3117 est
1194 3062 1291 3118 eadem
1310 3078 1443 3132 persona,
1461 3060 1551 3116 minus
1569 3066 1642 3115 recte
1660 3065 1757 3114 autem
1774 3056 1895 3125 Mercu,

240 3148 295 3198 145·
333 3147 359 3195 2-
381 3144 426 3195 De
445 3142 545 3210 anselo
563 3143 653 3204 faciti
669 3158 759 3197 ⁸me
781 3151 834 3210 etl,
860 3143 910 3197 loc
929 3152 981 3212 est,
1001 3145 1036 3196 de
1064 3165 1129 3219 ergo
1146 3165 1201 3203 uon
1219 3153 1262 3203 est
1281 3165 1351 3202 unus
1369 3164 1431 3202 cum
1444 3145 1527 3201 Patre
1540 3146 1624 3202 Deus.
1655 3150 1678 3199 3.
1700 3147 1749 3199 Ea
1766 3160 1808 3213 eo,
1824 3142 1895 3213 quad

201 3246 257 3283 urso
271 3244 304 3282 ea
315 3229 425 3297 arpotis
443 3229 513 3296 ejus,
534 3228 584 3296 qui
595 3228 685 3282 solent
704 3228 735 3281 r'a
754 3230 849 3283 oculos
862 3229 940 3283 illius
952 3237 1036 3299 stare,
1064 3234 1189 3303 Spiritus
1209 3253 1231 3288 s.
1252 3234 1309 3288 Dei
1324 3234 1368 3287 vel
1383 3233 1509 3287 Jelouae
1526 3232 1643 3302 spiritus
1660 3232 1837 3301 appellatur,
1852 3244 1893 3282 aa·

202 3322 384 3384 aspectantes,
404 3314 475 3383 qaid
486 3315 595 3384 jubeat,
613 3313 686 3369 hanc
703 3313 958 3386 interpretationem
975 3328 1038 3385 pro-
1064 3319 1185 3373 cessario
1197 3319 1434 3391 coactaapocaer
1454 3334 1583 3371 wasnau
1596 3317 1893 3379 crescentianam,

96 3385 104 3413 '
202 3398 252 3454 bat
279 3417 312 3455 ex
336 3399 470 3468 Vatablo,
494 3399 609 3455 Calvino
633 3406 662 3454 et
684 3398 906 3470 Oecolarnpsdio
941 3401 973 3454 P.
998 3405 1036 3455 11.
1063 3406 1144 3475 cujas
1161 3405 1277 3473 spiritus
1288 3412 1334 3458 est.
1372 3403 1453 3473 Resp.
1474 3402 1548 3457 idern
1565 3400 1706 3473 sophisma
1722 3400 1893 3472 cumprime

202 3486 284 3555 Resp.
306 3491 327 3542 1.
347 3483 391 3539 cui
410 3484 510 3623 angelo
527 3484 688 3539 tribuuntur
710 3500 795 3555 opera
817 3502 891 3542 mere
916 3503 949 3540 ac
973 3502 1038 3541 vere
1061 3489 1099 3544 Et
1116 3506 1173 3562 qus
1189 3488 1280 3545 frome
1303 3506 1405 3561 negare
1430 3493 1546 3559 possunt
1565 3486 1740 3555 Photiniani,
1766 3486 1941 3559 Spiritum

203 3570 311 3634 dimna,
335 3569 419 3623 solius
465 3586 490 3624 ιιι
505 3569 634 3671 propria,
659 3569 705 3624 ille
724 3585 779 3623 non
798 3576 840 3625 est
857 3572 973 3643 angelus
988 3571 1037 3625 ali-
1063 3593 1083 3629 a
1103 3594 1158 3631 non
1177 3592 1237 3630 eene
1254 3575 1372 3631 eundem
1389 3591 1452 3628 cum
1465 3572 1549 3629 Patre
1562 3572 1661 3635 Deum,
1682 3588 1748 3628 cum
1766 3572 1952 3644 spiritumet!

204 3654 265 3726 quis
283 3661 406 3719 creatus,
431 3652 517 3709 sed”
499 3672 629 3714 ακτισιος
665 3655 753 3726 Atqui
771 3655 870 3726 angelo
888 3656 929 3710 illi
948 3656 1037 3725 faciei,
1063 3680 1084 3714 s.
1112 3661 1254 3732 appellent
1277 3661 1330 3717 Dei
1355 3660 1486 3715 virtutem
1515 3674 1548 3714 ac
1572 3664 1678 3730 negem
1711 3657 1805 3729 ipsum
1840 3674 1895 3714 esse

204 3741 240 3794 ds
261 3755 317 3810 quo
339 3739 437 3793 Esaias
460 3739 599 3810 loquitur,
621 3738 782 3794 tribuuntur
807 3756 892 3811 opera
912 3758 986 3796 mere
1010 3748 1039 3796 et
1063 3748 1239 3803 aroannam?
1271 3753 1296 3802 5.
1319 3747 1444 3805 Proieci
1459 3744 1568 3815 repat,
1586 3762 1642 3815 per
1660 3761 1754 3798 ccccm
1772 3744 1895 3799 Jcaosat

96 3865 97 3868 ,
202 3842 267 3881 rere
286 3824 393 3893 divine,
409 3824 539 3880 videlicet
556 3825 678 3894 salome,
694 3825 845 3894 redimere,
863 3833 973 3898 portare
990 3844 1037 3898 po·
1065 3836 1157 3888 Deam
1185 3835 1301 3888 Patrem
1325 3833 1490 3903 sipaptcari.
1527 3832 1603 3887 Nam
1631 3831 1745 3885 otiam
1772 3830 1896 3885 Jetosat

203 3912 309 3982 pulum.
337 3909 421 3982 Ergo.
455 3916 479 3965 2.
502 3911 538 3966 de
556 3909 605 3964 illo
621 3911 720 3982 angelo
739 3911 861 3982 loquitur
878 3913 983 3981 Esaias,
1003 3916 1038 3969 ‹le
1065 3922 1145 3974 Deae
1162 3921 1212 3975 ille
1230 3938 1286 3974 aaa
1303 3920 1379 3975 alias
1395 3921 1433 3973 sit
1450 3936 1483 3972 ea
1502 3924 1588 3972 menta
1611 3915 1743 3970 caritatis
1760 3924 1786 3970 st
1803 3924 1896 3971 amaa

204 4015 259 4070 quo
271 3997 382 4068 Moyses
400 4000 526 4065 testatur,
543 3996 619 4067 quod
636 3996 664 4050 iu
684 3996 814 4052 columna
829 3998 912 4054 uubis
924 4006 952 4054 et
966 3999 1038 4071 ignis
1065 4025 1148 4076 qaam
1167 4008 1262 4074 Pater,
1278 4013 1370 4059 taurea
1389 4020 1422 4059 ea
1438 4010 1525 4059 rante
1538 4002 1760 4057 Triuitariorum
1772 4003 1896 4058 Jehoual

204 4081 384 4154 praecesserit
407 4081 564 4150 Israilitas,
588 4082 663 4153 quod
691 4098 791 4138 nomen
815 4082 869 4140 Dei
892 4085 921 4139 iu
947 4087 1038 4141 medio
1061 4092 1225 4161 pterurnqac
1244 4098 1284 4144 est
1301 4090 1377 4145 alius
1394 4108 1478 4159 qaam
1498 4092 1576 4145 Deae
1588 4089 1683 4156 Pater,
1702 4090 1737 4141 iat
1753 4097 1803 4152 eet,
1824 4091 1896 4144 Dea

203 4170 291 4236 illius,
315 4169 390 4241 quod
408 4168 565 4241 Aegyptios
589 4168 617 4222 in
637 4185 714 4224 mare
738 4169 962 4242 praecipitaverit
985 4177 1037 4228 etc
1049 4168 1119 4277 [1333
1129 4178 1219 4231 triaue
1237 4184 1263 4231 et
1282 4195 1361 4230 riscus.
1401 4176 1485 4239 Quasi
1503 4175 1531 4229 ei
1555 4174 1596 4227 ita
1622 4181 1678 4240 est,
1705 4177 1896 4243 permadui.

204 4254 292 4325 Atqui
311 4271 345 4309 ea
361 4272 418 4311 non
438 4253 607 4310 conveniunt
624 4255 725 4326 angelo
742 4254 825 4311 alicui
842 4265 951 4327 creato,
970 4266 993 4314 3.
1008 4275 1041 4329 ex
1067 4264 1119 4333 qai
1135 4270 1176 4317 cst
1194 4263 1276 4317 istius
1291 4263 1361 4316 trini
1376 4269 1402 4317 st
1424 4261 1508 4314 unias
1527 4260 1587 4315 Dei
1609 4260 1727 4328 anesius
1744 4262 1790 4315 vsi
1808 4262 1896 4332 Epiri·

205 4339 345 4396 beneficiis
362 4347 391 4396 et
407 4339 551 4412 operibus,
578 4356 650 4411 quae
668 4339 733 4395 huic
752 4342 853 4412 angelo
871 4344 1038 4413 tribuuntur,
1067 4358 1120 4416 tas,
1136 4356 1225 4418 potest
1239 4364 1299 4402 esse
1310 4350 1390 4402 Deus
1402 4347 1452 4402 ilia
1470 4348 1544 4401 idem
1559 4363 1631 4399 assas
1645 4352 1672 4399 et
1688 4346 1802 4400 trinua!
1818 4348 1896 4417 Resp

205 4425 292 4479 Pilius
316 4426 371 4481 Dei
393 4426 571 4497 peculiariter
597 4426 790 4482 denominatur
816 4419 891 4494 rau:
913 4434 940 4484 et
958 4414 1039 4497 ¹7⁸}
1066 4434 1155 4506 turpis
1180 4433 1401 4505 sophisticatio
1393 4451 1422 4486 m
1447 4449 1515 4488 voce
1537 4431 1683 4500 detonat,
1712 4449 1787 4503 quae
1805 4433 1896 4490 itidem

204 4510 331 4564 salvator
357 4520 383 4565 et
403 4512 552 4579 liberator,
578 4527 610 4566 ac
627 4511 713 4567 Hebr.
736 4519 764 4580 1,
791 4531 816 4566 v.
837 4520 860 4569 3.
898 4517 1039 4586 apostolus
1065 4520 1233 4593 quandoque
1251 4518 1448 4585 αωιιιίαὶιιον,
1468 4515 1634 4591 quandoque
1647 4519 1842 4586 personaliter
1857 4533 1896 4573 ac

205 4597 266 4652 de
258 4614 319 4667 ipso
336 4598 505 4677 pronuntiat,
523 4598 598 4669 quod
606 4607 702 4667 portet
720 4600 813 4653 ortacia
830 4601 911 4654 verbo
929 4603 1041 4655 circatis
1065 4606 1174 4677 cipitur.
1201 4607 1286 4662 Pater
1302 4612 1345 4660 est
1360 4602 1495 4671 Jehovalr,
1514 4601 1602 4657 Pilius
1622 4608 1664 4656 est
1682 4601 1821 4675 Jehovalr,
1841 4602 1896 4675 apt

204 4699 281 4738 auae.
322 4687 345 4737 i.
372 4683 488 4753 angelus
515 4682 578 4749 ille,
604 4683 639 4737 de
664 4700 720 4753 quo
746 4684 883 4756 propheta
911 4685 1040 4756 loquitur,
1065 4690 1135 4746 ritus
1152 4708 1173 4744 s.
1191 4690 1378 4755 satiauerat,
1396 4706 1448 4747 uec
1466 4695 1559 4743 tamen
1578 4688 1672 4759 pluras
1692 4688 1897 4757 imitatores,

205 4766 319 4840 Spiritui
338 4788 359 4823 s.
382 4769 411 4823 in
428 4768 524 4824 ordine
544 4768 731 4839 praeponitur.
767 4769 808 4825 At
829 4771 853 4826 si
878 4772 913 4827 de
940 4773 1040 4844 angelo
1065 4777 1115 4832 sed
1134 4794 1206 4831 unus
1224 4780 1267 4833 est
1284 4775 1428 4844 Jelrovah,
1454 4774 1521 4846 quia
1544 4772 1664 4828 meantia
1689 4772 1786 4830 diviua
1812 4774 1897 4831 uibus

196 4862 298 4912 creato
318 4863 391 4912 esset
409 4872 511 4923 sermo,
528 4855 575 4910 ille
594 4873 649 4910 non
668 4863 763 4927 posset
781 4858 895 4929 Spiritui
913 4877 934 4913 s.
950 4858 980 4913 in
997 4877 1037 4915 or·
1064 4862 1140 4918 hisce
1163 4862 1288 4933 personis
1309 4861 1461 4917 communis
1484 4875 1539 4914 non
1565 4864 1608 4913 est
1633 4864 1765 4930 quartum
1793 4857 1897 4931 aliquid

205 4941 271 4997 dine
287 4941 428 5014 praeponi,
446 4942 513 5013 quia
526 4941 637 5013 ipsimet
655 4941 814 4998 Photiniani
831 4944 936 5009 dicunt,
954 4944 1039 5015 Spiri-
1064 4948 1176 5004 realiter
1193 4947 1229 5003 ab
1249 4946 1293 5001 his
1311 4944 1402 5002 tribus
1420 4944 1544 5017 personis
1562 4943 1742 5013 distinctum,
1762 4945 1812 5001 sed
1830 4960 1898 5000 unas

202 5035 263 5083 tum
284 5048 305 5083 s.
324 5045 384 5084 esse
408 5029 538 5084 viantem
564 5028 635 5099 Dei,
664 5028 737 5101 quae
758 5036 832 5085 certe
858 5029 968 5101 dignior
997 5036 1039 5084 est
1064 5034 1111 5089 ille
1128 5050 1209 5089 venas
1230 5031 1357 5090 Jehovalr
1380 5037 1422 5086 eet
1444 5031 1541 5099 Pater,
1563 5028 1652 5084 Filius
1676 5035 1705 5085 et
1730 5028 1853 5102 Spiritus
1868 5048 1898 5088 a.

205 5115 305 5169 creatis
327 5115 443 5187 angelis.
479 5122 502 5170 5.
524 5114 617 5169 nullus
641 5114 735 5171 afferri
759 5122 852 5187 potest
877 5116 1036 5186 Scripturas
1065 5136 1098 5176 ac
1114 5119 1168 5175 hae
1184 5126 1240 5176 tres
1257 5133 1391 5190 personae
1408 5122 1473 5171 sunt
1490 5130 1660 5171 uuus-verus
1673 5115 1763 5171 Deus.

205 5196 291 5267 locus,
311 5200 340 5254 in
352 5218 407 5272 quo
419 5201 505 5256 creati
517 5200 609 5273 angeli
624 5201 752 5257 dicantur
772 5201 865 5274 angeli
882 5200 970 5271 faciei,
990 5202 1038 5273 qui

205 5284 322 5353 salvent,
339 5286 476 5342 redimant
493 5293 521 5342 et
541 5292 651 5357 portent
668 5286 811 5357 populum.

244 5375 299 5426 146,
335 5376 361 5425 3.
386 5375 494 5427 Mirm
518 5381 576 5440 eat,
600 5388 647 5425 eos
672 5374 722 5442 qai
742 5376 873 5440 madunt,
902 5374 1039 5428 directam

204 5473 263 5511 esse
276 5460 390 5510 arcadem
405 5459 664 5528 Deam,‹1uiPater
676 5470 724 5525 set,
740 5478 793 5529 per
810 5460 939 5527 arpalum
950 5459 1042 5523 faciei

1405 5340 1584 5351 .-.-.——
