3984 6022
210 288 270 347 588
849 308 852 313 2
907 275 1030 337 Iocus
1048 275 1229 344 QUARTUS
1257 302 1261 347 2
1307 302 1310 313 ‚

210 435 319 489 unitmn
337 432 392 485 siti
408 431 526 485 Verbum
543 431 642 485 diuisae
659 439 791 500 oporatur
813 432 902 486 Verbo
920 448 972 500 per
983 429 1158 513 eomlofficii
1188 437 1216 485 et
1245 446 1400 512 commune.
1420 429 1531 505 alinuod
1563 430 1763 508 ἀποτέλεσμα,
1799 433 1828 488 in
1856 452 1908 507 quo

209 520 360 591 propriam
389 518 586 583 manifestante
615 519 764 587 actionem
803 519 852 572 τοῦ
881 515 981 589 Λόγου
1009 517 1045 570 δι’
1072 516 1216 587 utriusque
1249 522 1365 571 naturae
1388 516 1552 588 fprcprietas
1586 519 1736 574 concurrit
1782 519 1847 576 Ena
1871 528 1907 589 tt,

212 606 294 673 αὐτῆς
310 604 358 671 την
380 607 485 658 οίκείαν
504 604 717 678 ἐνδεικνυμένου
737 604 886 678 ἐνέργειαν.
925 607 1002 659 Nam
1020 610 1045 657 et
1070 621 1096 658 τ.
1120 609 1152 662 5:
1175 603 1277 657 Lisore
1301 603 1365 671 ejus
1388 605 1485 658 ιαιιιιίτ·
1504 622 1609 658 ειιιιιιια.
1654 606 1720 661 Ace
1748 611 1796 674 20,
1821 624 1847 661 r.
1866 614 1907 665 22:

210 694 267 747 urit
291 692 408 761 λγτιιλιισι
431 692 544 756 ferrum
567 709 623 746 non
646 692 775 747 ιιιιίιιναίι·
796 691 908 746 ratione
925 692 1045 745 usticam
1071 691 1152 742 Deus
1180 706 1231 742 esso
1262 689 1400 758 amputes
1430 691 1548 744 κεάσσαι
1578 691 1734 746 sacheium.
1780 691 1861 747 Rom
1886 701 1907 764 5,

207 778 357 849 possidens
383 777 534 844 actionem,
560 777 610 844 τὴν
635 776 785 844 καυστικὴν
808 777 965 851 ἐνέργειαν,
993 756 1095 855 sedis.
1118 781 1148 830 9:
1185 773 1344 844 Justificats'
1371 775 1402 827 in
1431 775 1566 844 sanquine
1591 777 1671 846 σγίιι,
1704 777 1783 831 saioi
1813 781 1907 832 erimus

209 882 241 918 ee
267 865 369 918 unione
394 863 468 930 ipns's
493 864 535 915 ad
560 863 670 926 serrum
697 864 773 918 ittae
795 865 931 933 possidet.
972 860 1107 960 [μιαροῦ
1136 861 1183 913 εἰσ
1202 877 1258 930 per
1281 861 1381 929 ipsum.
1421 859 1506 917 Hebr.
1532 867 1561 930 2,
1584 880 1609 916 v.
1628 869 1674 918 14:
1704 863 1840 918 Chr-istu
1856 882 1907 935 per

208 951 296 1019 ipitur
319 950 449 1002 mortals's
473 957 534 1002 erat
553 957 672 1019 propter
696 967 725 1003 se
748 950 840 1019 ipsam
857 959 883 1004 et
900 950 1044 1014 eimficune
1069 954 1185 1001 mortem
1212 948 1350 1000 dsstmmt
1378 962 1452 1015 eum,
1484 948 1535 1016 qui
1558 948 1676 1003 tutabat
1701 951 1807 1004 naonis
1829 952 1906 1021 impe·

203 1046 324 1107 propter
355 1036 484 1090 senionem
512 1037 554 1089 ad
585 1037 702 1090 Verbum
733 1039 883 1110 secundum
913 1037 1043 1105 hyposta·
1069 1034 1152 1086 rium.
1181 1038 1203 1086 l.
1222 1030 1297 1087 Patr.
1318 1038 1340 1100 1,
1356 1050 1383 1087 v,
1408 1038 1452 1088 ta:
1472 1034 1604 1089 Redemit
1619 1037 1687 1090 aetia
1700 1037 1832 1104 protom
1849 1055 1905 1092 τοι·

207 1125 251 1178 sin
271 1129 321 1178 etc.
359 1123 437 1188 Quae
461 1122 628 1192 opponenda
652 1129 716 1177 sunt
739 1122 809 1186 illis,
831 1123 879 1194 qui
901 1122 1044 1193 disputant
1069 1120 1153 1187 omne
1171 1119 1240 1186 aeni
1257 1118 1434 1172 immaculati
1452 1124 1511 1191 ete,
1542 1118 1661 1191 Sanane,
1676 1122 1853 1193 justificare,
1868 1141 1904 1179 re

207 1210 355 1264 humanam
378 1207 481 1264 Christi
501 1216 629 1263 naturam
653 1209 684 1263 in
701 1208 832 1279 operibus
851 1207 937 1263 officii
955 1214 984 1264 et
1001 1226 1042 1263 re·
1070 1204 1173 1281 dimota
1202 1203 1359 1272 ecclesiam,
1395 1203 1539 1260 desmate
1566 1223 1684 1278 regnum
1716 1207 1824 1265 diaboli
1859 1217 1905 1266 etc

208 1295 356 1351 demtionis
380 1311 464 1365 agere
489 1299 611 1361 tantum,
637 1311 709 1365 quae
733 1301 797 1349 sunt
812 1294 947 1362 humana,
971 1292 1043 1348 sicut
1069 1297 1135 1344 sunt
1158 1306 1243 1361 opera
1264 1289 1363 1360 officii,
1388 1307 1460 1362 quae
1484 1293 1637 1349 secundum
1660 1299 1814 1368 utramque
1831 1305 1905 1353 natu·

209 1381 393 1452 divinaagit‚
414 1389 567 1451 quaesunt
586 1380 687 1435 divina.
724 1379 909 1435 Committunt
926 1380 967 1434 illi
981 1379 1041 1443 sat-
1069 1393 1126 1431 ram
1156 1377 1192 1431 de
1219 1375 1328 1432 Christo
1355 1378 1565 1448 praedicantum,
1593 1381 1707 1437 interim
1734 1388 1830 1438 umen
1854 1401 1905 1440 nen

208 1468 313 1522 taciem
332 1467 540 1536 compositionis
558 1475 583 1520 et
603 1466 764 1534 dicineum,
791 1466 857 1520 dum
876 1463 1042 1520 insufficien·
1069 1463 1186 1518 dicimus
1206 1462 1346 1518 Christum
1371 1480 1431 1520 esse
1454 1482 1568 1536 passum
1593 1473 1622 1522 et
1646 1461 1790 1524 mirtunm
1814 1487 1905 1527 secun

207 1561 263 1610 tem
288 1553 475 1609 definitionem
494 1553 578 1625 hujus
596 1553 705 1625 generis
723 1559 889 1624 proponunt.
926 1552 1043 1609 Verissi-
1070 1548 1136 1602 dum
1156 1554 1304 1621 utramque
1321 1556 1463 1619 naturam,
1488 1553 1537 1608 sed
1556 1551 1697 1620 Christum
1717 1571 1781 1613 esse
1798 1572 1905 1627 panum

206 1659 281 1695 mum
318 1639 430 1710 quidem
465 1644 521 1708 est,
557 1640 586 1692 in
617 1639 747 1708 operimus
778 1640 870 1708 offleii
895 1647 1043 1708 utramque
1069 1651 1164 1704 came,
1192 1634 1332 1690 Christum
1359 1653 1420 1691 esse
1446 1644 1584 1693 mortuum
1610 1639 1770 1696 secundum
1792 1659 1904 1712 essm

208 1728 314 1781 Christi
335 1735 467 1780 namram
491 1743 587 1794 apere,
610 1730 687 1795 quod
712 1725 810 1794 ουίριιε
824 1726 975 1794 proprium
994 1735 1042 1794 cst,
1069 1725 1102 1775 ut
1119 1721 1148 1775 in
1165 1721 1254 1792 primo
1273 1738 1375 1794 genere
1392 1724 1650 1782 communicationis
1669 1727 1851 1784 ostendimm

207 1814 256 1870 sed
282 1830 314 1869 eo
338 1830 393 1867 non
412 1812 566 1868 absolvitur
584 1811 693 1883 integra
709 1811 848 1881 definitio,
878 1828 973 1866 verum
994 1811 1042 1865 ad-
1105 1813 1162 1863 285.
1198 1807 1344 1864 Caeterum
1369 1826 1540 1882 sumopere
1565 1810 1653 1868 officii
1675 1812 1719 1868 ita
1745 1813 1783 1870 de
1802 1813 1903 1871 Chrimc

207 1901 329 1955 dandum
348 1899 431 1955 etiam
449 1898 533 1961 illud,
562 1897 637 1969 quod
657 1914 748 1953 canon
764 1896 873 1953 concilii
890 1896 1041 1952 Chalcedo—
1069 1894 1222 1949 secundum
1241 1901 1389 1967 utramque
1407 1903 1536 1953 naturam
1553 1898 1763 1969 praedicarim,
1782 1907 1815 1957 nt
1830 1910 1902 1958 natu-

206 1986 298 2042 nensis
325 1985 405 2040 addit
439 2002 501 2037 cum
529 1985 777 2038 communicatione
807 1985 939 2052 aterius,
971 2000 1042 2054 quae
1068 1997 1161 2034 rarum
1193 1980 1342 2037 discrimen
1372 1983 1479 2038 salsum
1507 1988 1591 2056 atque
1620 1985 1766 2057 integrum
1791 1990 1903 2058 maneat

206 2070 419 2127 communicatio
443 2068 580 2141 quomodo
601 2076 762 2142 comparata
780 2071 829 2137 sit,
851 2071 911 2140 Jam
928 2076 993 2124 aute
1012 2071 1040 2123 in
1069 2066 1221 2121 notandum
1247 2074 1290 2123 est
1316 2085 1351 2123 ex
1376 2068 1550 2126 Damascene
1574 2070 1635 2127 libr.
1656 2077 1681 2128 3.
1704 2073 1744 2127 de
1766 2073 1838 2129 orth.
1860 2075 1902 2130 fid

206 2155 438 2229 praecedentibus
462 2154 518 2210 fuit
542 2155 705 2226 expositum.
740 2155 783 2210 Ac
800 2155 823 2210 si
843 2156 904 2225 quis
924 2155 1040 2227 diligen-
1068 2168 1090 2205 c.
1118 2159 1157 2208 15.
1192 2153 1341 2209 discrimen
1370 2154 1443 2210 inter
1468 2155 1609 2228 ἐνέργειαν
1640 2161 1689 2212 καλ
1724 2156 1903 2234 ιἰντυτέλεσμα.

206 2249 248 2299 ter
270 2241 409 2310 attendat,
434 2241 463 2296 in
484 2240 577 2296 verbis
597 2241 652 2295 illis
668 2240 739 2314 μετὰ
759 2244 878 2315 θατέρου
898 2247 1041 2302 κοινωνίας
1068 2239 1167 2304 Duos,
1192 2239 1295 2310 inquit,
1324 2243 1462 2312 ἐνεργείας
1480 2242 1600 2296 dicimus
1617 2243 1649 2298 im
1668 2242 1793 2314 Uiriato,
1809 2248 1904 2302 habaet

207 2328 363 2384 differentia
390 2325 520 2397 specifica
544 2325 628 2397 hujus
655 2326 764 2398 generis
789 2327 961 2397 continetur,
987 2327 1040 2396 nigri
1067 2323 1139 2377 enim
1155 2331 1185 2378 at
1203 2327 1283 2379 Deus
1302 2333 1329 2380 et
1340 2327 1428 2380 Patri
1446 2324 1593 2400 eposium
1608 2330 1744 2385 rimulam
1760 2340 1787 2384 et
1803 2350 1903 2403 αιριια-

205 2416 278 2471 enin
301 2413 370 2469 haec
395 2410 532 2486 aspirasti
556 2412 686 2481 addatur,
711 2411 789 2466 nulla
812 2412 842 2466 in
862 2412 914 2468 hoc
938 2430 1039 2485 genem
1066 2410 1199 2477 litoreis
1218 2416 1300 2467 θείαν
1321 2413 1463 2484 ἐνέργειαν
1481 2423 1507 2468 et
1524 2423 1555 2468 ut
1574 2415 1657 2470 horso
1667 2417 1814 2480 faemos
1827 2420 1901 2475 mes

188 2506 277 2556 xessert
305 2500 468 2554 idiomatum
497 2500 636 2552 κοινωνία.
681 2497 772 2564 Quare
801 2498 831 2552 in
860 2497 913 2554 hoc
937 2515 1040 2571 genere
1065 2494 1212 2569 ὁμοοὺσιος
1224 2499 1362 2553 humanas
1372 2507 1492 2554 nmurae
1504 2500 1654 2575 ἐνέργειαν.
1668 2501 1900 2573 samoneos,

204 2587 259 2642 tria
285 2592 416 2641 accurate
440 2591 505 2640 sunt
528 2584 665 2653 notanda,
690 2591 723 2638 ut
749 2589 881 2639 κοινωνία
905 2584 934 2639 in
953 2601 986 2639 eo
1004 2586 1040 2640 sit
1065 2585 1143 2651 quod
1155 2584 1239 2638 atiud
1250 2585 1287 2638 eit
1299 2585 1433 2658 ἐνέργεια,
1451 2594 1477 2640 et
1491 2587 1576 2649 σλίιιιλ
1585 2586 1774 2662 intermissis,
1788 2600 1816 2646 at
1827 2593 1902 2647 υλλιιιέ

205 2672 344 2728 illustrior.
376 2670 470 2725 Primo
487 2670 563 2743 quod
581 2670 726 2741 utriusque
738 2677 853 2725 naturae
864 2671 1039 2742 operationes
1065 2667 1359 2740 ἐνέργημσ,σίσῑείιιέὁ
1369 2671 1498 2744 ἐνεργῶν.
1509 2670 1899 2747 Ἐνέργειασοέἐοσιιίᾱσιιισσ

207 2759 236 2813 in
257 2774 313 2812 uno
331 2757 528 2828 apotelesmata
547 2762 576 2811 at
594 2757 630 2811 ad
646 2774 732 2811 unum
744 2758 1038 2828 apotelesmaeoncur·
1066 2754 1080 2823 ἡ
1098 2755 1230 2829 δραστικὴ
1249 2759 1295 2810 καλ
1313 2755 1449 2825 οὐσιώδης
1466 2760 1511 2828 τῆς
1529 2758 1641 2831 φύσεος
1658 2767 1783 2832 κίνησις,
1803 2765 1898 2834 efficat

205 2850 275 2900 rant.
312 2843 441 2900 Seemdo
459 2842 534 2914 quod
552 2860 607 2898 una
625 2850 725 2899 natura
741 2843 771 2897 in
789 2842 881 2899 officio
894 2844 1038 2901 mediatio·
1065 2848 1091 2894 et
1108 2842 1303 2899 miscuistis
1318 2852 1439 2899 nmmos
1457 2854 1561 2915 motum
1585 2846 1767 2921 ἐνεργητικόν
1787 2851 1897 2905 maen

204 2932 247 2986 nis
269 2928 492 2985 acredemtionis
503 2928 609 2999 aliquid
623 2935 723 2999 agente
734 2929 822 2984 altera
833 2946 889 2984 non
902 2930 939 2984 sit
950 2931 1039 2986 otiosa
1065 2935 1106 2981 eat
1127 2928 1142 2994 ἡ
1163 2926 1262 3000 φύσις,
1288 2939 1393 2984 καίοιτο
1412 2932 1486 3001 ipsa,
1512 2949 1544 2986 aa
1563 2949 1620 3002 qua
1638 2937 1745 3002 prodit
1765 2936 1897 3011 ἐνέργειαι

106 3065 109 3068 ,
204 3022 234 3073 et
249 3015 318 3070 nihil
336 3019 415 3086 agat,
434 3013 522 3069 multo
541 3014 633 3070 miuus
651 3015 687 3069 sit
704 3021 850 3086 separata,
874 3016 923 3072 sed
943 3017 1039 3088 agenti
1066 3014 1204 3089 ἐνέργημα
1233 3024 1312 3071 actus
1339 3026 1393 3087 est,
1419 3018 1451 3073 τὸ
1478 3020 1523 3087 τῆς
1548 3017 1690 3093 ἐνεργείας
1721 3020 1896 3095 ἀποτέλεσμα,

204 3103 284 3161 alteri
309 3101 491 3174 personaliter
516 3100 595 3156 unita
619 3107 736 3157 maneat
773 3103 820 3160 Sic
846 3104 970 3174 patiente
988 3105 1038 3159 hu·
1065 3102 1183 3155 auionis
1212 3103 1368 3173 absolutio,
1400 3112 1426 3158 ct
1456 3122 1503 3159 res
1534 3106 1599 3175 ipsa
1628 3115 1719 3175 perta.
1768 3107 1897 3184 ‘Esspysir

205 3189 338 3246 munitate
360 3206 416 3243 non
444 3195 487 3243 est
504 3187 593 3242 otiosa
613 3187 760 3254 divinitas,
784 3188 834 3245 sed
849 3190 930 3246 adest
946 3204 1038 3262 perso·
1064 3204 1163 3256 αγοιιε,
1190 3188 1205 3242 ὁ
1232 3193 1398 3263 κεχρημένος
1424 3191 1457 3265 τῇ
1477 3191 1600 3265 ἐνεργείᾳ
1619 3191 1680 3261 ἤτοι
1701 3193 1719 3261 ἡ
1740 3193 1895 3262 ὑπόστασις,

203 3277 303 3332 nahter
327 3281 445 3330 naturae
467 3273 585 3345 patienti
610 3290 727 3345 eamque
752 3276 912 3331 corroborat
938 3283 968 3333 et
995 3296 1038 3332 su·
1064 3276 1141 3342 quod
1171 3276 1260 3328 utitur
1292 3277 1414 3343 actione,
1443 3279 1477 3330 id
1499 3286 1538 3332 eat
1566 3280 1735 3349 hypostases.
1788 3282 1895 3337 Dicitur

203 3368 322 3430 stentat,
350 3366 383 3415 ut
398 3360 488 3431 possit
503 3361 666 3416 immensum
684 3361 754 3415 illud
773 3379 841 3417 onus
859 3371 1037 3433 peccatomm
1064 3359 1148 3413 etiam
1176 3358 1192 3426 ἡ
1222 3362 1346 3435 ἐνέργεια
1373 3362 1513 3437 ἐνέργημα
1541 3368 1586 3418 καλ
1615 3362 1644 3420 τὸ
1663 3366 1811 3442 ἐνέργημα
1831 3369 1895 3437 ἐνέρ

202 3448 287 3503 totius
312 3447 410 3502 mundi
424 3452 465 3501 ,et
488 3445 546 3502 iras
572 3446 681 3502 divim
707 3447 909 3517 pmcafis‘illis
927 3449 1038 3507 debitae
1064 3464 1140 3514 yria,
1166 3446 1201 3507 uic
1227 3451 1272 3500 sat
1299 3446 1330 3502 sd
1354 3455 1455 3523 κτίσμα
1481 3456 1580 3511 κτίσις·
1614 3451 1688 3506 οὕτω
1719 3453 1778 3528 γιὶρ
1809 3452 1896 3527 piper

204 3534 346 3603 sustinere,
365 3538 393 3588 et
411 3531 497 3588 efficit
512 3532 655 3601 passiones
673 3532 735 3588 illas
747 3533 882 3589 salutares
896 3552 929 3590 ae
943 3552 1036 3591 coram
1064 3532 1141 3586 πᾶσα
1171 3531 1185 3599 t
1211 3539 1297 3595 κτίσις
1326 3533 1358 3588 τὰ
1387 3541 1524 3610 κτίσματι
1550 3538 1706 3604 δηλοῦντες.
1755 3540 1895 3599 Sciendum

89 3631 97 3639 “
203 3625 262 3676 tuto
286 3619 390 3675 mundo
413 3618 556 3689 pretiosas.
592 3617 686 3676 Tertio
707 3620 782 3690 quod
799 3619 919 3676 humana
937 3628 1038 3677 natura
1064 3618 1138 3688 quod
1165 3619 1288 3692 ἐνέργεια
1313 3620 1349 3675 sit
1375 3627 1482 3690 κίνησις
1504 3627 1551 3677 καλ
1576 3626 1688 3696 μᾶλλον
1716 3625 1895 3702 ἐνεργεῖταιῆ

202 3706 231 3759 in
251 3705 380 3776 operibus
399 3703 484 3761 officii
502 3704 562 3776 agit
578 3722 634 3758 non
650 3710 759 3760 tantum
777 3722 850 3778 quae
861 3707 913 3762 sibi
924 3709 1037 3779 propria
1064 3704 1181 3777 ἐνεργεῖ,
1200 3711 1224 3760 ελ
1240 3707 1272 3760 δὲ
1290 3706 1415 3778 ἐνέργειά
1434 3709 1515 3776 ἐστιν,
1539 3710 1758 3784 ἐνεργηθήσετιιι
1777 3713 1895 3783 δηλονότι

203 3798 268 3846 sunt
293 3807 344 3862 per
373 3789 532 3846 essentiales
555 3807 620 3845 suae
645 3791 843 3862 proprietates,
877 3794 926 3849 sed
952 3795 1035 3850 etiam
1063 3794 1108 3844 sol
1127 3791 1177 3845 οὐκ
1195 3791 1336 3864 ἐνεργήσει
1355 3799 1398 3850 καλ
1418 3794 1491 3869 ὁμοῦ
1506 3799 1544 3867 τῷ
1562 3798 1894 3872 ἐνεργηθῆναιιταύσετιι,

203 3894 275 3949 quae
299 3893 364 3933 vere
389 3876 483 3931 divina
507 3893 558 3948 per
578 3877 807 3934 communicatam
832 3879 886 3934 sibi
909 3883 1036 3951 maJesta-
1062 3879 1200 3948 mquidem
1218 3882 1291 3935 actio
1310 3890 1358 3951 est,
1379 3891 1487 3952 apetur,
1505 3885 1612 3938 scitust
1624 3902 1683 3940 non
1695 3889 1894 3958 aymatsimsl

202 3953 305 4019 temet
323 3964 461 4017 virtutem.
497 3962 639 4027 Quaedam
663 3963 847 4022 enimolficii
866 3982 952 4035 opera
968 3967 1036 4022 talia
1063 3973 1145 4033 atque
1169 3974 1234 4020 acta
1256 3969 1361 4038 νἰισιίί,
1391 3970 1519 4038 quiescet.
1561 3971 1641 4037 Quae
1671 3974 1770 4030 omnia
1800 3976 1893 4032 ibidem

86 4065 126 4105 111.
140 4063 187 4108 tet.
201 4057 278 4119 sunt,
305 4056 336 4104 ut
354 4067 460 4138 eafuon
478 4048 567 4120 possit
584 4055 686 4103 natura
705 4050 800 4105 divina
816 4057 958 4121 praestare
976 4054 1036 4109 sine
1061 4050 1182 4107 illustrat
1212 4053 1337 4125 exemplo
1366 4056 1489 4126 corporis
1521 4057 1636 4137 animati
1663 4066 1695 4115 et
1720 4060 1791 4118 farri
1815 4063 1893 4136 ignih',

200 4142 324 4192 assumta
342 4135 522 4202 humanitate,
540 4140 573 4189 ut
590 4134 656 4191 dare
671 4152 770 4205 corpus
783 4153 863 4191 suum
876 4141 1035 4208 promundi
1062 4153 1149 4208 eaque
1168 4138 1204 4192 ad
1222 4139 1362 4195 Christum
1381 4141 1434 4197 hoc
1451 4143 1534 4198 modo
1552 4144 1686 4215 applicat
1728 4149 1768 4203 Ιιι
1793 4149 1892 4204 Christo

198 4221 268 4289 vita,
295 4221 438 4276 effundere
461 4220 626 4291 sanguinem
649 4220 677 4274 in
699 4220 888 4278 remissionem
907 4230 1033 4294 peecato-
1063 4224 1186 4278 Domino
1203 4233 1306 4295 nostro,
1324 4226 1422 4297 inquit,
1440 4227 1560 4302 δύναμις
1576 4230 1735 4305 θαυμάτων
1753 4235 1813 4292 fuit
1829 4238 1892 4305 ργρρ.

189 4327 274 4377 ῃῃῃ,
303 4308 370 4363 dare
400 4306 518 4362 animam
545 4325 624 4362 suam
652 4306 815 4377 similesque
844 4327 895 4380 pro
926 4313 1034 4384 multia
1061 4327 1122 4379 γεια
1141 4311 1312 4378 diuinitatis,
1340 4312 1406 4378 ἡδὲ
1419 4321 1585 4389 χειρουργία
1605 4320 1652 4371 set
1673 4317 1704 4375 sd
1724 4324 1843 4391 θελῆσαι
1855 4324 1891 4375 κτλ

199 4395 336 4465 quaedam
360 4411 425 4449 vero
451 4393 503 4449 etsi
527 4399 622 4464 posset
649 4411 683 4449 ex
705 4395 765 4450 sola
782 4412 832 4450 sua
850 4396 953 4454 dutate
972 4416 1034 4469 per-
1060 4394 1091 4449 τὸ
1117 4398 1207 4450 εἰπεῖν
1231 4400 1305 4450 θέλοι
1324 4406 1511 4471 καθαρίσθητι
1527 4402 1713 4460 honentatis
1730 4407 1827 4476 ι’μτιίιι
1841 4414 1891 4462 σει*

198 4480 296 4550 ficere,
321 4486 415 4537 tamen
437 4498 471 4536 ex
496 4480 591 4535 mains
618 4478 730 4550 sidonio
750 4498 783 4536 ae
802 4482 891 4538 libera
909 4501 942 4539 ac
961 4485 1034 4541 bona
1061 4480 1193 4554 ἐνέργεια.
1226 4481 1411 4558 ’Λιτοτέλεσμα
1429 4487 1612 4543 tmnanttata
1628 4499 1693 4545 erat
1707 4511 1822 4561 panum
1831 4497 1890 4562 fra·

197 4569 340 4624 voluntate
364 4568 401 4622 ad
425 4567 474 4623 illa
495 4568 663 4638 praestanda
680 4568 796 4624 adhibet
815 4578 966 4626 msumtam
983 4573 1033 4628 hu·
1060 4569 1113 4621 ctio
1131 4576 1158 4622 et
1175 4572 1253 4638 quod
1268 4573 1393 4627 audierit
1404 4574 1549 4644 λσγνοιιιιε
1560 4575 1642 4644 σοίσ,·
1660 4578 1891 4635 diuinitats‘smsu

197 4672 308 4710 munem
336 4660 464 4709 naturam
490 4658 623 4727 unquam
650 4671 774 4727 organon
799 4658 981 4726 personaliter
1005 4667 1033 4715 et
1054 4673 1162 4724 passum
1180 4657 1380 4727 multiplicatio
1398 4667 1424 4712 et
1442 4659 1551 4728 leprosi
1565 4665 1724 4732 mundatio,
1742 4675 1892 4736 perraras-

197 4739 418 4812 inseparabiliter
436 4739 489 4794 sibi
508 4741 629 4810 unitum,
650 4740 699 4796 ubi
713 4741 839 4797 >humana
853 4749 955 4800 natura
973 4747 1033 4818 agit
1060 4759 1111 4812 que
1138 4743 1208 4796 enim
1234 4751 1261 4798 et
1289 4745 1400 4799 animae
1424 4754 1450 4800 et
1475 4749 1603 4817 corporis
1626 4751 1757 4806 actiones
1774 4771 1853 4807 saon
1868 4760 1892 4806 et

197 4845 252 4882 non
279 4844 313 4881 ex
340 4824 513 4880 naturalibus
539 4826 595 4881 suis
620 4826 836 4897 proprietatibus
862 4835 892 4885 et
917 4829 1031 4899 viribus,
1060 4831 1176 4882 eandm
1212 4847 1378 4898 compensem
1413 4840 1440 4885 ct
1471 4834 1618 4903 amusium
1647 4838 1826 4893 demmmtrat
1852 4840 1892 4891 sui

188 4913 245 4969 ‚sed
264 4927 298 4966 ex
314 4911 517 4967 communicata
534 4911 587 4966 sibi
607 4929 658 4983 per
678 4913 808 4970 unicum
827 4914 1030 4987 hypostaticam
1058 4916 1147 4986 ι’ριέιιε
1165 4918 1310 4971 actionem.
1351 4919 1385 4972 Ut
1411 4919 1482 4974 enim
1501 4922 1681 4988 σγασισίτιιειι
1699 4934 1820 4980 nauem
1838 4927 1890 4980 smi-

196 4997 290 5053 divina
305 5003 452 5068 potestate.
1057 5010 1102 5056 tac
1123 5000 1172 5069 τὴν
1199 5002 1229 5056 ἐν
1252 5001 1381 5072 ἀλλήλαις
1404 5003 1520 5076 ἐχούσας
1543 5007 1734 5083 περιχόρησιν
1758 5022 1784 5067 et
1800 5032 1891 5069 mm

229 5091 287 5141 284.
325 5088 350 5138 6.
374 5084 543 5139 Particulae
566 5086 751 5142 distinctivae.
786 5088 821 5142 In
847 5087 1030 5161 descriptione
1058 5090 1245 5159 differendam
1271 5109 1328 5144 non
1354 5109 1503 5161 nepamus,
1535 5096 1587 5149 sed
1616 5105 1642 5149 et
1665 5116 1845 5154 numeramus
1869 5109 1894 5154 (t

194 5171 280 5226 officii
298 5172 465 5243 quandoque
491 5171 573 5227 simul
598 5173 747 5228 involvitur
765 5173 919 5244 proprietas
937 5177 1031 5249 aliqua
1058 5177 1169 5229 caedem
1193 5175 1412 5246 inseparabiles,
1430 5177 1606 5252 ἀδιαιρέτους
1630 5187 1828 5255 apssoscimus,
1853 5188 1891 5239 ita

196 5254 333 5314 humanae
351 5265 480 5326 naturae,
501 5259 572 5328 quae
590 5258 737 5331 diligenter
756 5260 908 5316 evolvenda
926 5268 976 5332 est,
995 5280 1030 5318 ne
1058 5279 1165 5332 quoquc
1192 5263 1365 5318 vetustatum
1390 5274 1415 5319 et
1441 5267 1595 5338 ἐνεργητιῑν
1621 5271 1768 5327 actionum
1796 5277 1841 5327 καλ
1866 5271 1890 5324 ni

195 5341 321 5397 confusio
344 5349 506 5399 naturarum
534 5349 673 5415 sequatur.
710 5344 756 5403 Sic
777 5345 837 5417 pati
854 5354 884 5402 et
902 5349 970 5404 mori
989 5354 1031 5404 est
1057 5349 1181 5418 συναφὲς
1199 5347 1374 5421 γινώσκομεν
1392 5356 1438 5405 καλ
1456 5350 1487 5406 τὸ
1504 5351 1643 5426 διάφορον
1665 5356 1891 5433 ἐντιγινιιὶσκομεν,

194 5425 331 5483 humanae
347 5436 463 5486 naturae
481 5430 643 5502 proprietas,
662 5433 711 5488 sed
728 5433 790 5503 pati
807 5451 858 5504 pro
876 5435 961 5490 totius
978 5435 1029 5490 hu·
1056 5437 1277 5505 conjsmctionem
1296 5446 1321 5491 et
1340 5440 1527 5509 defferentiom
1544 5442 1737 5511 apnoscs'mm,
1761 5456 1788 5501 et
1807 5463 1892 5500 name·

192 5513 267 5573 mani
285 5515 394 5591 ςυσοτὶε
405 5518 535 5594 peccatis,
554 5519 622 5576 mori
639 5537 690 5591 pro
709 5520 806 5577 muudi
826 5519 886 5578 vita
903 5528 946 5578 est
958 5539 1028 5594 opus
1055 5539 1153 5578 ramus
1184 5530 1211 5578 et
1241 5524 1405 5583 ἀίσίτλοοαιι
1431 5527 1653 5600 haudquaquam
1680 5529 1892 5591 ints-odaeum.
