3984 6022
701 281 754 340 DE
772 280 986 342 sumus
1004 281 1134 341 443134.
1703 294 1760 357 197

101 440 162 492 443.
194 441 218 492 5.
256 436 303 490 Eu
325 436 491 507 Scripturas
521 437 644 493 encomio
674 445 701 492 et
731 441 905 494 commenda·
932 444 1009 510 21,4
1009 445 1083 496 .423
1107 439 1206 495 1144444
1222 456 1312 494 sermo
1331 440 1404 495 inter
1413 441 1535 510 fratres,
1551 438 1596 495 lu'e
1608 441 1764 513 dicipulus

10 509 149 589 ¹33..qu
187 528 209 579 1.
236 523 388 595 Apostolus
415 530 439 580 2.
464 524 536 580 Tim.
564 529 593 595 3,
620 543 646 582 r.
677 530 708 582 13
736 525 904 597 pronuntiat,
930 543 985 581 non
1003 527 1136 596 moritur3
1165 533 1189 583 4
1211 543 1263 581 nec
1284 526 1346 581 roci
1370 530 1511 596 pastorum
1529 526 1669 593 4144414444,
1694 528 1764 585 alius

10 612 31 641 ²·
67 610 238 682 Scripturam
269 627 301 666 ea
330 611 413 665 modo
445 628 503 666 esse
528 613 623 666 utitem
653 614 696 666 ad
713 613 863 667 dedeceat!
851 616 903 683 tur,
929 613 1003 669 enim
1021 629 1076 668 nou
1095 619 1188 669 4444444
1201 613 1350 683 predandi
1364 613 1488 683 sperum,
1508 630 1546 666 aa
1561 614 1662 667 sintae
1676 614 1764 668 DEO

65 699 189 769 ἔλεγχον,
212 694 408 771 4444443444
431 713 465 752 44
489 698 630 769 παιδείαν,
655 707 686 753 ut
705 701 851 770 perfectus
867 700 904 753 sit
931 698 1116 765 1.341ι.4,4.1.
1134 699 1211 770 Ergo
1221 699 1602 772 unicumverbumscriptam
1613 706 1763 757 estnorma

64 785 148 839 tomo
167 783 226 838 Dei
248 784 291 837 ad
313 801 392 838 omne
414 800 485 855 opus
507 786 607 839 donum
631 785 796 856 instructus,
821 793 903 855 atque
927 786 1078 841 veritatis'
1069 804 1098 840 m
1116 786 1240 842 ecclesia

65 880 97 925 ut
122 870 256 924 iaruman
280 872 433 942 sapientem
457 873 577 927 reddere
598 873 689 943 possit
713 874 756 927 ad
777 874 902 927 salutem
963 878 1023 930 443.
1052 872 1131 928 Idem
1155 873 1299 929 nobiscum
1324 872 1423 928 docent
1444 878 1545 943 patres.
1580 870 1741 927 Justinus
1732 890 1762 927 m
1775 854 1872 955 {mm

63 956 171 1029 Utique
194 973 261 1030 ergo
285 963 327 1013 444
350 956 491 1014 sufficiam
519 974 616 1014 norma
642 958 798 1030 doctrinae,
820 959 903 1031 J'urta
929 958 1044 1030 exposit.
1068 966 1135 1014 rect
1161 959 1209 1015 fid
1227 978 1255 1030 p.
1274 964 1339 1016 2944
1369 959 1483 1013 12444444
1500 959 1641 1028 responsis
1660 959 1690 1011 s'n
1708 976 1761 1012 me-
1775 965 1805 1006 11
1818 963 1864 1007 344.

64 1059 150 1115 quam
180 1043 209 1098 in
239 1042 358 1100 ecclesia
387 1044 556 1114 docendum,
581 1045 663 1114 juxta
694 1061 777 1117 quam
808 1062 901 1100 omnes
929 1046 1007 1099 diam
1026 1046 1214 1115 proferendis
1239 1047 1322 1100 444444
1348 1052 1429 1115 atque
1453 1046 1536 1099 etiam
1560 1044 1631 1099 miii
1647 1045 1763 1115 dispice,

64 1129 194 1185 haereses
211 1128 395 1196 refellendae,
411 1132 493 1201 Juxta
510 1147 594 1202 quam
612 1132 670 1186 rita
690 1138 718 1187 et
737 1147 824 1186 mores
843 1147 901 1186 cor·
928 1133 957 1184 irs
986 1148 1040 1201 quo
1068 1131 1124 1185 illa
1150 1133 1251 1185 ordine
1274 1133 1436 1201 ponendum
1462 1132 1580 1185 doceant
1603 1131 1709 1195 ditium
1738 1137 1765 1184 et

63 1214 183 1287 rigandi.
218 1220 242 1271 2.
266 1215 348 1282 Quod
372 1215 424 1271 erit
450 1233 547 1271 norma
563 1217 677 1272 extremi
693 1217 807 1288 judicii,
831 1216 902 1271 illud
930 1218 1067 1288 Spiritum
1083 1225 1218 1286 sanetum,
1235 1218 1374 1288 siquidem
1391 1219 1472 1288 apud
1488 1218 1620 1272 aecastor
1637 1219 1763 1272 alumnos

65 1302 150 1358 4444444
174 1301 204 1356 in
224 1301 278 1358 bac
300 1302 359 1356 4444
381 1307 473 1373 potest
496 1319 556 1358 esse
573 1302 638 1358 fidei
655 1320 689 1359 44
706 1303 780 1359 vitae
797 1318 902 1359 norma.
928 1323 985 1360 non
1004 1307 1046 1359 ad
1057 1305 1195 1358 tensanus
1207 1305 1338 1361 rationes
1355 1312 1382 1358 44
1398 1305 1578 1372 capitationes
1596 1305 1764 1392 diripendae

63 1388 130 1446 Jam
144 1405 211 1445 raro
226 1386 371 1460 Scriptura
386 1389 439 1444 erit
454 1406 552 1445 norma
568 1389 681 1446 extremi
697 1389 805 1460 judicii,
821 1390 903 1460 juxta
928 1399 992 1446 sunt
1013 1409 1060 1445 res
1078 1392 1207 1462 diuinae,
1232 1393 1285 1445 sed
1300 1392 1342 1445 ad
1358 1407 1466 1444 sensum
1486 1399 1511 1445 et
1527 1371 1696 1446 uoluntatem
1714 1392 1763 1444 do·

63 1491 148 1547 quam
178 1474 208 1529 in
237 1474 282 1530 die
311 1475 361 1530 illu
386 1479 489 1550 ιριιικῇ
517 1475 741 1547 pronuntiabitur
767 1474 903 1531 sententia
928 1480 1035 1534 44444444
1064 1479 1188 1549 Spiritus
1215 1479 1308 1534 oratio
1336 1479 1583 1548 interpretatioque
1611 1494 1763 1533 accommo-

65 1560 239 1617 absolutoria
254 1578 322 1634 erga
340 1561 442 1617 electos
461 1567 488 1618 et
505 1562 680 1618 damnatoria
697 1568 795 1618 contra
810 1579 902 1633 repro·
929 1569 1036 1621 danda.
1076 1566 1119 1620 Aa
1142 1567 1278 1636 princeps
1301 1582 1357 1618 non
1376 1565 1487 1618 audiat
1504 1565 1616 1631 Dauid,
1642 1574 1689 1619 etr.
1707 1582 1764 1619 non

64 1649 117 1704 bos
134 1649 207 1703 Dan.
233 1655 263 1718 7,
290 1666 316 1702 4.
338 1653 377 1704 10.
401 1647 464 1703 3414.
492 1654 535 1716 12,
556 1667 582 1704 4.
606 1655 647 1705 43.
674 1648 754 1705 Ram.
773 1655 797 1718 2,
817 1665 842 1704 v.
863 1653 901 1705 13.
929 1653 1095 1706 adsimeiiter
1113 1659 1139 1706 44
1157 1653 1269 1706 divinus
1287 1652 1405 1706 Paulus.
1447 1649 1641 1706 Irenaeushb.
1660 1651 1764 1706 2444.

65 1735 154 1806 Apcc.
172 1741 213 1800 23,
230 1752 256 1788 4.
275 1741 299 1791 2.
318 1734 425 1806 Utique
441 1752 507 1807 ergo
525 1735 607 1790 etiam
625 1736 655 1790 in
672 1736 724 1791 hac
741 1734 800 1791 rita
810 1740 903 1807 potest
927 1738 1033 1795 haeres.
1057 1755 1080 1793 c.
1102 1744 1127 1793 2.
1151 1756 1177 1809 p.
1194 1743 1228 1794 93
1235 1723 1249 1792 4’
1271 1737 1327 1792 sur
1346 1738 1437 1806 maqis
1456 1738 1598 1790 credemus
1615 1737 1766 1791 damandi

66 1821 261 1879 4444444444
277 1820 351 1877 ritae
370 1820 512 1877 sufficiens
531 1838 635 1877 norma.
922 1826 1137 1894 fabricatione.t
1164 1825 1256 1892 1444444,
1285 1824 1336 1896 qui
1356 1824 1502 1895 praedicti
1525 1830 1590 1877 44444
1617 1823 1764 1877 44444444ιῆ

102 1914 161 1966 444.
198 1913 222 1964 t.
255 1909 302 1962 Eu
329 1925 446 1964 nonnae
472 1909 648 1980 proprietate
679 1917 704 1962 et
736 1908 902 1963 conditione.
927 1912 967 1966 sic
982 1914 1069 1978 fatua
1087 1920 1114 1966 44
1131 1912 1320 1966 inconstantia
1338 1910 1540 1980 perstantibus,
1559 1927 1598 1964 an
1616 1911 1764 1979 discipulis

10 1984 14 2048 T
64 1996 170 2053 Norma
196 1994 263 2050 fidei
291 2001 320 2050 et
345 1995 506 2068 dogmatum
531 1997 561 2051 in
589 1994 706 2052 ecclesia
732 1995 816 2050 debet
843 2009 902 2048 4444
929 1999 1045 2053 Domini
1068 2005 1093 2052 et
1110 1998 1196 2068 fideli
1217 1999 1331 2065 samum
1349 1999 1409 2052 Dei
1426 1997 1524 2066 Mopsi
1540 2014 1575 2051 ac
1588 1998 1764 2067 proptereat

67 2089 92 2140 1.
115 2082 230 2154 publica
251 2082 416 2137 auctoritate
433 2088 561 2154 recepta;
597 2087 621 2139 2.
639 2081 767 2137 omnibus
783 2098 903 2136 commu·
928 2085 974 2142 lib.
993 2085 1082 2156 ejusd.
1102 2101 1163 2156 cap.
1181 2090 1210 2140 3:
1246 2085 1334 2149 Quale
1351 2084 1422 2138 enim
1443 2091 1495 2148 est,
1516 2084 1718 2153 prophetarum
1738 2091 1765 2138 44

65 2169 126 2239 4444,
151 2174 175 2225 3.
198 2174 285 2234 certa,
311 2169 425 2224 immota
450 2174 479 2224 et
495 2167 660 2232 infallibilis,
684 2184 735 2223 nec
754 2167 843 2222 instar
860 2184 901 2222 re·
931 2173 1051 2228 Domini
1072 2179 1100 2226 et
1122 2173 1312 2242 apostolorum
1335 2172 1522 2242 relinquentes
1545 2188 1596 2226 nos
1619 2187 1699 2226 44444
1721 2178 1764 2225 at·

66 2257 150 2330 gulae
165 2254 292 2319 Lesbiae,
310 2255 359 2311 4441
376 2254 546 2311 invariabilis
566 2256 663 2326 suique
675 2271 784 2326 semper
797 2254 902 2322 similis,
930 2261 1042 2314 tendere
1066 2259 1110 2313 dis
1134 2260 1207 2314 4447444
1228 2260 1295 2313 sani
1321 2259 1496 2312 dicentibust
1522 2257 1569 2313 lib.
1589 2263 1619 2323 3,
1648 2275 1671 2313 4.
1694 2264 1715 2314 1.
1734 2259 1771 2328 444Ι

65 2344 141 2401 omni
171 2359 205 2398 ex
235 2347 315 2414 parte
345 2343 399 2399 sibi
422 2350 557 2416 perpetuo
574 2349 720 2412 constans3
755 2349 778 2399 4.
797 2341 900 2413 primu
928 2346 1014 2417 princ.
1044 2347 1126 2410 Quod
1138 2347 1261 2416 apostati
1272 2347 1394 2416 primum
1411 2345 1670 2416 praeeoniaoerunt,
1689 2353 1763 2415 post

64 2437 92 2487 5.
118 2434 244 2486 normata
275 2446 324 2485 seu
353 2435 509 2484 mensurato
536 2446 586 2484 suo
611 2428 792 2500 undiqueque
819 2428 900 2482 adse·
929 2453 964 2488 ea
987 2435 1047 2489 Dei
1068 2435 1209 2488 voluntate
1232 2434 1262 2487 in
1287 2432 1452 2502 Scripturas
1470 2434 1635 2499 redemtum
1657 2433 1764 2497 fisneta·

63 2522 160 2589 quatu.
183 2515 410 2587 ttproprietates
428 2515 502 2571 enim
518 2531 631 2570 normae
648 2519 727 2569 sunt:
746 2519 769 2568 1.
785 2515 900 2585 publiea
928 2528 1047 2575 mmmm
1070 2527 1097 2575 re
1121 2520 1277 2574 columnam
1296 2520 1372 2590 fides·
1387 2526 1500 2572 nomae
1516 2519 1650 2580 41444444,
1670 2517 1719 2572 lib.
1739 2523 1764 2574 a.

64 2603 234 2674 aumoritas,
258 2607 367 2674 oportet
391 2620 452 2658 eam
469 2618 600 2674 suprema
623 2608 652 2658 et
673 2602 768 2656 divina
784 2601 900 2656 auctari·
929 2625 952 2664 e.
973 2612 1013 2664 15.
1031 2607 1223 2677 apostolorum
1239 2607 1396 2659 doctrinam
1414 2604 1595 2670 manifestam
1612 2612 1638 2658 et
1648 2606 1765 2676 firmans

63 2693 203 2745 44144444
221 2689 392 2759 ordinatam3
418 2695 441 2745 2.
459 2690 565 2751 unitas,
584 2688 796 2742 immutabilitas
814 2691 842 2741 et
860 2688 901 2741 in·
930 2711 989 2750 me
1011 2694 1082 2748 diris
1098 2693 1172 2746 447441
1192 2692 1403 2762 subtrahentem.
1431 2691 1449 2746 1
1474 2697 1497 2746 4.
1517 2707 1540 2746 c.
1559 2697 1601 2749 33.
1639 2690 1764 2763 Scriptu-

55 2776 250 2848 sollicitum
277 2781 301 2832 3.
321 2776 464 2848 principii
480 2776 634 2830 auctoritas
652 2776 767 2847 ejusque
785 2792 900 2844 9474444·
928 2800 991 2836 ram
1008 2786 1091 2838 vocat
1109 2778 1213 2834 κανόνα
1231 2784 1277 2845 τῆς
1295 2778 1427 2847 ἀληθείας
1443 2776 1548 2846 ἀκλινῆ.
1570 2778 1646 2835 'reru
1662 2779 1681 2834 1.
1699 2796 1764 2835 con·

63 2865 155 2931 litas,·
188 2880 313 2919 normam
347 2861 489 2933 religionis
514 2866 623 2934 oportet
648 2879 708 2918 esse
735 2861 899 2933 principium
928 2873 973 2923 tm
989 2867 1085 2923 Herm.
1103 2866 1273 2939 scripturam
1290 2872 1373 2923 ronst
1390 2867 1515 2939 regulam
1532 2866 1665 2922 veritatis.
1685 2866 1762 2940 Orig.

63 2951 208 3025 34444414,
226 2951 263 3004 44
279 2950 354 3022 quod
371 2948 463 3004 omnia
480 2949 509 3003 in
526 2948 580 3002 isto
597 2965 698 3021 genere
714 2948 899 3017 reducantur3
928 2955 1001 3010 hom.
1014 2961 1037 3011 5.
1056 2972 1140 3026 super
1156 2954 1247 3010 Lavit.
1267 2955 1355 3025 docet,
1376 2954 1513 3027 quidquid
1531 2956 1572 3008 ad
1587 2970 1633 3008 res
1652 2955 1763 3009 divinas

64 3047 89 3096 4.
115 3038 242 3110 ejusdem
271 3053 335 3092 cum
364 3042 489 3092 normata
522 3035 612 3103 tuisne
640 3035 699 3090 sive
727 3035 899 3105 aequalitas3
928 3050 1106 3113 nostramque
1130 3042 1293 3110 reliqionem
1315 3041 1448 3112 pertinet,
1480 3041 1510 3094 in
1537 3038 1694 3110 Smptrsris
1716 3058 1762 3094 sa·

65 3133 90 3182 5.
120 3124 194 3181 inter
221 3140 346 3179 normam
373 3129 402 3179 41
427 3129 582 3179 norinatim
611 3123 648 3177 tit
676 3121 824 3196 ὁμογένεια
850 3137 900 3176 444
929 3129 985 3183 oris
1011 3145 1069 3183 esse
1085 3128 1283 3199 requerendum
1302 3144 1335 3182 ea
1350 3128 1439 3198 idque
1457 3127 1661 3181 discatiendam
1679 3135 1764 3197 atque

64 3211 240 3269 4444444441*
264 3209 538 3281 AtsoliScriptnrae
556 3208 809 3282 improprietates
826 3226 899 3264 com·
929 3217 995 3270 inde
1012 3232 1116 3270 omnem
1136 3232 1230 3268 rerum
1251 3214 1396 3267 scientiam
1413 3214 1588 3285 capiendam.
1619 3211 1763 3268 11444413.

63 3304 172 3372 petum
214 3296 266 3352 ms
291 3299 362 3353 enim
392 3303 414 3352 1.
431 3303 474 3352 est
491 3296 676 3357 θεόπνευστος
696 3302 724 3352 et
742 3295 853 3367 publice
872 3296 898 3350 in
928 3303 956 3356 in
979 3302 1092 3357 Numer.
1128 3300 1340 3354 Haereticorum
1361 3317 1441 3354 uoces
1468 3301 1496 3353 si
1517 3299 1698 3353 adhibeamus
1723 3301 1765 3353 ad

64 3385 183 3444 44414444
206 3384 392 3456 propositas.
411 3383 482 3439 Tim
502 3392 525 3448 3,
544 3402 570 3438 4.
593 3390 639 3453 154
672 3389 695 3439 2.
714 3389 755 3438 est
773 3383 900 3438 omnibus
929 3389 1021 3442 altare
1044 3387 1115 3454 Dei,
1138 3388 1187 3440 udi
1216 3387 1327 3441 diuinus
1353 3387 1426 3456 ian's
1452 3394 1505 3453 est,
1533 3386 1582 3439 udi
1603 3402 1670 3440 vero
1691 3386 1766 3456 fidei

64 3472 233 3536 communis,
259 3471 323 3542 quia
348 3470 475 3525 omnibus
500 3471 537 3525 ad
556 3487 617 3525 eam
634 3486 744 3541 semper
760 3475 839 3540 patet
855 3487 899 3525 ae·
921 3473 1120 3573 praedicatio,
1146 3472 1282 3526 melius
1269 3490 1333 3542 ipsa
1356 3473 1461 3529 4444444
1480 3490 1513 3526 ea
1523 3472 1676 3541 summum·
1691 3491 1763 3528 ccm-

65 3578 174 3629 cessus3
194 3564 217 3614 3.
236 3562 279 3614 est
297 3564 373 3613 certa
389 3566 418 3613 44
433 3557 558 3612 veritatis
576 3556 687 3612 minime
706 3555 816 3625 dubiae,
835 3557 901 3628 quia
927 3559 1077 3631 paratione
1105 3559 1234 3626 faipedit.
1266 3557 1369 3614 Homil
1395 3567 1416 3618 1.
1448 3557 1476 3613 in
1502 3559 1605 3615 3444444.
1645 3561 1764 3614 Necesse

65 3664 84 3702 a
100 3645 187 3703 Deo·
179 3661 241 3717 ipso
259 3643 391 3716 protecta
421 3643 900 3713 1.Τ444441ι.1,4.15.44444444·
929 3647 1007 3700 nodis
1026 3653 1079 3701 est.
1104 3644 1269 3716 Scripturas
1287 3662 1385 3699 sacras
1404 3646 1434 3699 in
1452 3646 1636 3700 testimonium
1654 3664 1764 3717 vocare,

65 3732 172 3789 riabilis
192 3737 221 3787 44
243 3729 353 3802 uetueris
378 3730 475 3785 Matth.
502 3737 531 3800 5,
559 3749 585 3784 v.
612 3735 651 3787 13.
674 3735 717 3785 est
740 3729 854 3784 immota
873 3734 901 3785 et
928 3751 1025 3789 sennes
1050 3733 1152 3803 quippe
1177 3732 1268 3786 444444
1289 3732 1349 3786 sine
1376 3732 1419 3785 dis
1444 3733 1556 3786 testibus
1581 3750 1637 3786 non
1665 3733 1765 3787 hadent

64 3817 222 3875 insolubilis
248 3816 311 3873 3414.
342 3823 386 3887 10,
412 3835 438 3871 4.
461 3822 502 3872 35.
529 3820 572 3870 444
596 3815 639 3870 sui
663 3831 772 3887 semper
794 3815 899 3885 similis,
928 3821 1018 3885 Jtdem.
1053 3819 1086 3874 In
1114 3817 1207 3890 capite
1230 3817 1339 3873 decimo
1364 3818 1445 3873 tertio
1468 3816 1568 3875 Mattb.
1603 3819 1692 3873 Utin
1716 3837 1765 3874 ore

65 3905 134 3978 quia
148 3904 184 3962 11.
201 3904 235 3959 Τ.
259 3903 324 3959 libri
347 3909 502 3960 consonant
521 3903 607 3959 Μ’.
626 3902 705 3958 libris
724 3902 900 3958 4444114444
929 3910 1048 3961 duorum
1069 3908 1185 3961 triumve
1212 3913 1262 3960 aut
1284 3905 1436 3976 plurimum
1454 3905 1563 3959 44444444
1580 3923 1595 3959 4
1614 3905 1764 3977 Scriptura
1873 3896 1875 3902 ’

64 3997 127 4049 tato
150 3991 244 4048 codiee
270 3991 373 4047 biblico
398 3990 528 4062 specifice
552 3990 592 4045 sie
615 3989 704 4058 dicta,
734 3990 764 4044 id
789 3995 844 4059 est,
872 3989 900 4044 in
928 3995 1076 4049 citatorum
1098 3994 1256 4061 firndemus
1282 3998 1309 4046 et
1334 3992 1525 4061 confirmemus
1550 4009 1629 4046 omne
1653 3993 1764 4047 uerbum

67 4078 208 4136 manicis
225 4078 311 4139 libris,
333 4082 375 4133 est
392 4094 459 4133 vera
477 4076 671 4146 contrarietas3
700 4083 723 4132 4.
743 4081 785 4131 est
803 4076 900 4147 prima,
930 4082 995 4137 Dei.
1037 4079 1194 4152 Cyprianus
1218 4096 1300 4136 serm.
1326 4077 1361 4132 44
1383 4077 1461 4148 bapt.
1501 4079 1625 4132 Inveniet
1652 4095 1684 4133 44
1711 4079 1764 4133 tac

64 4165 132 4240 quit
148 4166 178 4221 144
195 4182 257 4222 eam
276 4170 409 4236 tanqum
428 4164 546 4235 primam
564 4162 708 4219 7341441814
723 4169 752 4219 ei
764 4180 900 4218 Summum
927 4165 1097 4237 (scriptura)
1122 4167 1243 4221 omnium
1268 4165 1463 4220 doctrinarum
1485 4165 1599 4233 reputas
1621 4181 1765 4220 emanasse

64 4253 197 4310 44444444
224 4251 390 4324 principium
417 4250 510 4305 omnia
537 4250 711 4306 resolvuntur
734 4248 832 4303 Matth.
862 4255 900 4319 17,
928 4262 954 4308 et
978 4253 1042 4307 dine
1065 4253 1147 4307 nasci
1170 4261 1196 4306 et
1213 4253 1266 4307 tue
1284 4251 1398 4320 reuerti,
1423 4251 1558 4323 quicquid
1575 4251 1764 4305 eaolmiastica

65 4359 92 4396 4.
102 4347 126 4397 5.
144 4338 208 4395 Job.
226 4346 250 4403 5,
270 4356 296 4395 4.
318 4344 358 4395 33.
379 4354 401 4392 u
422 4345 460 4401 14,
478 4355 504 4394 4.
522 4343 546 4393 3.
577 4343 598 4391 5.
618 4342 660 4391 est
677 4342 835 4391 mensurato
851 4353 901 4391 suo
928 4340 1049 4394 eontinet
1086 4338 1249 4410 disciplina.
1303 4336 1473 4392 Athanasius
1510 4341 1577 4391 orat.
1612 4340 1636 4391 2.
1669 4342 1765 4391 canna

65 4427 236 4499 4444444444,
262 4424 328 4496 qula
350 4423 472 4495 perfecte
496 4429 525 4478 et
545 4422 692 4495 perspicue
711 4422 793 4478 docet
810 4422 901 4477 omnia
929 4425 1024 4480 Arium
1050 4424 1220 4494 Lapidandi
1236 4431 1300 4477 suat
1321 4424 1457 4477 4444444444·
1471 4440 1618 4476 sacrarum
1638 4421 1764 4491 Scripta·

10 4565 12 4569 ,
65 4512 104 4569 ad
130 4511 247 4567 salutem
269 4510 470 4566 44444444ιὶ42
489 4509 608 4566 'limoth
631 4516 697 4574 3,
699 4513 766 4566 .13.
797 4508 902 4582 Utique
928 4530 1025 4566 raresm
1053 4511 1235 4580 accurrentis,
1268 4510 1385 4579 quippe,
1412 4515 1445 4564 ut
1470 4508 1543 4563 idem
1562 4507 1601 4564 ait
1625 4508 1706 4579 epist.
1728 4508 1765 4563 ad

65 4617 132 4673 ergo
150 4597 293 4679 Scriptura
319 4596 496 4669 agnoscenda
514 4601 557 4651 eet
576 4596 660 4651 unica
675 4594 741 4652 fidei
760 4595 880 4668 regula
872 4614 901 4650 ιιι
929 4597 1099 4666 5144441144,
1129 4597 1199 4652 silae
1229 4604 1295 4650 sunt
1322 4597 1474 4664 mapmros
1502 4596 1614 4649 uirtutis
1638 4604 1663 4649 44
1681 4613 1765 4650 aerae

65 4685 191 4744 44414414.
924 4686 1009 4758 fidei,
1029 4702 1063 4739 ac
1081 4690 1114 4740 ut
1130 4684 1279 4757 loquitur
1270 4702 1298 4738 m
1318 4675 1451 4754 Synopsi,
1477 4699 1599 4737 ancorae
1618 4690 1644 4737 et
1661 4691 1764 4736 meten·

99 4778 160 4831 445.
191 4776 217 4829 7.
252 4774 298 4826 Ea
323 4770 478 4838 sufficienti
506 4770 720 4825 enumeratione.
769 4768 833 4826 Non
860 4774 903 4824 444
929 4773 1034 4842 tacula,
1051 4776 1149 4842 utpote
1167 4771 1236 4826 ab
1223 4772 1294 4842 apsis
1315 4769 1451 4840 apostolis
1469 4768 1576 4823 (11444444
1591 4771 1765 4840 conscriptae

10 4888 49 4920 ιι-
64 4860 137 4916 alius
174 4874 263 4914 canon
299 4862 391 4912 certus
429 4862 457 4910 44
493 4854 647 4911 infallibilis
681 4854 761 4911 nobis
793 4855 900 4926 uspiam
930 4879 964 4914 oe
982 4858 1130 4930 expositae.
1150 4856 1238 4911 Hilar
1256 4856 1301 4912 lib.
1321 4863 1343 4914 4.
1363 4854 1398 4910 44
1414 4854 1557 4928 44444141)
1575 4863 1622 4912 474
1641 4858 1763 4926 Respon-

10 4943 263 5022 praescriptus
301 4949 323 4998 1.
349 4941 448 5013 Neque
472 4941 545 4996 enim
564 4941 617 4996 hoc
636 4941 770 5013 competit
787 4941 902 5013 privatis
930 4948 1051 5001 siendum
1081 4961 1139 4998 esse
1164 4944 1289 4997 existimo
1314 4941 1515 4996 baereticorum
1536 4941 1718 5012 peruersitate·
1740 4951 1766 4996 et

65 5038 95 5088 et
111 5029 226 5086 mcertis
242 5027 468 5084 revelationibus.
486 5033 509 5082 2.
528 5026 649 5082 (14444414.
671 5033 711 5090 11,
730 5045 756 5080 4.
776 5031 821 5083 134
850 5028 902 5082 Sa·
930 5049 1022 5087 omnes
1058 5048 1151 5085 eorum
1186 5030 1288 5083 streltas
1317 5046 1352 5082 ac
1386 5028 1550 5097 mortiferas
1581 5029 1766 5083 institrsts'ones

64 5128 151 5175 tanae
178 5117 360 5186 transfipurat
386 5133 416 5169 se
439 5116 469 5167 in
493 5114 623 5183 anqelum
647 5114 726 5167 lucis.
766 5114 851 5181 Hebe.
879 5120 901 5173 1.
929 5117 1097 5187 eoanqeiiois
1125 5126 1208 5188 atquae
1235 5115 1399 5186 apostolicis
1425 5114 1588 5167 testimoniis
1614 5133 1765 5185 444444444-

64 5223 90 5260 4.
121 5210 150 5260 14
183 5202 338 5273 Postquam
362 5203 441 5257 Deus
469 5201 536 5255 otim
562 5200 652 5253 uariis
678 5200 771 5254 modis
796 5201 903 5256 locutus
930 5207 990 5259 etas.
1026 5203 1147 5258 Basilius
1169 5201 1197 5256 in
1215 5200 1365 5257 moralibus
1383 5200 1470 5272 regul.
1489 5205 1535 5255 234
1562 5200 1702 5272 Quicquid
1722 5203 1765 5256 di-

65 5299 121 5359 est,
143 5290 292 5344 accisam
315 5290 423 5343 loerrtus
447 5296 489 5341 est
507 5305 562 5357 per
580 5285 701 5356 Filium3
732 5291 755 5341 2.
775 5304 826 5343 nec
845 5305 902 5342 cor·
929 5292 1016 5344 cimsoe
1038 5289 1082 5343 ael
1093 5288 1235 5357 sosimus,
1261 5288 1294 5341 id
1317 5286 1471 5340 testimonio
1489 5288 1651 5342 divinarum
1670 5286 1765 5342 litera·

61 5383 165 5450 ruptae
182 5375 298 5431 rationis
314 5374 428 5447 ι44444444.
458 5372 776 5439 amantisque:
806 5374 902 5444 Capti·
929 5395 992 5431 rum
1011 5374 1176 5444 confirmari
1191 5374 1270 5426 dedet
1287 5375 1329 5426 ad
1344 5373 1668 5445 confirmationemfidei
1683 5375 1765 5429 bona·

61 5482 162 5520 ramus
193 5478 300 5517 omnem
325 5462 492 5517 intellectum
522 5461 572 5513 sud
596 5459 755 5530 obsequium
781 5461 888 5516 Christi
892 5483 903 5532 ,·
929 5481 992 5517 ruem
1030 5469 1056 5515 et
1094 5459 1286 5528 confusionem
1322 5459 1470 5513 matorum.
1511 5459 1573 5515 Lib.
1610 5467 1632 5517 1.
1669 5466 1766 5516 canna

60 5559 88 5609 3.
115 5566 170 5606 nac
193 5546 287 5603 dubiis
305 5545 499 5603 traditionibus
519 5552 548 5601 et
564 5546 649 5603 verbo
667 5543 796 5621 ἀγράφῳ.
835 5544 900 5604 Joh.
929 5548 1046 5604 1144444444.
1065 5545 1236 5620 scripturam
1251 5550 1334 5602 vocat
1350 5536 1488 5601 'canonem
1507 5548 1577 5602 recti
1595 5554 1622 5602 44
1637 5564 1765 5602 normam
