3984 6022
222 261 286 322 328
893 250 1017 310 LOCUS
1035 249 1236 310 amoenus

96 416 198 460 116161.
226 416 290 478 tur,
320 408 369 465 sed
398 425 492 465 eorum
523 422 609 479 opera
640 407 851 475 describuntur,
882 407 958 477 apud
992 421 1061 477 quos
1087 405 1127 461 lit
1145 407 1174 460 1:
1207 406 1275 461 6166
1293 407 1392 461 diuino
1409 415 1511 462 666666
1527 410 1666 462 amator
1688 415 1714 462 et
1738 409 1928 463 66666616ὶὲ666

227 514 288 553 esse
309 496 352 551 vel
369 512 425 551 non
445 510 506 550 esse
527 493 697 565 designatur.
733 493 895 564 Hieronym.
922 492 1002 564 epist
1024 492 1062 547 ad
1087 494 1124 547 ait
1142 494 1172 547 in
1198 494 1275 548 omni
1297 494 1359 548 loco
1385 503 1411 548 et
1431 495 1466 547 in·
1489 496 1725 565 omnitempore,
1751 511 1809 549 non
1834 503 1927 550 tomen

228 582 313 637 Marc
1089 588 1212 635 61666166
1225 596 1280 648 per
1297 579 1361 634 1666
1380 580 1425 634 ool
1444 596 1497 650 per
1514 589 1656 651 ternpore,
1678 597 1728 636 nec
1756 580 1859 635 neate
1876 599 1926 637 nee

266 673 321 724 164.
357 666 408 730 Qu.
439 672 463 721 4.
505 666 553 718 An
580 680 613 718 ea
642 665 805 734 operatione
836 666 895 719 Dei
923 665 954 719 in
981 665 1063 719 66666
1089 666 1253 734 6666666116
1271 673 1317 720 666

229 755 352 810 omnine
370 760 446 806 recte
463 752 607 820 inseratur
623 753 684 821 ejus
701 752 959 820 omnipraesentiol
979 751 1063 822 Rosp
1127 755 1182 808 166.
1224 751 1276 818 Qu.
1307 757 1331 807 6
1371 752 1419 806 An
1447 759 1521 807 reete
1553 753 1665 807 616666
1698 754 1780 808 Deos
1810 753 1927 809 maror

157 902 166 921 .
227 838 378 896 formaliter
405 845 434 893 et
460 838 565 894 6116666
593 854 626 893 ex
653 838 813 908 operatione
839 837 930 893 Dei'
922 855 951 892 in
980 835 1063 893 rebus
1089 837 1217 892 66661666
1236 846 1316 892 entra
1332 840 1465 892 661ιά66
1484 839 1622 938 isspotio
1638 839 1833 907 inopinatis!
1858 840 1925 907 Qn-

227 924 355 982 omnibns
383 941 440 979 non
468 940 550 995 posse
578 923 673 979 inferri
703 926 764 994 ejus
794 923 1063 994 omnipraesentium,
1090 923 1154 978 dam
1172 941 1205 979 ex
1218 921 1395 979 Scholasticis
1413 929 1518 994 negant
1528 940 1571 978 661
1589 923 1641 979 hoc
1653 926 1835 996 argummtot
1854 926 1925 997 ape

227 1027 290 1066 cum
309 1009 506 1081 operatione
528 1009 557 1064 in
580 1009 664 1064 rebus
687 1027 742 1065 non
768 1009 805 1064 sit
831 1025 916 1064 causa
942 1015 971 1064 66
992 1009 1063 1063 ratio
1090 1009 1158 1062 11661
1181 1008 1257 1062 sibod
1280 1009 1481 1077 inopinantem
1504 1018 1583 1065 satra
1609 1013 1743 1065 61666661
1768 1019 1813 1064 est
1837 1013 1926 1080 61661,

226 1095 349 1153 formalis
369 1095 545 1150 exsistentiae
567 1095 596 1149 in
618 1094 689 1163 illis,
718 1095 856 1167 siquidem
882 1100 988 1150 remota
1014 1110 1064 1165 per
1090 1097 1141 1148 666
1153 1097 1233 1148 Deus
1250 1110 1307 1148 non
1324 1101 1365 1147 eat
1382 1095 1413 1147 in
1432 1093 1538 1148 6116161
1556 1112 1623 1164 erpo
1637 1113 1693 1150 non
1703 1104 1746 1150 eet
1757 1104 1840 1151 sets-o
1851 1115 1926 1152 66116-

226 1182 399 1238 intellectnm
417 1197 584 1252 quacunque
601 1180 763 1252 operatione
788 1197 839 1251 per
862 1181 950 1237 solam
973 1197 1064 1235 essen·
1091 1183 1159 1234 dom
1186 1181 1216 1234 s'n
1241 1181 1336 1249 spatio
1364 1180 1544 1247 internecio.
1585 1181 1703 1246 Quidam
1729 1188 1829 1238 66116611
1854 1181 1926 1238 affir-

226 1268 282 1325 tiae
299 1267 513 1323 immensitatem
531 1273 560 1322 et
582 1264 749 1321 infinitatem
767 1265 846 1322 Dens
870 1273 912 1321 cst
937 1267 1064 1322 omnibus
1091 1271 1181 1321 mant:
1215 1266 1337 1320 61166116
1355 1265 1428 1320 coeli
1448 1266 1589 1320 coeloram
1608 1269 1702 1322 Doara
1726 1285 1784 1322 666
1805 1269 1927 1338 copiast,

226 1353 323 1410 intime
341 1370 489 1424 praesens3
512 1351 692 1408 materialiter
711 1360 804 1408 autern
827 1358 856 1408 et
873 1352 1008 1408 indirecte
1031 1369 1064 1407 ex
1091 1368 1157 1420 erpo
1179 1354 1258 1405 Dens
1282 1350 1335 1404 erit
1358 1352 1579 1420 cetenensium
1602 1354 1669 1422 jons
1683 1369 1751 1407 noro
1769 1362 1851 1409 entra
1868 1372 1926 1410 ooa-

227 1439 387 1510 operatione
405 1439 459 1496 Dei
476 1440 505 1494 in
524 1439 607 1495 rebus
625 1437 754 1494 omnibus
774 1437 870 1495 inferri
895 1440 956 1509 ejus
979 1440 1063 1493 omni·
1091 1439 1148 1491 lam
1166 1437 1339 1491 6111161166
1356 1446 1397 1491 eet
1416 1455 1500 1506 66666
1516 1438 1638 1507 spotinrn
1655 1439 1868 1508 imaginariam.
1897 1440 1926 1496 Si

226 1524 430 1596 praesentiam,
454 1523 685 1597 quiapotentia,
710 1538 766 1596 qua
783 1524 860 1580 Deus
886 1524 915 1578 in
937 1523 1064 1580 omnibus
1092 1524 1169 1577 Deus
1186 1523 1226 1578 ita
1244 1529 1317 1579 esset
1339 1523 1368 1577 in
1386 1523 1439 1578 hoc
1462 1523 1583 1588 mundo,
1610 1532 1643 1580 nt
1666 1541 1723 1580 non
1751 1532 1828 1581 esset
1851 1533 1928 1583 extra

227 1616 367 1684 operatur,
385 1617 428 1666 eat
445 1611 506 1681 ipsa
525 1613 586 1682 ejus
603 1609 731 1679 essentia,
748 1626 784 1666 66
801 1610 878 1666 Deua
896 1611 957 1682 agit
973 1611 1002 1664 in
1021 1627 1065 1664 666
1091 1609 1178 1677 111661,
1199 1625 1369 1680 consequeus
1386 1608 1460 1665 soret
1477 1609 1569 1682 ipsum
1589 1611 1731 1668 definitive
1750 1628 1813 1668 esse
1830 1612 1860 1666 in
1877 1613 1926 1668 hoe

228 1702 336 1754 creatas
360 1697 566 1753 immediatione
585 1696 696 1752 virtutis
713 1703 742 1752 et
765 1697 916 1769 suppositi,
940 1696 971 1752 id
990 1698 1065 1769 6666
1091 1696 1203 1765 mundo,
1222 1695 1262 1750 its
1279 1696 1394 1751 enimin
1405 1696 1454 1752 illo
1467 1696 1527 1768 erit,
1545 1704 1577 1753 ut
1590 1713 1646 1753 non
1658 1699 1695 1754 sit
1707 1698 1737 1754 in
1749 1699 1815 1755 alio.
1840 1700 1926 1771 Atqui

228 1802 285 1840 non
304 1784 391 1840 oritur
413 1802 448 1840 ex
472 1784 593 1856 quadam
617 1783 827 1856 imperfectione
852 1790 879 1839 et
901 1782 1065 1839 limitatione
1091 1782 1243 1837 absurdum
1260 1788 1303 1837 cst
1326 1782 1448 1838 divinam
1471 1784 1619 1840 6666611661
1641 1789 1740 1855 utpote
1766 1785 1928 1840 immensam

228 1872 387 1943 potentiae,
414 1871 487 1925 sicut
506 1869 670 1927 Aristoteles
695 1877 717 1926 1.
734 1870 842 1942 physic.
860 1876 926 1926 text.
946 1876 986 1926 10.
1010 1870 1064 1924 dis·
1092 1874 1120 1924 et
1138 1867 1303 1924 infinitatem
1320 1868 1436 1924 66116166
1453 1869 1535 1942 hujus
1557 1871 1654 1926 mnndi
1671 1869 1809 1927 limitibus
1826 1888 1861 1926 66
1877 1873 1927 1928 dar·

227 1964 325 2029 putat,
363 1973 449 2028 agens
483 1957 609 2011 1166111616
637 1963 666 2012 66
691 1972 853 2028 corporeum
881 1956 983 2012 debere
1004 1973 1065 2012 esse
1091 1955 1187 2024 minis;
1210 1954 1264 2010 huc
1281 1953 1402 2010 afferunt
1420 1953 1491 2010 illud
1509 1956 1643 2013 Neriene.
1667 1956 1716 2011 lib.
1735 1963 1759 2012 6.
1778 1957 1817 2013 66
1836 1957 1926 2023 theol,

228 2047 406 2115 conjunctum
424 2059 520 2114 passo,
543 2042 593 2098 sed
612 2059 645 2097 ex
669 2041 805 2100 infinitate
828 2048 856 2096 et
882 2041 1064 2098 immensitate
1090 2041 1140 2096 uhi
1156 2041 1249 2097 Deum
1265 2056 1316 2095 nec
1332 2041 1364 2094 in
1379 2043 1483 2096 616666
1501 2049 1608 2096 tortam
1625 2059 1675 2097 neo
1696 2051 1777 2098 66166
1795 2045 1928 2099 medua

229 2128 340 2184 divinae
364 2128 500 2185 66666666
525 2134 554 2183 et
581 2145 614 2183 cr
639 2145 730 2184 rerum
756 2135 911 2184 amatorum
938 2128 1064 2200 imperfe-
1091 2134 1215 2195 tontum,
1232 2130 1285 2181 sed
1302 2127 1446 2196 1116661666
1463 2129 1684 2182 666611166ηά66
1702 2145 1761 2183 cess
1779 2130 1928 2185 6611616616

227 2215 337 2278 ctione,
363 2231 435 2286 qnae
458 2232 490 2271 se
511 2214 617 2271 habent
635 2216 671 2271 ad
696 2215 816 2271 divinam
842 2215 1008 2285 essentiam,
1032 2220 1065 2269 nt
1091 2211 1265 2284 Augustinus
1282 2211 1330 2267 lib.
1350 2218 1389 2268 11.
1408 2213 1443 2267 66
1463 2212 1577 2268 civitate
1593 2214 1647 2269 Dei
1665 2231 1689 2269 c.
1707 2222 1731 2270 6.
1756 2214 1927 2287 philosophis

229 2301 329 2356 nmbra
354 2301 391 2354 ad
420 2317 520 2371 corpus
547 2300 674 2356 solidum.
721 2300 891 2356 Addendum
916 2308 1009 2356 tamen
1037 2307 1065 2355 et
1091 2298 1302 2370 quaerentibus,
1321 2299 1390 2370 quid
1408 2297 1506 2354 facerit
1522 2299 1600 2354 Deus
1620 2307 1686 2355 ante
1701 2300 1984 2358 11111661616666-161

228 2387 317 2454 illud,
345 2386 421 2458 6666
439 2385 608 2442 immensitas
626 2385 761 2441 amentiae
780 2402 836 2440 non
856 2386 893 2440 sit
917 2386 1011 2441 totalis
1038 2393 1065 2441 et
1090 2401 1168 2454 nem,
1189 2384 1301 2456 reponit
1317 2382 1390 2438 hanc
1407 2385 1614 2456 quaestionem:
1642 2387 1720 2449 Quid
1743 2405 1820 2441 6666
1829 2391 1927 2455 faciut

228 2473 312 2529 unica
338 2489 387 2528 seu
414 2471 538 2527 solitaria
564 2488 651 2526 cansa
675 2472 924 2543 omnipraesentiae
954 2471 1064 2526 divinae
1091 2478 1171 2525 estro
1191 2471 1297 2524 eoelum
1314 2471 1345 2522 tn
1363 2471 1928 2544 666661661666166616,66161666

230 2559 305 2632 apud
335 2565 495 2627 616666166,
525 2558 575 2614 666
606 2563 716 2628 praeter
743 2575 804 2614 eam
830 2574 916 2613 causa
940 2558 1064 2629 proxima
1091 2559 1210 2611 mundos
1227 2558 1450 2625 6666666666.1
1485 2556 1721 2626 Respondendnm
1743 2565 1789 2614 est
1815 2576 1868 2631 per
1890 2560 1927 2613 di·

230 2646 305 2700 111166
323 2661 454 2717 operosae
471 2644 720 2716 omnipraesentiae
740 2651 782 2700 est
797 2643 886 2700 libera
896 2644 950 2698 Dei
969 2644 1064 2698 volun·
1092 2643 1275 2700 stinctionem.
1305 2642 1468 2697 Praesentis
1486 2643 1540 2698 Dei
1559 2644 1676 2699 sumitur
1694 2645 1740 2723 161
1759 2648 1928 2701 radicaliter

231 2738 283 2787 tas.
305 2731 334 2786 Si
354 2730 427 2787 enim
445 2732 505 2786 sola
523 2731 694 2786 immensitas
712 2730 822 2786 divinae
841 2731 977 2786 essentiae
994 2737 1066 2786 66666
1091 2730 1136 2785 rel
1162 2730 1279 2784 6616666
1305 2729 1342 2783 66
1367 2735 1514 2785 creaturas.
1554 2729 1645 2785 Priori
1673 2732 1863 2788 modo-Dens
1888 2741 1929 2788 est

231 2833 331 2886 causa,
354 2820 414 2870 tum
435 2816 552 2871 66616116
570 2817 644 2887 apud
670 2824 810 2873 creaturae
833 2816 1067 2887 omnipraesentia
1093 2822 1171 2872 extra
1189 2815 1332 2883 mundum,
1351 2815 1416 2886 quia
1433 2816 1555 2871 66661166
1572 2817 1633 2887 eJ'us
1653 2823 1695 2872 en
1707 2819 1842 2876 excelsior
1852 2820 1928 2876 soelo

231 2902 303 2959 foret
319 2908 441 2972 aeterna,
458 2903 531 2957 sicut
544 2904 713 2958 immensitas
730 2903 867 2960 6666116166
886 2903 996 2959 divinae
1013 2903 1067 2959 1616
1093 2908 1218 2959 aeterra
1238 2900 1414 2973 profundior,
1441 2902 1593 2972 posteriore
1612 2903 1694 2958 modo
1712 2921 1768 2959 non
1789 2912 1833 2960 est
1853 2912 1928 2961 eran

231 2989 268 3044 ab
286 2995 406 3045 aeterno.
1092 2988 1243 3053 mundum,
1269 2988 1336 3060 quia
1354 2994 1589 3044 616666611111611
1612 2991 1716 3045 adsum
1739 3007 1803 3056 res,
1829 2991 1928 3064 quibus

269 3081 325 3132 166.
363 3074 414 3139 Qu.
440 3081 464 3129 5.
499 3076 547 3128 An
575 3077 638 3128 Deo
660 3077 778 3146 proprie
803 3083 941 3145 66666161
968 3076 1068 3129 locres!
1093 3092 1224 3147 praecem
1243 3073 1329 3129 66666
1360 3074 1510 3144 Scriptura
1520 3092 1576 3130 non
1594 3075 1724 3146 proponit
1739 3076 1822 3132 nobis
1841 3079 1928 3150 666611

231 3162 364 3218 66111666
378 3161 506 3219 Veratius
523 3160 571 3216 fib
590 3161 625 3216 dc
643 3161 766 3217 attribut.
785 3161 868 3216 divin.
888 3178 915 3232 p.
937 3167 995 3217 236.
1009 3166 1067 3229 266,
1093 3161 1274 3232 imaginaria,
1301 3161 1350 3216 sed
1370 3159 1531 3230 simpliciter
1554 3161 1715 3230 pronuntiat
1732 3162 1847 3220 DEUM
1871 3181 1927 3220 esse

232 3250 272 3305 ita
289 3255 399 3317 tamen,
425 3252 458 3302 ut
480 3248 559 3302 locus
578 3249 749 3320 generatim,
773 3247 912 3304 abstracte
936 3253 1068 3304 6616666-
1094 3247 1270 3303 excelsiorem
1288 3247 1379 3315 coelo,
1397 3247 1488 3302 coelos
1500 3246 1637 3303 coelomm
1648 3263 1704 3303 non
1716 3263 1820 3320 capere
1831 3250 1928 3319 Deum,

230 3334 348 3407 physice
374 3334 562 3390 consideretur
589 3351 622 3390 ac
649 3334 797 3390 definiatur
824 3352 881 3388 non
906 3335 1068 3404 superficies
1094 3333 1293 3404 magnitudinis
1319 3333 1372 3388 Dei
1399 3349 1455 3388 non
1482 3350 1542 3389 esse
1567 3335 1819 3406 investigationem
1854 3338 1928 3393 Deus

233 3422 361 3490 conpone
378 3421 536 3484 6616666616,
561 3421 611 3475 666
631 3438 721 3474 naono
742 3423 883 3490 66661616
904 3421 994 3489 rapio,
1020 3438 1068 3474 666
1094 3419 1183 3474 666111
1207 3419 1309 3474 mundo
1334 3435 1385 3489 per
1410 3420 1547 3492 essentrae
1572 3436 1639 3475 suae
1661 3421 1878 3479 immensitatem
1901 3430 1928 3479 et

233 3508 352 3577 6666616
368 3508 453 3562 inune
470 3507 592 3576 spetiem
609 3509 732 3575 6111666
749 3507 794 3560 rei
808 3523 871 3561 oeae
888 3508 1068 3561 6666666116.
1095 3523 1144 3577 per
1161 3505 1301 3561 efficacem
1320 3505 1522 3576 operationem,
1541 3522 1597 3579 qna
1615 3523 1659 3562 res
1676 3520 1773 3564 omnes
1794 3516 1928 3566 6666611161

234 3593 298 3649 Non
320 3593 403 3663 longe
426 3592 486 3647 abit
511 3592 547 3647 ab
574 3592 627 3648 hac
653 3593 789 3650 sententia
814 3592 937 3649 Polanus
963 3593 1025 3648 libr.
1044 3600 1068 3649 2.
1095 3599 1122 3648 61
1140 3596 1292 3655 conservat,
1312 3596 1390 3646 extre
1407 3592 1608 3647 mundumnon
1627 3597 1927 3666 estperoperationem

221 3684 408 3751 'syntagme
424 3684 464 3734 12.
483 3697 511 3750 p.
526 3684 587 3735 146:
606 3681 677 3734 Loci
687 3680 879 3751 appellatione
890 3698 946 3734 non
963 3688 1070 3733 tanton
1095 3677 1274 3747 exteriorem,
1301 3678 1368 3750 qnia
1385 3684 1463 3732 extra
1479 3678 1613 3733 mundum
1637 3696 1692 3733 non
1712 3687 1779 3736 sunt
1800 3698 1847 3737 nas
1870 3697 1929 3738 aera

235 3766 417 3832 intelligimus
444 3767 566 3836 666666
597 3768 747 3836 nemorale
777 3775 803 3820 et
828 3769 990 3837 plpeionn,
1019 3769 1071 3820 sect
1095 3765 1257 3821 exsistentes
1285 3764 1397 3820 divinae
1423 3765 1639 3821 conservationis
1666 3771 1694 3821 et
1722 3767 1929 3838 gubernationis

235 3853 319 3906 etiam
341 3852 493 3921 spirituale
514 3860 540 3906 ot
563 3853 778 3922 aapemotnrale
800 3859 853 3908 666.
889 3856 955 3908 Non
979 3855 1070 3907 minna
1096 3850 1216 3922 indigae,
1234 3851 1283 3906 sed
1295 3855 1406 3906 66116661
1417 3867 1468 3921 per
1479 3851 1690 3906 immensitatem
1708 3855 1929 3911 6666666666166.

234 3954 324 4009 aspro
346 3937 454 3992 666166
473 3953 631 4007 saprnnnm
655 3940 732 3993 16666
755 3947 807 4006 est,
830 3957 914 4010 6666
940 3941 970 3992 in
994 3941 1069 3993 coslo
1096 3937 1224 3992 Becanus
1241 3943 1312 4007 part.
1335 3945 1357 3993 1.
1377 3936 1472 3992 111661.
1493 3954 1516 3993 6.
1544 3943 1568 3992 6.
1588 3943 1694 4009 quaest.
1714 3944 1739 3994 2.
1762 3957 1840 3997 num.
1860 3947 1884 3997 6.
1906 3949 1930 3995 et

235 4033 263 4079 et
277 4025 327 4078 666
345 4025 431 4078 66616.
456 4023 515 4080 Noa
532 4039 589 4078 non
604 4024 658 4079 nisi
671 4025 826 4096 inproprie
838 4044 873 4080 oc
885 4026 1070 4096 metoplon‘oa
1097 4038 1131 4077 ex
1149 4039 1182 4079 eo
1200 4022 1345 4079 1166116666
1362 4030 1427 4079 tom
1448 4030 1470 4079 1.
1488 4029 1662 4079 commentat
1679 4030 1763 4080 tract.
1783 4032 1809 4082 2.
1826 4034 1928 4100 quaest

235 4110 297 4168 Deo
313 4110 405 4165 locum
423 4110 510 4165 tribui
528 4110 690 4178 asserimus,
716 4128 779 4166 oum
804 4111 881 4167 Deus
908 4116 1005 4182 utpote
1029 4111 1069 4166 in·
1098 4115 1269 4165 66616161
1290 4112 1358 4162 Dno
1375 4110 1499 4178 spectari
1513 4118 1639 4179 poseant,
1658 4112 1862 4169 6166161666
1877 4131 1929 4169 ren

233 4213 385 4269 corporeus
402 4212 435 4251 ae
452 4196 670 4267 simplicissimus
687 4196 800 4267 spiritus
816 4197 876 4251 loco
893 4212 949 4251 non
967 4198 1070 4253 ambis·
1098 4212 1156 4249 ease
1178 4195 1286 4249 alicubi
1309 4211 1358 4248 sen
1384 4196 1413 4248 in
1438 4195 1535 4263 611666
1560 4195 1622 4249 1666
1650 4203 1677 4249 61
1701 4199 1807 4266 spatio.
1847 4200 1929 4254 11666

233 4290 281 4340 tur
305 4299 357 4339 nec
382 4282 629 4339 cncnmscribatur.
674 4284 760 4338 Inane
787 4282 857 4337 illud
885 4284 1006 4354 spatium
1030 4284 1071 4338 rei
1097 4289 1137 4334 est
1155 4281 1306 4334 intrinseco
1325 4288 1352 4334 ct
1369 4281 1497 4335 absolata
1511 4283 1687 4350 6166666666,
1713 4301 1800 4351 qaam
1821 4303 1870 4340 rea
1895 4287 1930 4339 161

235 4369 411 4425 subsistentis
429 4375 472 4424 est
490 4369 573 4425 inane
592 4369 697 4426 Vorstii
714 4369 885 4441 figmentum.
921 4368 981 4424 Aut
998 4369 1070 4425 enim
1097 4368 1224 4420 toberin
1246 4383 1292 4434 ae,·
1318 4367 1437 4420 suornm
1463 4375 1503 4419 eat
1529 4368 1663 4421 16616666
1688 4384 1739 4424 666
1764 4371 1871 4426 relatio
1893 4373 1930 4426 od

235 4461 279 4512 est
296 4460 419 4510 61666616
437 4459 487 4509 666
506 4455 672 4519 increatum,
695 4460 745 4510 sut
761 4454 919 4511 substantia
934 4461 983 4510 aut
1000 4456 1071 4511 acci·
1097 4455 1188 4522 ipsam
1198 4452 1328 4521 spatium,
1350 4454 1381 4505 in
1398 4467 1452 4521 qno
1472 4460 1519 4506 eet.
1548 4453 1648 4506 Priori
1665 4456 1750 4508 modo
1771 4457 1834 4510 diei
1845 4464 1930 4527 potest

234 4542 313 4597 dens.
351 4540 379 4596 si
397 4546 529 4610 creatum,
548 4540 625 4596 Dens
644 4541 784 4596 increatus
803 4557 821 4595 a
840 4546 968 4596 creatura
985 4541 1070 4596 conti·
1098 4540 1191 4593 Deam
1207 4538 1323 4591 realiter
1343 4539 1472 4592 66616666
1489 4540 1520 4593 in
1542 4541 1636 4609 spatio
1660 4548 1739 4594 6666
1764 4542 1839 4596 lano
1860 4561 1929 4597 1616·

234 4628 362 4696 nebitur3
399 4628 422 4680 si
445 4627 613 4696 mercaturas,
642 4626 695 4681 erit
720 4626 827 4698 aliquid
853 4634 963 4698 praeter
980 4627 1070 4683 Deum
1097 4627 1178 4692 6666,
1197 4642 1253 4678 non
1271 4631 1362 4678 notem
1378 4626 1543 4694 posteriori,
1562 4625 1630 4695 qnia
1647 4626 1729 4680 116661
1748 4628 1792 4681 ibi
1805 4629 1929 4683 111661666-

235 4715 405 4782 increatum3
441 4713 464 4765 si
485 4711 654 4781 substantia,
682 4712 734 4767 erit
750 4713 795 4768 vel
812 4729 946 4784 corporea
962 4713 1007 4768 vel
1030 4713 1070 4766 in·
1097 4727 1158 4764 com
1178 4718 1204 4764 et
1222 4711 1379 4764 obsoletam
1392 4711 1599 4780 pranennan,
1622 4713 1729 4781 66616
1745 4730 1778 4767 rs
1794 4715 1858 4785 ipro
1873 4731 1929 4769 rea

234 4816 374 4872 corporea.
410 4797 550 4869 Corporea
567 4798 723 4853 substantia
742 4814 802 4854 6666
820 4799 934 4870 1166616,
955 4799 1020 4870 6616
1038 4815 1072 4854 ea
1097 4797 1163 4851 liter
1181 4797 1296 4865 66616611,
1313 4813 1370 4850 non
1387 4805 1480 4850 tomen
1497 4798 1603 4865 occipit
1619 4797 1725 4853 realem
1744 4799 1929 4856 11661661ᾰί6666

234 4903 291 4942 666
313 4891 356 4942 est
379 4886 472 4951 locus,
501 4884 549 4939 sed
575 4901 618 4938 res
645 4883 751 4951 locata;
785 4884 948 4955 incorporea
975 4885 1070 4941 itidem
1097 4892 1146 4938 out
1165 4882 1417 4938 denominationem
1435 4901 1454 4934 o
1471 4884 1578 4951 spatio,
1606 4885 1636 4936 in
1655 4900 1709 4952 qno
1727 4887 1851 4956 66616161,
1868 4889 1930 4958 qta'o

235 4971 412 5045 esseneqnit,
425 4970 559 5041 quianon
572 4968 726 5026 mensurari
738 4975 888 5039 potestens
900 4986 1069 5041 corporeum,
1096 4971 1172 5025 11166
1189 4969 1312 5038 apetiam
1333 4986 1390 5021 666
1409 4977 1449 5022 eet
1467 4970 1581 5038 aliquid
1590 4970 1676 5024 recle.
1703 4971 1841 5041 Breviter,
1858 4972 1929 5028 Dens

235 5058 265 5115 Si
284 5058 426 5125 accidens,
448 5055 628 5111 tribuendum
647 5055 700 5110 erit
717 5054 780 5109 Deo
805 5054 935 5111 accidens
958 5056 1070 5128 aliquod
1097 5060 1129 5109 nt
1146 5061 1211 5110 ante
1228 5054 1361 5109 mundum
1375 5055 1525 5124 conditum,
1543 5057 1582 5110 sic
1600 5054 1683 5111 hodie
1702 5061 1783 5112 extra
1799 5059 1930 5114 mnndum

235 5144 290 5215 ipsi
307 5144 469 5206 inhaerens,
492 5141 548 5197 imo
566 5142 656 5214 ipsum
682 5140 911 5197 circumscribens
935 5148 963 5199 et
985 5143 1071 5197 conti·
1096 5140 1238 5195 conditnm
1256 5139 1298 5196 666
1315 5143 1346 5195 in
1361 5159 1390 5195 se
1408 5142 1479 5212 ipso,
1498 5141 1558 5211 ipse
1575 5140 1669 5195 sibiet
1682 5142 1805 5198 mundus
1816 5144 1930 5200 etloons

236 5248 312 5287 nens.
336 5230 508 5286 Athanasius
519 5236 584 5285 tom.
604 5236 625 5285 1.
642 5235 739 5286 conns
752 5245 829 5300 greg,
846 5228 946 5285 Sabell.
966 5234 1070 5300 666141
1097 5232 1126 5281 66
1143 5226 1244 5295 omnia,
1266 5233 1297 5282 ut
1314 5227 1405 5298 inquit
1416 5225 1605 5283 Tertullianus
1616 5227 1679 5283 adv.
1702 5229 1916 5287 Praxeanae.

235 5317 330 5382 Anser
347 5318 417 5372 mili
434 5315 565 5377 τοπικούς
577 5315 747 5390 χωρισμούς,
766 5334 828 5370 enm
840 5318 876 5370 dt
888 5319 961 5383 Deo,
985 5315 1071 5370 Verbo
1132 5314 1190 5367 Die
1208 5314 1255 5367 nbi
1272 5321 1333 5367 tane
1351 5321 1430 5380 66661,
1449 5332 1511 5367 cnm
1524 5321 1640 5382 praeter
1658 5331 1720 5367 enm
1736 5317 1814 5371 etta
1830 5325 1909 5385 66661,

236 5413 262 5458 at
280 5403 391 5472 apaan
408 5411 506 5459 666666
518 5404 627 5473 opiter.
642 5403 738 5474 666616
750 5406 797 5458 καὶ
808 5409 895 5471 ζητεῖν
908 5406 954 5456 καὶ
966 5402 1072 5457 ἐννοεῖν
1136 5399 1220 5469 Itone,
1238 5400 1287 5453 nbi
1305 5418 1385 5465 nnnc,
1405 5400 1435 5452 in
1451 5416 1489 5463 ae,
1507 5400 1638 5468 qrsonion
1655 5401 1712 5453 6161
1725 5405 1837 5473 suffieit
1854 5406 1921 5475 ipse.

236 5488 323 5546 16666
341 5487 408 5544 πότι
425 5491 499 5545 esso
512 5488 615 5562 ὀζθεός.
651 5489 834 5548 lombardus.
855 5487 1071 5545 6666616667.
1097 5484 1533 5557 DionysiusCarthuaianualib.
1554 5491 1576 5541 1.
1596 5492 1665 5544 sent.
1686 5485 1920 5547 tinentiae.
