<?xml version="1.0" encoding="UTF-8"?>
<!DOCTYPE html PUBLIC "-//W3C//DTD XHTML 1.0 Transitional//EN"
    "http://www.w3.org/TR/xhtml1/DTD/xhtml1-transitional.dtd">
<html xmlns="http://www.w3.org/1999/xhtml" xml:lang="en" lang="en">
 <head>
  <title>
</title>
<meta http-equiv="Content-Type" content="text/html;charset=utf-8" />
  <meta name='ocr-system' content='tesseract 3.04.00' />
  <meta name='ocr-capabilities' content='ocr_page ocr_carea ocr_par ocr_line ocrx_word'/>
</head>
<body>
  <div class='ocr_page' id='page_1' title='image "./locitheologicic00gerhgoog/locitheologicic00gerhgoog_0055.png"; bbox 0 0 3984 6022; ppageno 0'>
   <div class='ocr_carea' id='block_1_1' title="bbox 184 213 1172 281">
    <p class='ocr_par' dir='ltr' id='par_1_1' title="bbox 184 213 1172 281">
     <span class='ocr_line' id='line_1_1' title="bbox 184 213 1172 281; baseline -0.008 0"><span class='ocrx_word' id='word_1_1' title='bbox 184 221 227 281; x_wconf 74' lang='lat'>20</span> <span class='ocrx_word' id='word_1_2' title='bbox 480 238 483 245; x_wconf 92' lang='lat'>·</span> <span class='ocrx_word' id='word_1_3' title='bbox 889 215 1013 273; x_wconf 80' lang='lat' dir='ltr'>locus</span> <span class='ocrx_word' id='word_1_4' title='bbox 1028 213 1172 273; x_wconf 72' lang='lat' dir='ltr'>ramus</span> 
     </span>
    </p>
   </div>
   <div class='ocr_carea' id='block_1_2' title="bbox 72 367 1912 5536">
    <p class='ocr_par' dir='ltr' id='par_1_2' title="bbox 72 367 1912 5536">
     <span class='ocr_line' id='line_1_2' title="bbox 187 367 1877 441; baseline 0.002 -17"><span class='ocrx_word' id='word_1_5' title='bbox 187 368 289 425; x_wconf 89' lang='lat' dir='ltr'>erroris</span> <span class='ocrx_word' id='word_1_6' title='bbox 306 367 446 433; x_wconf 81' lang='lat' dir='ltr'>convinci,</span> <span class='ocrx_word' id='word_1_7' title='bbox 463 373 491 423; x_wconf 92' lang='lat' dir='ltr'>et</span> <span class='ocrx_word' id='word_1_8' title='bbox 506 368 543 423; x_wconf 85' lang='lat' dir='ltr'>ad</span> <span class='ocrx_word' id='word_1_9' title='bbox 560 368 746 439; x_wconf 74' lang='lat' dir='ltr'><strong>recipiendam</strong></span> <span class='ocrx_word' id='word_1_10' title='bbox 762 370 847 425; x_wconf 88' lang='lat' dir='ltr'>totius</span> <span class='ocrx_word' id='word_1_11' title='bbox 864 369 1021 441; x_wconf 71' lang='lat' dir='ltr'>scripturae</span> <span class='ocrx_word' id='word_1_12' title='bbox 1050 369 1198 439; x_wconf 65' lang='grc'><strong>8155111555</strong></span> <span class='ocrx_word' id='word_1_13' title='bbox 1215 369 1390 424; x_wconf 58' lang='lat' dir='ltr'>commutis</span> <span class='ocrx_word' id='word_1_14' title='bbox 1407 369 1496 430; x_wconf 79' lang='grc'><strong>155151,</strong></span> <span class='ocrx_word' id='word_1_15' title='bbox 1516 367 1550 422; x_wconf 81' lang='lat' dir='ltr'>id</span> <span class='ocrx_word' id='word_1_16' title='bbox 1562 374 1647 422; x_wconf 78' lang='lat' dir='ltr'>totam</span> <span class='ocrx_word' id='word_1_17' title='bbox 1655 368 1719 434; x_wconf 71' lang='lat' dir='ltr'>siat</span> <span class='ocrx_word' id='word_1_18' title='bbox 1736 374 1819 439; x_wconf 69' lang='lat' dir='ltr'>utque</span> <span class='ocrx_word' id='word_1_19' title='bbox 1835 375 1877 427; x_wconf 74' lang='lat' dir='ltr'>att</span> 
     </span>
     <span class='ocr_line' id='line_1_3' title="bbox 193 454 1877 530; baseline 0.001 -19"><span class='ocrx_word' id='word_1_20' title='bbox 193 454 387 512; x_wconf 72' lang='lat' dir='ltr'>aucmntatem</span> <span class='ocrx_word' id='word_1_21' title='bbox 399 455 513 526; x_wconf 89' lang='lat' dir='ltr'>perduci</span> <span class='ocrx_word' id='word_1_22' title='bbox 525 463 648 527; x_wconf 86' lang='lat' dir='ltr'>possunt.</span> <span class='ocrx_word' id='word_1_23' title='bbox 676 456 730 521; x_wconf 88' lang='lat' dir='ltr'>Qui</span> <span class='ocrx_word' id='word_1_24' title='bbox 747 463 833 513; x_wconf 73' lang='lat' dir='ltr'>mtam</span> <span class='ocrx_word' id='word_1_25' title='bbox 851 458 1021 530; x_wconf 80' lang='lat' dir='ltr'>Scripturam</span> <span class='ocrx_word' id='word_1_26' title='bbox 1046 457 1082 510; x_wconf 83' lang='lat' dir='ltr'>ab</span> <span class='ocrx_word' id='word_1_27' title='bbox 1103 458 1232 521; x_wconf 81' lang='grc'><strong>55515515,</strong></span> <span class='ocrx_word' id='word_1_28' title='bbox 1255 475 1321 512; x_wconf 80' lang='lat' dir='ltr'>aum</span> <span class='ocrx_word' id='word_1_29' title='bbox 1338 456 1446 525; x_wconf 66' lang='lat' dir='ltr'>siusuli</span> <span class='ocrx_word' id='word_1_30' title='bbox 1461 457 1522 524; x_wconf 74' lang='lat' dir='ltr'>sias</span> <span class='ocrx_word' id='word_1_31' title='bbox 1538 455 1607 511; x_wconf 78' lang='lat' dir='ltr'>libri</span> <span class='ocrx_word' id='word_1_32' title='bbox 1630 455 1753 522; x_wconf 61' lang='lat' dir='ltr'>mesti</span> <span class='ocrx_word' id='word_1_33' title='bbox 1769 462 1835 513; x_wconf 77' lang='lat' dir='ltr'>scat</span> <span class='ocrx_word' id='word_1_34' title='bbox 1854 473 1877 513; x_wconf 80' lang='lat' dir='ltr'>s</span> 
     </span>
     <span class='ocr_line' id='line_1_4' title="bbox 188 540 1875 616; baseline 0.002 -21"><span class='ocrx_word' id='word_1_35' title='bbox 188 541 324 613; x_wconf 85' lang='lat' dir='ltr'>rejiciunt,</span> <span class='ocrx_word' id='word_1_36' title='bbox 342 558 435 596; x_wconf 90' lang='lat' dir='ltr'>eorum</span> <span class='ocrx_word' id='word_1_37' title='bbox 455 541 568 614; x_wconf 87' lang='lat' dir='ltr'>qnidam</span> <span class='ocrx_word' id='word_1_38' title='bbox 587 549 652 598; x_wconf 88' lang='lat' dir='ltr'>sunt</span> <span class='ocrx_word' id='word_1_39' title='bbox 668 545 817 609; x_wconf 81' lang='lat' dir='ltr'>sanabiles,</span> <span class='ocrx_word' id='word_1_40' title='bbox 837 545 886 616; x_wconf 89' lang='lat' dir='ltr'>qni</span> <span class='ocrx_word' id='word_1_41' title='bbox 901 545 1021 601; x_wconf 75' lang='lat' dir='ltr'>efferum</span> <span class='ocrx_word' id='word_1_42' title='bbox 1039 543 1112 612; x_wconf 80' lang='lat' dir='ltr'>siliis</span> <span class='ocrx_word' id='word_1_43' title='bbox 1128 544 1270 601; x_wconf 74' lang='grc'><strong>1551551555.</strong></span> <span class='ocrx_word' id='word_1_44' title='bbox 1306 542 1435 598; x_wconf 84' lang='lat' dir='ltr'>Bellarm.</span> <span class='ocrx_word' id='word_1_45' title='bbox 1452 542 1514 598; x_wconf 88' lang='lat' dir='ltr'>libr.</span> <span class='ocrx_word' id='word_1_46' title='bbox 1532 549 1548 597; x_wconf 84' lang='grc'>1</span> <span class='ocrx_word' id='word_1_47' title='bbox 1568 541 1604 596; x_wconf 90' lang='lat' dir='ltr'>de</span> <span class='ocrx_word' id='word_1_48' title='bbox 1620 540 1705 596; x_wconf 90' lang='lat' dir='ltr'>verbo</span> <span class='ocrx_word' id='word_1_49' title='bbox 1723 540 1780 598; x_wconf 87' lang='lat' dir='ltr'>Dei</span> <span class='ocrx_word' id='word_1_50' title='bbox 1803 557 1829 595; x_wconf 91' lang='lat' dir='ltr'>c.</span> <span class='ocrx_word' id='word_1_51' title='bbox 1848 547 1875 599; x_wconf 66' lang='grc'>1</span> 
     </span>
     <span class='ocr_line' id='line_1_5' title="bbox 187 627 1877 702; baseline 0.001 -20"><span class='ocrx_word' id='word_1_52' title='bbox 187 627 309 682; x_wconf 87' lang='lat' dir='ltr'>animum</span> <span class='ocrx_word' id='word_1_53' title='bbox 333 628 504 683; x_wconf 87' lang='lat' dir='ltr'>moderatum</span> <span class='ocrx_word' id='word_1_54' title='bbox 528 644 561 681; x_wconf 91' lang='lat' dir='ltr'>ac</span> <span class='ocrx_word' id='word_1_55' title='bbox 587 628 710 683; x_wconf 87' lang='lat' dir='ltr'>discendi</span> <span class='ocrx_word' id='word_1_56' title='bbox 735 631 882 701; x_wconf 81' lang='lat' dir='ltr'>cupidum3</span> <span class='ocrx_word' id='word_1_57' title='bbox 906 633 1019 702; x_wconf 86' lang='lat' dir='ltr'>quidem</span> <span class='ocrx_word' id='word_1_58' title='bbox 1045 631 1111 684; x_wconf 78' lang='lat' dir='ltr'>Noa</span> <span class='ocrx_word' id='word_1_59' title='bbox 1129 630 1246 684; x_wconf 70' lang='grc'><strong>51155515</strong></span> <span class='ocrx_word' id='word_1_60' title='bbox 1262 631 1405 695; x_wconf 80' lang='lat' dir='ltr'>babemus,</span> <span class='ocrx_word' id='word_1_61' title='bbox 1425 627 1599 697; x_wconf 75' lang='lat' dir='ltr'>Scriptorum</span> <span class='ocrx_word' id='word_1_62' title='bbox 1617 643 1675 681; x_wconf 83' lang='lat' dir='ltr'>eres</span> <span class='ocrx_word' id='word_1_63' title='bbox 1692 627 1833 692; x_wconf 69' lang='grc'><strong>(11511555,</strong></span> <span class='ocrx_word' id='word_1_64' title='bbox 1849 635 1877 683; x_wconf 82' lang='grc'>51</span> 
     </span>
     <span class='ocr_line' id='line_1_6' title="bbox 84 713 1876 789; baseline 0.003 -25"><span class='ocrx_word' id='word_1_65' title='bbox 84 722 114 764; x_wconf 87' lang='lat'>11.</span> <span class='ocrx_word' id='word_1_66' title='bbox 127 720 161 766; x_wconf 82' lang='lat' dir='ltr'>et.</span> <span class='ocrx_word' id='word_1_67' title='bbox 187 731 252 770; x_wconf 83' lang='lat' dir='ltr'>vero</span> <span class='ocrx_word' id='word_1_68' title='bbox 270 716 453 784; x_wconf 74' lang='grc'><strong>1555551155,</strong></span> <span class='ocrx_word' id='word_1_69' title='bbox 478 715 526 786; x_wconf 89' lang='lat' dir='ltr'>qui</span> <span class='ocrx_word' id='word_1_70' title='bbox 549 715 670 770; x_wconf 84' lang='lat' dir='ltr'>afferunt</span> <span class='ocrx_word' id='word_1_71' title='bbox 693 717 814 772; x_wconf 89' lang='lat' dir='ltr'>animum</span> <span class='ocrx_word' id='word_1_72' title='bbox 832 717 1018 789; x_wconf 83' lang='lat' dir='ltr'>praefractum</span> <span class='ocrx_word' id='word_1_73' title='bbox 1044 718 1093 786; x_wconf 79' lang='lat' dir='ltr'>qai</span> <span class='ocrx_word' id='word_1_74' title='bbox 1107 717 1163 770; x_wconf 79' lang='grc'><strong>5151</strong></span> <span class='ocrx_word' id='word_1_75' title='bbox 1181 717 1249 771; x_wconf 83' lang='lat' dir='ltr'>libri</span> <span class='ocrx_word' id='word_1_76' title='bbox 1265 717 1343 770; x_wconf 82' lang='lat' dir='ltr'>sacri</span> <span class='ocrx_word' id='word_1_77' title='bbox 1360 733 1444 785; x_wconf 68' lang='grc'><strong>55555</strong></span> <span class='ocrx_word' id='word_1_78' title='bbox 1462 731 1494 769; x_wconf 81' lang='lat' dir='ltr'>eu</span> <span class='ocrx_word' id='word_1_79' title='bbox 1510 714 1663 768; x_wconf 72' lang='grc'><strong>1551511555</strong></span> <span class='ocrx_word' id='word_1_80' title='bbox 1683 730 1740 769; x_wconf 80' lang='lat' dir='ltr'>eoa</span> <span class='ocrx_word' id='word_1_81' title='bbox 1757 713 1876 784; x_wconf 68' lang='lat' dir='ltr'>scripta</span> 
     </span>
     <span class='ocr_line' id='line_1_7' title="bbox 160 790 1876 869; baseline 0.001 -15"><span class='ocrx_word' id='word_1_82' title='bbox 160 790 162 799; x_wconf 70' lang='grc'>’</span> <span class='ocrx_word' id='word_1_83' title='bbox 186 803 215 855; x_wconf 88' lang='grc'>51</span> <span class='ocrx_word' id='word_1_84' title='bbox 243 799 428 863; x_wconf 89' lang='lat' dir='ltr'>obstinatum,</span> <span class='ocrx_word' id='word_1_85' title='bbox 460 817 493 855; x_wconf 90' lang='lat' dir='ltr'>ac</span> <span class='ocrx_word' id='word_1_86' title='bbox 520 802 718 858; x_wconf 87' lang='lat' dir='ltr'>contumaciter</span> <span class='ocrx_word' id='word_1_87' title='bbox 742 804 851 860; x_wconf 86' lang='lat' dir='ltr'>veritati</span> <span class='ocrx_word' id='word_1_88' title='bbox 879 805 1018 861; x_wconf 75' lang='lat' dir='ltr'>resistunt.</span> <span class='ocrx_word' id='word_1_89' title='bbox 1044 802 1433 859; x_wconf 59' lang='lat' dir='ltr'>[intumescentes.</span> <span class='ocrx_word' id='word_1_90' title='bbox 1470 799 1599 854; x_wconf 68' lang='lat' dir='ltr'>Oratim</span> <span class='ocrx_word' id='word_1_91' title='bbox 1616 798 1876 869; x_wconf 66' lang='lat' dir='ltr'>dopmfim‘·</span> 
     </span>
     <span class='ocr_line' id='line_1_8' title="bbox 186 886 1874 961; baseline 0.002 -20"><span class='ocrx_word' id='word_1_92' title='bbox 186 886 249 941; x_wconf 82' lang='lat' dir='ltr'>Act.</span> <span class='ocrx_word' id='word_1_93' title='bbox 270 892 308 956; x_wconf 85' lang='lat'>13,</span> <span class='ocrx_word' id='word_1_94' title='bbox 326 905 352 940; x_wconf 86' lang='lat' dir='ltr'>v.</span> <span class='ocrx_word' id='word_1_95' title='bbox 370 892 418 951; x_wconf 80' lang='grc'>15,</span> <span class='ocrx_word' id='word_1_96' title='bbox 434 904 460 944; x_wconf 91' lang='lat' dir='ltr'>c.</span> <span class='ocrx_word' id='word_1_97' title='bbox 482 893 527 952; x_wconf 85' lang='grc'><strong>111,</strong></span> <span class='ocrx_word' id='word_1_98' title='bbox 551 906 578 945; x_wconf 90' lang='lat' dir='ltr'>v.</span> <span class='ocrx_word' id='word_1_99' title='bbox 599 894 631 945; x_wconf 78' lang='lat'>24</span> <span class='ocrx_word' id='word_1_100' title='bbox 650 889 833 959; x_wconf 74' lang='lat' dir='ltr'>insanabiles,</span> <span class='ocrx_word' id='word_1_101' title='bbox 856 891 971 961; x_wconf 79' lang='lat' dir='ltr'><strong>perinde</strong></span> <span class='ocrx_word' id='word_1_102' title='bbox 987 898 1019 946; x_wconf 90' lang='lat' dir='ltr'>ut</span> <span class='ocrx_word' id='word_1_103' title='bbox 1044 896 1088 942; x_wconf 81' lang='lat' dir='ltr'>tae</span> <span class='ocrx_word' id='word_1_104' title='bbox 1103 893 1209 958; x_wconf 74' lang='lat' dir='ltr'>pendet</span> <span class='ocrx_word' id='word_1_105' title='bbox 1225 891 1261 943; x_wconf 86' lang='grc'>51</span> <span class='ocrx_word' id='word_1_106' title='bbox 1277 890 1443 943; x_wconf 63' lang='lat' dir='ltr'>amaritate</span> <span class='ocrx_word' id='word_1_107' title='bbox 1459 887 1616 956; x_wconf 65' lang='lat' dir='ltr'>moereatis</span> <span class='ocrx_word' id='word_1_108' title='bbox 1635 886 1777 941; x_wconf 75' lang='grc'><strong>5551551511.</strong></span> <span class='ocrx_word' id='word_1_109' title='bbox 1812 886 1874 945; x_wconf 79' lang='lat' dir='ltr'>ets·</span> 
     </span>
     <span class='ocr_line' id='line_1_9' title="bbox 187 971 1874 1048; baseline 0.002 -21"><span class='ocrx_word' id='word_1_110' title='bbox 187 972 326 1043; x_wconf 87' lang='lat' dir='ltr'>desperati</span> <span class='ocrx_word' id='word_1_111' title='bbox 337 973 444 1045; x_wconf 87' lang='lat' dir='ltr'>aegroti</span> <span class='ocrx_word' id='word_1_112' title='bbox 456 973 639 1045; x_wconf 88' lang='lat' dir='ltr'>prognosticis</span> <span class='ocrx_word' id='word_1_113' title='bbox 651 983 716 1030; x_wconf 90' lang='lat' dir='ltr'>sunt</span> <span class='ocrx_word' id='word_1_114' title='bbox 726 976 905 1048; x_wconf 85' lang='lat' dir='ltr'>relinquendi</span> <span class='ocrx_word' id='word_1_115' title='bbox 927 977 1017 1042; x_wconf 80' lang='grc'><strong>1113,</strong></span> <span class='ocrx_word' id='word_1_116' title='bbox 1043 975 1107 1043; x_wconf 84' lang='lat' dir='ltr'>plet.</span> <span class='ocrx_word' id='word_1_117' title='bbox 1135 975 1163 1030; x_wconf 84' lang='lat' dir='ltr'>in</span> <span class='ocrx_word' id='word_1_118' title='bbox 1190 975 1284 1031; x_wconf 88' lang='lat' dir='ltr'>relect.</span> <span class='ocrx_word' id='word_1_119' title='bbox 1311 973 1427 1045; x_wconf 77' lang='lat' dir='ltr'>princip.</span> <span class='ocrx_word' id='word_1_120' title='bbox 1456 972 1571 1028; x_wconf 76' lang='lat' dir='ltr'>doctrin.</span> <span class='ocrx_word' id='word_1_121' title='bbox 1598 971 1684 1028; x_wconf 78' lang='grc'><strong>55511.</strong></span> <span class='ocrx_word' id='word_1_122' title='bbox 1714 977 1741 1042; x_wconf 74' lang='lat' dir='ltr'>t,</span> <span class='ocrx_word' id='word_1_123' title='bbox 1765 989 1793 1042; x_wconf 83' lang='lat' dir='ltr'>p.</span> <span class='ocrx_word' id='word_1_124' title='bbox 1812 978 1874 1033; x_wconf 73' lang='grc'><strong>111.</strong></span> 
     </span>
     <span class='ocr_line' id='line_1_10' title="bbox 186 1057 1876 1131; baseline 0.001 -19"><span class='ocrx_word' id='word_1_125' title='bbox 186 1078 211 1112; x_wconf 90' lang='lat' dir='ltr'>v.</span> <span class='ocrx_word' id='word_1_126' title='bbox 227 1064 263 1114; x_wconf 86' lang='grc'>16.</span> <span class='ocrx_word' id='word_1_127' title='bbox 282 1057 427 1115; x_wconf 80' lang='lat' dir='ltr'>Sanabiles</span> <span class='ocrx_word' id='word_1_128' title='bbox 440 1061 474 1114; x_wconf 90' lang='lat' dir='ltr'>de</span> <span class='ocrx_word' id='word_1_129' title='bbox 489 1060 649 1131; x_wconf 85' lang='lat' dir='ltr'>Scripturas</span> <span class='ocrx_word' id='word_1_130' title='bbox 662 1063 826 1118; x_wconf 84' lang='lat' dir='ltr'>auctoritate</span> <span class='ocrx_word' id='word_1_131' title='bbox 837 1063 926 1117; x_wconf 88' lang='lat' dir='ltr'>tribus</span> <span class='ocrx_word' id='word_1_132' title='bbox 939 1065 1017 1119; x_wconf 86' lang='lat' dir='ltr'>testi·</span> <span class='ocrx_word' id='word_1_133' title='bbox 1043 1061 1160 1114; x_wconf 76' lang='lat' dir='ltr'>molesia</span> <span class='ocrx_word' id='word_1_134' title='bbox 1182 1062 1288 1115; x_wconf 77' lang='grc'><strong>1555511</strong></span> <span class='ocrx_word' id='word_1_135' title='bbox 1308 1060 1477 1129; x_wconf 79' lang='lat' dir='ltr'>Scripturas.</span> <span class='ocrx_word' id='word_1_136' title='bbox 1520 1058 1604 1127; x_wconf 85' lang='lat' dir='ltr'>ltem,</span> <span class='ocrx_word' id='word_1_137' title='bbox 1638 1058 1756 1113; x_wconf 77' lang='grc'><strong>55515515</strong></span> <span class='ocrx_word' id='word_1_138' title='bbox 1783 1060 1876 1128; x_wconf 61' lang='lat' dir='ltr'>sarit</span> 
     </span>
     <span class='ocr_line' id='line_1_11' title="bbox 186 1144 1888 1231; baseline 0.009 -33"><span class='ocrx_word' id='word_1_139' title='bbox 186 1144 338 1201; x_wconf 85' lang='lat' dir='ltr'>moniornm</span> <span class='ocrx_word' id='word_1_140' title='bbox 356 1146 504 1217; x_wconf 91' lang='lat' dir='ltr'>generibus</span> <span class='ocrx_word' id='word_1_141' title='bbox 522 1147 648 1202; x_wconf 78' lang='lat' dir='ltr'>convinci</span> <span class='ocrx_word' id='word_1_142' title='bbox 672 1156 793 1218; x_wconf 88' lang='lat' dir='ltr'>possunt.</span> <span class='ocrx_word' id='word_1_143' title='bbox 829 1149 953 1205; x_wconf 90' lang='lat' dir='ltr'>Primum</span> <span class='ocrx_word' id='word_1_144' title='bbox 976 1157 1018 1205; x_wconf 89' lang='lat' dir='ltr'>est</span> <span class='ocrx_word' id='word_1_145' title='bbox 1042 1154 1074 1200; x_wconf 81' lang='lat' dir='ltr'>st</span> <span class='ocrx_word' id='word_1_146' title='bbox 1089 1163 1155 1201; x_wconf 67' lang='grc'><strong>5555</strong></span> <span class='ocrx_word' id='word_1_147' title='bbox 1174 1164 1232 1201; x_wconf 84' lang='lat' dir='ltr'>sess</span> <span class='ocrx_word' id='word_1_148' title='bbox 1249 1166 1268 1201; x_wconf 84' lang='grc'>5</span> <span class='ocrx_word' id='word_1_149' title='bbox 1285 1147 1363 1200; x_wconf 71' lang='lat' dir='ltr'>nobis</span> <span class='ocrx_word' id='word_1_150' title='bbox 1388 1147 1553 1209; x_wconf 71' lang='grc'><strong>5555155151,</strong></span> <span class='ocrx_word' id='word_1_151' title='bbox 1575 1161 1647 1214; x_wconf 65' lang='lat' dir='ltr'><em>W</em></span> <span class='ocrx_word' id='word_1_152' title='bbox 1669 1145 1701 1198; x_wconf 61' lang='lat'>¹⁸⁸</span> <span class='ocrx_word' id='word_1_153' title='bbox 1719 1145 1888 1231; x_wconf 51' lang='grc' dir='ltr'>ΜΡΝ,</span> 
     </span>
     <span class='ocr_line' id='line_1_12' title="bbox 185 1230 1877 1308; baseline 0.002 -23"><span class='ocrx_word' id='word_1_154' title='bbox 185 1232 322 1286; x_wconf 69' lang='lat' dir='ltr'>tamum</span> <span class='ocrx_word' id='word_1_155' title='bbox 340 1233 469 1302; x_wconf 81' lang='lat' dir='ltr'>Spiritus</span> <span class='ocrx_word' id='word_1_156' title='bbox 483 1236 575 1288; x_wconf 77' lang='lat' dir='ltr'>sancti</span> <span class='ocrx_word' id='word_1_157' title='bbox 592 1237 792 1299; x_wconf 75' lang='grc' dir='ltr'><strong>155ιί555555,</strong></span> <span class='ocrx_word' id='word_1_158' title='bbox 814 1237 861 1308; x_wconf 90' lang='lat' dir='ltr'>qui</span> <span class='ocrx_word' id='word_1_159' title='bbox 879 1242 911 1291; x_wconf 90' lang='lat' dir='ltr'>nt</span> <span class='ocrx_word' id='word_1_160' title='bbox 926 1236 1018 1291; x_wconf 84' lang='lat' dir='ltr'>reddit</span> <span class='ocrx_word' id='word_1_161' title='bbox 1043 1235 1222 1288; x_wconf 70' lang='grc'><strong>5555555155.</strong></span> <span class='ocrx_word' id='word_1_162' title='bbox 1247 1234 1280 1288; x_wconf 94' lang='lat' dir='ltr'>In</span> <span class='ocrx_word' id='word_1_163' title='bbox 1295 1233 1397 1305; x_wconf 85' lang='lat' dir='ltr'>triplis.</span> <span class='ocrx_word' id='word_1_164' title='bbox 1416 1232 1479 1287; x_wconf 89' lang='lat' dir='ltr'>adv.</span> <span class='ocrx_word' id='word_1_165' title='bbox 1491 1230 1626 1288; x_wconf 81' lang='lat' dir='ltr'>Witaker.</span> <span class='ocrx_word' id='word_1_166' title='bbox 1650 1232 1772 1302; x_wconf 85' lang='lat' dir='ltr'>Propter</span> <span class='ocrx_word' id='word_1_167' title='bbox 1781 1231 1877 1289; x_wconf 76' lang='lat' dir='ltr'>solues</span> 
     </span>
     <span class='ocr_line' id='line_1_13' title="bbox 186 1319 1874 1393; baseline 0.002 -20"><span class='ocrx_word' id='word_1_168' title='bbox 186 1319 369 1373; x_wconf 76' lang='grc'><strong>1511155551555</strong></span> <span class='ocrx_word' id='word_1_169' title='bbox 389 1320 512 1389; x_wconf 84' lang='lat' dir='ltr'>Spiritui</span> <span class='ocrx_word' id='word_1_170' title='bbox 528 1322 705 1387; x_wconf 76' lang='grc'><strong>555115511555,</strong></span> <span class='ocrx_word' id='word_1_171' title='bbox 724 1325 801 1390; x_wconf 78' lang='lat' dir='ltr'>quod</span> <span class='ocrx_word' id='word_1_172' title='bbox 818 1323 874 1376; x_wconf 81' lang='grc'><strong>5151</strong></span> <span class='ocrx_word' id='word_1_173' title='bbox 886 1323 947 1393; x_wconf 81' lang='lat' dir='ltr'>filii</span> <span class='ocrx_word' id='word_1_174' title='bbox 960 1325 1019 1376; x_wconf 85' lang='lat' dir='ltr'>Dei</span> <span class='ocrx_word' id='word_1_175' title='bbox 1043 1320 1174 1374; x_wconf 77' lang='grc'><strong>5551555115</strong></span> <span class='ocrx_word' id='word_1_176' title='bbox 1193 1321 1384 1375; x_wconf 71' lang='lat' dir='ltr'>auctmitutem</span> <span class='ocrx_word' id='word_1_177' title='bbox 1409 1319 1547 1374; x_wconf 81' lang='lat' dir='ltr'>oredimus</span> <span class='ocrx_word' id='word_1_178' title='bbox 1570 1319 1734 1388; x_wconf 68' lang='grc'><strong>8551511555</strong></span> <span class='ocrx_word' id='word_1_179' title='bbox 1763 1334 1874 1376; x_wconf 65' lang='lat' dir='ltr'>mm</span> 
     </span>
     <span class='ocr_line' id='line_1_14' title="bbox 186 1404 1873 1479; baseline 0.001 -20"><span class='ocrx_word' id='word_1_180' title='bbox 186 1404 264 1460; x_wconf 78' lang='lat' dir='ltr'>Rom.</span> <span class='ocrx_word' id='word_1_181' title='bbox 283 1408 315 1472; x_wconf 86' lang='lat'>8,</span> <span class='ocrx_word' id='word_1_182' title='bbox 345 1424 369 1460; x_wconf 89' lang='lat' dir='ltr'>v.</span> <span class='ocrx_word' id='word_1_183' title='bbox 390 1411 420 1462; x_wconf 84' lang='grc'>15</span> <span class='ocrx_word' id='word_1_184' title='bbox 438 1405 479 1461; x_wconf 83' lang='lat' dir='ltr'>ita</span> <span class='ocrx_word' id='word_1_185' title='bbox 495 1424 604 1479; x_wconf 91' lang='lat' dir='ltr'>quoque</span> <span class='ocrx_word' id='word_1_186' title='bbox 627 1407 778 1463; x_wconf 84' lang='lat' dir='ltr'>efficaciter</span> <span class='ocrx_word' id='word_1_187' title='bbox 801 1425 848 1464; x_wconf 93' lang='lat' dir='ltr'>eos</span> <span class='ocrx_word' id='word_1_188' title='bbox 871 1409 1017 1478; x_wconf 78' lang='lat' dir='ltr'>convincit,</span> <span class='ocrx_word' id='word_1_189' title='bbox 1041 1406 1176 1462; x_wconf 85' lang='lat' dir='ltr'>Pistoriae</span> <span class='ocrx_word' id='word_1_190' title='bbox 1199 1408 1227 1462; x_wconf 92' lang='lat' dir='ltr'>in</span> <span class='ocrx_word' id='word_1_191' title='bbox 1253 1408 1390 1479; x_wconf 88' lang='lat' dir='ltr'>Hodeget.</span> <span class='ocrx_word' id='word_1_192' title='bbox 1418 1425 1444 1478; x_wconf 89' lang='lat' dir='ltr'>p.</span> <span class='ocrx_word' id='word_1_193' title='bbox 1464 1413 1488 1464; x_wconf 80' lang='lat'>2.</span> <span class='ocrx_word' id='word_1_194' title='bbox 1537 1407 1570 1460; x_wconf 89' lang='lat' dir='ltr'>Ut</span> <span class='ocrx_word' id='word_1_195' title='bbox 1598 1406 1667 1460; x_wconf 76' lang='lat' dir='ltr'>libri</span> <span class='ocrx_word' id='word_1_196' title='bbox 1695 1405 1791 1461; x_wconf 71' lang='lat' dir='ltr'>biblici</span> <span class='ocrx_word' id='word_1_197' title='bbox 1815 1423 1873 1474; x_wconf 77' lang='lat' dir='ltr'>pro</span> 
     </span>
     <span class='ocr_line' id='line_1_15' title="bbox 185 1490 1876 1562; baseline 0.002 -18"><span class='ocrx_word' id='word_1_198' title='bbox 185 1490 259 1561; x_wconf 91' lang='lat' dir='ltr'>quod</span> <span class='ocrx_word' id='word_1_199' title='bbox 281 1491 310 1545; x_wconf 94' lang='lat' dir='ltr'>in</span> <span class='ocrx_word' id='word_1_200' title='bbox 334 1490 482 1562; x_wconf 85' lang='lat' dir='ltr'>Scriptaris</span> <span class='ocrx_word' id='word_1_201' title='bbox 502 1509 554 1546; x_wconf 88' lang='lat' dir='ltr'>vox</span> <span class='ocrx_word' id='word_1_202' title='bbox 580 1492 671 1547; x_wconf 88' lang='lat' dir='ltr'>Patris</span> <span class='ocrx_word' id='word_1_203' title='bbox 691 1494 818 1549; x_wconf 90' lang='lat' dir='ltr'>coelestis</span> <span class='ocrx_word' id='word_1_204' title='bbox 844 1495 1017 1550; x_wconf 86' lang='lat' dir='ltr'>contineatur</span> <span class='ocrx_word' id='word_1_205' title='bbox 1041 1494 1122 1546; x_wconf 79' lang='lat' dir='ltr'>uerbo</span> <span class='ocrx_word' id='word_1_206' title='bbox 1141 1496 1199 1548; x_wconf 86' lang='lat' dir='ltr'>Dei</span> <span class='ocrx_word' id='word_1_207' title='bbox 1215 1514 1235 1548; x_wconf 85' lang='grc'>5</span> <span class='ocrx_word' id='word_1_208' title='bbox 1252 1496 1332 1549; x_wconf 79' lang='lat' dir='ltr'>nobis</span> <span class='ocrx_word' id='word_1_209' title='bbox 1349 1495 1465 1562; x_wconf 71' lang='lat' dir='ltr'>agnosci</span> <span class='ocrx_word' id='word_1_210' title='bbox 1481 1494 1596 1547; x_wconf 74' lang='grc'><strong>51515551</strong></span> <span class='ocrx_word' id='word_1_211' title='bbox 1612 1492 1876 1562; x_wconf 58' lang='lat' dir='ltr'>apocrisiarios</span> 
     </span>
     <span class='ocr_line' id='line_1_16' title="bbox 183 1576 1876 1644; baseline 0.002 -13"><span class='ocrx_word' id='word_1_212' title='bbox 183 1593 217 1631; x_wconf 90' lang='lat' dir='ltr'>ac</span> <span class='ocrx_word' id='word_1_213' title='bbox 234 1576 308 1631; x_wconf 86' lang='lat' dir='ltr'>solus</span> <span class='ocrx_word' id='word_1_214' title='bbox 328 1577 405 1631; x_wconf 90' lang='lat' dir='ltr'>Deus</span> <span class='ocrx_word' id='word_1_215' title='bbox 422 1583 465 1632; x_wconf 88' lang='lat' dir='ltr'>est</span> <span class='ocrx_word' id='word_1_216' title='bbox 484 1577 600 1633; x_wconf 91' lang='lat' dir='ltr'>idoneus</span> <span class='ocrx_word' id='word_1_217' title='bbox 618 1583 646 1632; x_wconf 92' lang='lat' dir='ltr'>et</span> <span class='ocrx_word' id='word_1_218' title='bbox 660 1578 835 1634; x_wconf 87' lang='lat' dir='ltr'>authenticus</span> <span class='ocrx_word' id='word_1_219' title='bbox 852 1580 937 1634; x_wconf 59' lang='lat' dir='ltr'>tems.</span> <span class='ocrx_word' id='word_1_220' title='bbox 968 1580 1015 1635; x_wconf 79' lang='lat' dir='ltr'>Ad</span> <span class='ocrx_word' id='word_1_221' title='bbox 1041 1598 1129 1634; x_wconf 82' lang='grc'><strong>55555</strong></span> <span class='ocrx_word' id='word_1_222' title='bbox 1147 1589 1186 1634; x_wconf 85' lang='lat' dir='ltr'>est</span> <span class='ocrx_word' id='word_1_223' title='bbox 1208 1582 1340 1636; x_wconf 77' lang='grc'><strong>5551551555</strong></span> <span class='ocrx_word' id='word_1_224' title='bbox 1357 1581 1542 1635; x_wconf 64' lang='lat' dir='ltr'>memoriam</span> <span class='ocrx_word' id='word_1_225' title='bbox 1559 1588 1584 1634; x_wconf 84' lang='lat' dir='ltr'>st</span> <span class='ocrx_word' id='word_1_226' title='bbox 1601 1581 1772 1644; x_wconf 69' lang='grc'><strong>5555515155,</strong></span> <span class='ocrx_word' id='word_1_227' title='bbox 1789 1578 1876 1635; x_wconf 62' lang='lat' dir='ltr'>aa&amp;</span> 
     </span>
     <span class='ocr_line' id='line_1_17' title="bbox 185 1662 1874 1737; baseline 0.001 -19"><span class='ocrx_word' id='word_1_228' title='bbox 185 1667 238 1724; x_wconf 82' lang='lat' dir='ltr'>hoc</span> <span class='ocrx_word' id='word_1_229' title='bbox 255 1662 440 1717; x_wconf 89' lang='lat' dir='ltr'>testimonium</span> <span class='ocrx_word' id='word_1_230' title='bbox 469 1663 589 1733; x_wconf 78' lang='lat' dir='ltr'>pertinet</span> <span class='ocrx_word' id='word_1_231' title='bbox 619 1663 698 1718; x_wconf 87' lang='lat' dir='ltr'>vivae</span> <span class='ocrx_word' id='word_1_232' title='bbox 726 1666 834 1735; x_wconf 92' lang='lat' dir='ltr'>piorum</span> <span class='ocrx_word' id='word_1_233' title='bbox 861 1683 956 1721; x_wconf 89' lang='lat' dir='ltr'>sensus</span> <span class='ocrx_word' id='word_1_234' title='bbox 986 1669 1014 1722; x_wconf 92' lang='lat' dir='ltr'>in</span> <span class='ocrx_word' id='word_1_235' title='bbox 1043 1666 1206 1737; x_wconf 68' lang='lat' dir='ltr'>Sanitium,</span> <span class='ocrx_word' id='word_1_236' title='bbox 1225 1667 1305 1721; x_wconf 80' lang='grc'><strong>55115</strong></span> <span class='ocrx_word' id='word_1_237' title='bbox 1321 1668 1495 1736; x_wconf 83' lang='lat' dir='ltr'>proprietas,</span> <span class='ocrx_word' id='word_1_238' title='bbox 1514 1666 1609 1720; x_wconf 80' lang='grc'><strong>551151</strong></span> <span class='ocrx_word' id='word_1_239' title='bbox 1625 1665 1759 1735; x_wconf 76' lang='lat' dir='ltr'>proprias</span> <span class='ocrx_word' id='word_1_240' title='bbox 1779 1664 1874 1734; x_wconf 71' lang='lat' dir='ltr'>Spiri-</span> 
     </span>
     <span class='ocr_line' id='line_1_18' title="bbox 183 1747 1874 1824; baseline 0.002 -23"><span class='ocrx_word' id='word_1_241' title='bbox 183 1747 345 1819; x_wconf 86' lang='lat' dir='ltr'>quotidiena</span> <span class='ocrx_word' id='word_1_242' title='bbox 363 1748 537 1804; x_wconf 87' lang='lat' dir='ltr'>invocatione</span> <span class='ocrx_word' id='word_1_243' title='bbox 559 1755 587 1804; x_wconf 89' lang='lat' dir='ltr'>et</span> <span class='ocrx_word' id='word_1_244' title='bbox 610 1750 745 1805; x_wconf 85' lang='lat' dir='ltr'>exercitiis</span> <span class='ocrx_word' id='word_1_245' title='bbox 771 1752 956 1822; x_wconf 89' lang='lat' dir='ltr'>poenitentiae</span> <span class='ocrx_word' id='word_1_246' title='bbox 981 1770 1014 1808; x_wconf 89' lang='lat' dir='ltr'>ac</span> <span class='ocrx_word' id='word_1_247' title='bbox 1040 1762 1084 1807; x_wconf 85' lang='lat' dir='ltr'>tas</span> <span class='ocrx_word' id='word_1_248' title='bbox 1102 1769 1166 1824; x_wconf 87' lang='lat' dir='ltr'>pag.</span> <span class='ocrx_word' id='word_1_249' title='bbox 1184 1757 1208 1808; x_wconf 84' lang='lat'>8.</span> <span class='ocrx_word' id='word_1_250' title='bbox 1225 1754 1277 1806; x_wconf 84' lang='lat' dir='ltr'>ssd</span> <span class='ocrx_word' id='word_1_251' title='bbox 1293 1760 1397 1806; x_wconf 78' lang='grc'><strong>1551555</strong></span> <span class='ocrx_word' id='word_1_252' title='bbox 1415 1752 1568 1819; x_wconf 67' lang='lat' dir='ltr'>corbolien,</span> <span class='ocrx_word' id='word_1_253' title='bbox 1590 1758 1728 1820; x_wconf 80' lang='lat' dir='ltr'>perpetra</span> <span class='ocrx_word' id='word_1_254' title='bbox 1746 1757 1806 1804; x_wconf 81' lang='lat' dir='ltr'>tota</span> <span class='ocrx_word' id='word_1_255' title='bbox 1830 1767 1874 1804; x_wconf 84' lang='lat' dir='ltr'>se·</span> 
     </span>
     <span class='ocr_line' id='line_1_19' title="bbox 184 1833 1872 1898; baseline 0.002 -10"><span class='ocrx_word' id='word_1_256' title='bbox 184 1833 262 1898; x_wconf 90' lang='lat' dir='ltr'>fidei,</span> <span class='ocrx_word' id='word_1_257' title='bbox 285 1833 373 1890; x_wconf 87' lang='lat' dir='ltr'>virtus</span> <span class='ocrx_word' id='word_1_258' title='bbox 391 1835 551 1891; x_wconf 91' lang='lat' dir='ltr'>consolandi</span> <span class='ocrx_word' id='word_1_259' title='bbox 570 1843 597 1891; x_wconf 87' lang='lat' dir='ltr'>et</span> <span class='ocrx_word' id='word_1_260' title='bbox 614 1836 762 1892; x_wconf 89' lang='lat' dir='ltr'>roborandi</span> <span class='ocrx_word' id='word_1_261' title='bbox 781 1838 901 1893; x_wconf 90' lang='lat' dir='ltr'>animum</span> <span class='ocrx_word' id='word_1_262' title='bbox 919 1839 1013 1894; x_wconf 83' lang='lat' dir='ltr'>adver·</span> <span class='ocrx_word' id='word_1_263' title='bbox 1040 1839 1125 1894; x_wconf 82' lang='lat' dir='ltr'>eletio</span> <span class='ocrx_word' id='word_1_264' title='bbox 1146 1839 1257 1894; x_wconf 66' lang='grc'><strong>0151511.</strong></span> <span class='ocrx_word' id='word_1_265' title='bbox 1293 1838 1375 1893; x_wconf 86' lang='lat' dir='ltr'>Vitas</span> <span class='ocrx_word' id='word_1_266' title='bbox 1394 1837 1505 1892; x_wconf 82' lang='lat' dir='ltr'>Miletus</span> <span class='ocrx_word' id='word_1_267' title='bbox 1526 1837 1555 1891; x_wconf 92' lang='lat' dir='ltr'>in</span> <span class='ocrx_word' id='word_1_268' title='bbox 1573 1836 1688 1891; x_wconf 89' lang='lat' dir='ltr'>discura.</span> <span class='ocrx_word' id='word_1_269' title='bbox 1714 1842 1765 1892; x_wconf 82' lang='grc'><strong>5111</strong></span> <span class='ocrx_word' id='word_1_270' title='bbox 1786 1853 1872 1893; x_wconf 86' lang='lat' dir='ltr'>error.</span> 
     </span>
     <span class='ocr_line' id='line_1_20' title="bbox 183 1920 1872 1996; baseline 0.001 -22"><span class='ocrx_word' id='word_1_271' title='bbox 183 1939 229 1975; x_wconf 87' lang='lat' dir='ltr'>eus</span> <span class='ocrx_word' id='word_1_272' title='bbox 247 1920 337 1977; x_wconf 89' lang='lat' dir='ltr'>omnis</span> <span class='ocrx_word' id='word_1_273' title='bbox 354 1921 464 1992; x_wconf 87' lang='lat' dir='ltr'>generis</span> <span class='ocrx_word' id='word_1_274' title='bbox 482 1923 675 1992; x_wconf 72' lang='lat' dir='ltr'>adversitates,</span> <span class='ocrx_word' id='word_1_275' title='bbox 690 1924 869 1992; x_wconf 70' lang='lat' dir='ltr'>tentationes,</span> <span class='ocrx_word' id='word_1_276' title='bbox 887 1942 1013 1996; x_wconf 90' lang='lat' dir='ltr'>persecu·</span> <span class='ocrx_word' id='word_1_277' title='bbox 1039 1923 1184 1979; x_wconf 87' lang='lat' dir='ltr'>Hesshusii</span> <span class='ocrx_word' id='word_1_278' title='bbox 1209 1940 1273 1995; x_wconf 84' lang='lat' dir='ltr'>pag.</span> <span class='ocrx_word' id='word_1_279' title='bbox 1299 1929 1339 1980; x_wconf 80' lang='grc'>11.</span> <span class='ocrx_word' id='word_1_280' title='bbox 1387 1924 1517 1976; x_wconf 80' lang='lat' dir='ltr'>Dicimus</span> <span class='ocrx_word' id='word_1_281' title='bbox 1546 1922 1722 1992; x_wconf 66' lang='lat' dir='ltr'>Scripseram</span> <span class='ocrx_word' id='word_1_282' title='bbox 1747 1940 1872 1991; x_wconf 74' lang='grc'><strong>5555555,</strong></span> 
     </span>
     <span class='ocr_line' id='line_1_21' title="bbox 181 2007 1872 2082; baseline 0.001 -20"><span class='ocrx_word' id='word_1_283' title='bbox 181 2007 269 2063; x_wconf 89' lang='lat' dir='ltr'>tiones</span> <span class='ocrx_word' id='word_1_284' title='bbox 288 2013 339 2062; x_wconf 89' lang='lat' dir='ltr'>ete.</span> <span class='ocrx_word' id='word_1_285' title='bbox 357 2024 439 2079; x_wconf 86' lang='lat' dir='ltr'>quam</span> <span class='ocrx_word' id='word_1_286' title='bbox 457 2008 615 2064; x_wconf 89' lang='lat' dir='ltr'>inlections</span> <span class='ocrx_word' id='word_1_287' title='bbox 626 2016 655 2065; x_wconf 90' lang='lat' dir='ltr'>et</span> <span class='ocrx_word' id='word_1_288' title='bbox 666 2011 843 2066; x_wconf 90' lang='lat' dir='ltr'>meditatione</span> <span class='ocrx_word' id='word_1_289' title='bbox 856 2011 1014 2082; x_wconf 84' lang='lat' dir='ltr'>Scripturas</span> <span class='ocrx_word' id='word_1_290' title='bbox 1038 2013 1098 2066; x_wconf 78' lang='lat' dir='ltr'>sios</span> <span class='ocrx_word' id='word_1_291' title='bbox 1115 2011 1444 2078; x_wconf 77' lang='grc'><strong>55515511515555155155,</strong></span> <span class='ocrx_word' id='word_1_292' title='bbox 1467 2028 1516 2064; x_wconf 80' lang='lat' dir='ltr'>ase</span> <span class='ocrx_word' id='word_1_293' title='bbox 1540 2018 1646 2064; x_wconf 80' lang='grc'><strong>1551555</strong></span> <span class='ocrx_word' id='word_1_294' title='bbox 1669 2010 1781 2078; x_wconf 72' lang='lat' dir='ltr'>peridem</span> <span class='ocrx_word' id='word_1_295' title='bbox 1799 2009 1872 2064; x_wconf 80' lang='grc'><strong>5511-</strong></span> 
     </span>
     <span class='ocr_line' id='line_1_22' title="bbox 181 2092 1873 2167; baseline 0.004 -21"><span class='ocrx_word' id='word_1_296' title='bbox 181 2092 222 2164; x_wconf 89' lang='lat' dir='ltr'>pii</span> <span class='ocrx_word' id='word_1_297' title='bbox 240 2092 362 2163; x_wconf 87' lang='lat' dir='ltr'>quotidie</span> <span class='ocrx_word' id='word_1_298' title='bbox 382 2093 565 2165; x_wconf 87' lang='lat' dir='ltr'>experiuntur.</span> <span class='ocrx_word' id='word_1_299' title='bbox 591 2095 748 2152; x_wconf 86' lang='lat' dir='ltr'>Secundum</span> <span class='ocrx_word' id='word_1_300' title='bbox 764 2097 887 2153; x_wconf 89' lang='lat' dir='ltr'>continet</span> <span class='ocrx_word' id='word_1_301' title='bbox 904 2099 1014 2152; x_wconf 77' lang='grc'><strong>1515555</strong></span> <span class='ocrx_word' id='word_1_302' title='bbox 1039 2106 1143 2165; x_wconf 72' lang='lat' dir='ltr'>team,</span> <span class='ocrx_word' id='word_1_303' title='bbox 1167 2097 1299 2167; x_wconf 69' lang='grc'><strong>55551555</strong></span> <span class='ocrx_word' id='word_1_304' title='bbox 1322 2098 1431 2166; x_wconf 79' lang='lat' dir='ltr'>Aesopi</span> <span class='ocrx_word' id='word_1_305' title='bbox 1450 2096 1544 2150; x_wconf 80' lang='lat' dir='ltr'>valent</span> <span class='ocrx_word' id='word_1_306' title='bbox 1559 2096 1699 2162; x_wconf 71' lang='lat' dir='ltr'>schulsa,</span> <span class='ocrx_word' id='word_1_307' title='bbox 1726 2095 1873 2151; x_wconf 75' lang='grc'><strong>15555155</strong></span> 
     </span>
     <span class='ocr_line' id='line_1_23' title="bbox 183 2177 1912 2256; baseline 0.001 -24"><span class='ocrx_word' id='word_1_308' title='bbox 183 2177 304 2250; x_wconf 72' lang='lat' dir='ltr'>spissiore</span> <span class='ocrx_word' id='word_1_309' title='bbox 333 2180 392 2249; x_wconf 85' lang='lat' dir='ltr'>ipsi</span> <span class='ocrx_word' id='word_1_310' title='bbox 418 2180 581 2250; x_wconf 75' lang='lat' dir='ltr'>Sonptwree</span> <span class='ocrx_word' id='word_1_311' title='bbox 608 2183 710 2250; x_wconf 72' lang='grc'><strong>551115,</strong></span> <span class='ocrx_word' id='word_1_312' title='bbox 737 2200 853 2254; x_wconf 87' lang='lat' dir='ltr'>quorum</span> <span class='ocrx_word' id='word_1_313' title='bbox 878 2185 1013 2256; x_wconf 87' lang='lat' dir='ltr'>quaedam</span> <span class='ocrx_word' id='word_1_314' title='bbox 1039 2185 1146 2254; x_wconf 78' lang='lat' dir='ltr'>Aesopi</span> <span class='ocrx_word' id='word_1_315' title='bbox 1161 2200 1219 2238; x_wconf 85' lang='lat' dir='ltr'>esse</span> <span class='ocrx_word' id='word_1_316' title='bbox 1232 2183 1366 2250; x_wconf 82' lang='lat' dir='ltr'>fabulas,</span> <span class='ocrx_word' id='word_1_317' title='bbox 1390 2201 1439 2236; x_wconf 84' lang='lat' dir='ltr'>ase</span> <span class='ocrx_word' id='word_1_318' title='bbox 1462 2185 1535 2235; x_wconf 79' lang='lat' dir='ltr'>adeo</span> <span class='ocrx_word' id='word_1_319' title='bbox 1555 2182 1764 2250; x_wconf 70' lang='lat' dir='ltr'>incongruentes</span> <span class='ocrx_word' id='word_1_320' title='bbox 1783 2182 1872 2239; x_wconf 77' lang='lat' dir='ltr'>bonai·</span> <span class='ocrx_word' id='word_1_321' title='bbox 1885 2192 1912 2233; x_wconf 84' lang='lat' dir='ltr'>m</span> 
     </span>
     <span class='ocr_line' id='line_1_24' title="bbox 181 2265 1872 2340; baseline 0.002 -21"><span class='ocrx_word' id='word_1_322' title='bbox 181 2270 313 2335; x_wconf 87' lang='lat' dir='ltr'>petuntur</span> <span class='ocrx_word' id='word_1_323' title='bbox 338 2282 371 2320; x_wconf 88' lang='lat' dir='ltr'>ex</span> <span class='ocrx_word' id='word_1_324' title='bbox 393 2265 496 2335; x_wconf 88' lang='lat' dir='ltr'>causis,</span> <span class='ocrx_word' id='word_1_325' title='bbox 525 2267 662 2337; x_wconf 89' lang='lat' dir='ltr'>quaedam</span> <span class='ocrx_word' id='word_1_326' title='bbox 686 2285 719 2322; x_wconf 87' lang='lat' dir='ltr'>er</span> <span class='ocrx_word' id='word_1_327' title='bbox 738 2268 859 2338; x_wconf 84' lang='lat' dir='ltr'>effectis,</span> <span class='ocrx_word' id='word_1_328' title='bbox 877 2271 1013 2340; x_wconf 88' lang='lat' dir='ltr'>quaedam</span> <span class='ocrx_word' id='word_1_329' title='bbox 1038 2289 1103 2325; x_wconf 83' lang='grc'><strong>5555</strong></span> <span class='ocrx_word' id='word_1_330' title='bbox 1131 2271 1253 2324; x_wconf 71' lang='lat' dir='ltr'>mribus</span> <span class='ocrx_word' id='word_1_331' title='bbox 1286 2277 1362 2323; x_wconf 76' lang='grc'><strong>55515</strong></span> <span class='ocrx_word' id='word_1_332' title='bbox 1393 2269 1547 2322; x_wconf 77' lang='lat' dir='ltr'>traditiose</span> <span class='ocrx_word' id='word_1_333' title='bbox 1575 2267 1715 2320; x_wconf 76' lang='lat' dir='ltr'>bominum</span> <span class='ocrx_word' id='word_1_334' title='bbox 1745 2274 1872 2323; x_wconf 70' lang='grc'><strong>55511515</strong></span> 
     </span>
     <span class='ocr_line' id='line_1_25' title="bbox 181 2349 1869 2430; baseline 0.002 -25"><span class='ocrx_word' id='word_1_335' title='bbox 181 2367 215 2405; x_wconf 87' lang='lat' dir='ltr'>er</span> <span class='ocrx_word' id='word_1_336' title='bbox 237 2349 376 2419; x_wconf 88' lang='lat' dir='ltr'>subjecto,</span> <span class='ocrx_word' id='word_1_337' title='bbox 400 2350 536 2421; x_wconf 89' lang='lat' dir='ltr'>quaedam</span> <span class='ocrx_word' id='word_1_338' title='bbox 558 2368 591 2407; x_wconf 85' lang='lat' dir='ltr'>ex</span> <span class='ocrx_word' id='word_1_339' title='bbox 610 2351 763 2422; x_wconf 86' lang='lat' dir='ltr'>adjunctis:</span> <span class='ocrx_word' id='word_1_340' title='bbox 791 2353 872 2409; x_wconf 85' lang='lat' dir='ltr'>Talia</span> <span class='ocrx_word' id='word_1_341' title='bbox 889 2355 1013 2430; x_wconf 72' lang='grc' dir='ltr'>κριτήρια</span> <span class='ocrx_word' id='word_1_342' title='bbox 1039 2357 1201 2426; x_wconf 70' lang='lat' dir='ltr'>Scriptores</span> <span class='ocrx_word' id='word_1_343' title='bbox 1219 2373 1284 2410; x_wconf 81' lang='lat' dir='ltr'>sero</span> <span class='ocrx_word' id='word_1_344' title='bbox 1303 2371 1360 2409; x_wconf 85' lang='lat' dir='ltr'>esse</span> <span class='ocrx_word' id='word_1_345' title='bbox 1376 2355 1527 2408; x_wconf 77' lang='grc'><strong>5555551555</strong></span> <span class='ocrx_word' id='word_1_346' title='bbox 1545 2362 1571 2406; x_wconf 87' lang='grc'>51</span> <span class='ocrx_word' id='word_1_347' title='bbox 1588 2371 1607 2407; x_wconf 86' lang='lat' dir='ltr'>a</span> <span class='ocrx_word' id='word_1_348' title='bbox 1621 2354 1685 2407; x_wconf 88' lang='lat' dir='ltr'>Deo</span> <span class='ocrx_word' id='word_1_349' title='bbox 1705 2353 1869 2409; x_wconf 77' lang='lat' dir='ltr'>immediate</span> 
     </span>
     <span class='ocr_line' id='line_1_26' title="bbox 181 2436 1899 2518; baseline 0.002 -27"><span class='ocrx_word' id='word_1_350' title='bbox 181 2443 259 2506; x_wconf 85' lang='lat' dir='ltr'>sunt,</span> <span class='ocrx_word' id='word_1_351' title='bbox 284 2436 450 2508; x_wconf 86' lang='lat' dir='ltr'>antiquitas,</span> <span class='ocrx_word' id='word_1_352' title='bbox 485 2454 577 2492; x_wconf 88' lang='lat' dir='ltr'>rerum</span> <span class='ocrx_word' id='word_1_353' title='bbox 613 2440 757 2510; x_wconf 85' lang='lat' dir='ltr'>majestas,</span> <span class='ocrx_word' id='word_1_354' title='bbox 792 2441 925 2496; x_wconf 90' lang='lat' dir='ltr'>sermonis</span> <span class='ocrx_word' id='word_1_355' title='bbox 959 2443 1014 2497; x_wconf 92' lang='lat' dir='ltr'>sin·</span> <span class='ocrx_word' id='word_1_356' title='bbox 1038 2443 1201 2512; x_wconf 77' lang='lat' dir='ltr'>inspiratur,</span> <span class='ocrx_word' id='word_1_357' title='bbox 1212 2441 1340 2510; x_wconf 78' lang='lat' dir='ltr'>fideliter</span> <span class='ocrx_word' id='word_1_358' title='bbox 1357 2449 1383 2495; x_wconf 85' lang='lat' dir='ltr'>et</span> <span class='ocrx_word' id='word_1_359' title='bbox 1399 2441 1557 2510; x_wconf 80' lang='lat' dir='ltr'>incorrupte</span> <span class='ocrx_word' id='word_1_360' title='bbox 1572 2441 1694 2508; x_wconf 59' lang='lat' dir='ltr'>mittas</span> <span class='ocrx_word' id='word_1_361' title='bbox 1714 2447 1740 2493; x_wconf 83' lang='lat' dir='ltr'>et</span> <span class='ocrx_word' id='word_1_362' title='bbox 1758 2441 1801 2494; x_wconf 83' lang='lat' dir='ltr'>ud</span> <span class='ocrx_word' id='word_1_363' title='bbox 1819 2458 1899 2518; x_wconf 65' lang='lat' dir='ltr'>uos⁸</span> 
     </span>
     <span class='ocr_line' id='line_1_27' title="bbox 183 2522 1872 2598; baseline 0.004 -21"><span class='ocrx_word' id='word_1_364' title='bbox 183 2522 340 2594; x_wconf 74' lang='lat' dir='ltr'>gulantas,</span> <span class='ocrx_word' id='word_1_365' title='bbox 379 2528 513 2594; x_wconf 90' lang='lat' dir='ltr'>perpetua</span> <span class='ocrx_word' id='word_1_366' title='bbox 548 2524 744 2590; x_wconf 86' lang='lat' dir='ltr'>conformitas,</span> <span class='ocrx_word' id='word_1_367' title='bbox 781 2527 942 2598; x_wconf 87' lang='lat' dir='ltr'>prophetiae</span> <span class='ocrx_word' id='word_1_368' title='bbox 978 2528 1013 2584; x_wconf 92' lang='lat' dir='ltr'>de</span> <span class='ocrx_word' id='word_1_369' title='bbox 1036 2527 1506 2596; x_wconf 65' lang='grc'><strong>555551555551555155155151155</strong></span> <span class='ocrx_word' id='word_1_370' title='bbox 1524 2526 1716 2580; x_wconf 64' lang='lat' dir='ltr'>armantem</span> <span class='ocrx_word' id='word_1_371' title='bbox 1734 2533 1761 2579; x_wconf 83' lang='lat' dir='ltr'>st</span> <span class='ocrx_word' id='word_1_372' title='bbox 1777 2527 1872 2583; x_wconf 81' lang='lat' dir='ltr'>tradi·</span> 
     </span>
     <span class='ocr_line' id='line_1_28' title="bbox 181 2608 1742 2693; baseline 0.001 -29"><span class='ocrx_word' id='word_1_373' title='bbox 181 2608 264 2665; x_wconf 90' lang='lat' dir='ltr'>rebus</span> <span class='ocrx_word' id='word_1_374' title='bbox 287 2608 387 2664; x_wconf 80' lang='lat' dir='ltr'>tataris</span> <span class='ocrx_word' id='word_1_375' title='bbox 413 2609 547 2680; x_wconf 86' lang='lat' dir='ltr'>dignitas,</span> <span class='ocrx_word' id='word_1_376' title='bbox 576 2610 768 2681; x_wconf 87' lang='lat' dir='ltr'>complementi</span> <span class='ocrx_word' id='word_1_377' title='bbox 792 2612 908 2680; x_wconf 74' lang='grc'><strong>1551155,</strong></span> <span class='ocrx_word' id='word_1_378' title='bbox 927 2614 1012 2668; x_wconf 87' lang='lat' dir='ltr'>mira·</span> <span class='ocrx_word' id='word_1_379' title='bbox 1036 2616 1150 2693; x_wconf 59' lang='lat' dir='ltr'>tionem,</span> <span class='ocrx_word' id='word_1_380' title='bbox 1168 2617 1242 2669; x_wconf 75' lang='lat' dir='ltr'>cede</span> <span class='ocrx_word' id='word_1_381' title='bbox 1259 2616 1369 2668; x_wconf 74' lang='grc'><strong>5155555</strong></span> <span class='ocrx_word' id='word_1_382' title='bbox 1388 2613 1493 2668; x_wconf 74' lang='grc'><strong>5155511</strong></span> <span class='ocrx_word' id='word_1_383' title='bbox 1508 2613 1557 2667; x_wconf 86' lang='lat' dir='ltr'>isti</span> <span class='ocrx_word' id='word_1_384' title='bbox 1571 2619 1742 2680; x_wconf 75' lang='lat' dir='ltr'>eopnoeoeat.</span> 
     </span>
     <span class='ocr_line' id='line_1_29' title="bbox 182 2695 1872 2772; baseline 0.003 -22"><span class='ocrx_word' id='word_1_385' title='bbox 182 2695 315 2759; x_wconf 87' lang='lat' dir='ltr'>culorum,</span> <span class='ocrx_word' id='word_1_386' title='bbox 335 2695 825 2765; x_wconf 84' lang='lat' dir='ltr'>quibusdoctrinaillaconfirmata</span> <span class='ocrx_word' id='word_1_387' title='bbox 845 2699 1012 2769; x_wconf 68' lang='grc'><strong>551111151-</strong></span> <span class='ocrx_word' id='word_1_388' title='bbox 1075 2706 1116 2756; x_wconf 81' lang='lat'>38.</span> <span class='ocrx_word' id='word_1_389' title='bbox 1151 2702 1309 2772; x_wconf 74' lang='lat' dir='ltr'>Antequam</span> <span class='ocrx_word' id='word_1_390' title='bbox 1327 2698 1513 2755; x_wconf 76' lang='lat' dir='ltr'>conuehere</span> <span class='ocrx_word' id='word_1_391' title='bbox 1531 2697 1733 2768; x_wconf 83' lang='lat' dir='ltr'>pontificiorum</span> <span class='ocrx_word' id='word_1_392' title='bbox 1750 2714 1872 2755; x_wconf 76' lang='lat' dir='ltr'>motam</span> 
     </span>
     <span class='ocr_line' id='line_1_30' title="bbox 181 2779 1870 2858; baseline 0.002 -22"><span class='ocrx_word' id='word_1_393' title='bbox 181 2787 233 2844; x_wconf 88' lang='lat' dir='ltr'>tae,</span> <span class='ocrx_word' id='word_1_394' title='bbox 252 2779 382 2835; x_wconf 80' lang='lat' dir='ltr'>diabolici</span> <span class='ocrx_word' id='word_1_395' title='bbox 400 2780 531 2836; x_wconf 80' lang='lat' dir='ltr'>adversm</span> <span class='ocrx_word' id='word_1_396' title='bbox 552 2797 614 2837; x_wconf 90' lang='lat' dir='ltr'>eam</span> <span class='ocrx_word' id='word_1_397' title='bbox 625 2780 726 2836; x_wconf 85' lang='lat' dir='ltr'>furoris</span> <span class='ocrx_word' id='word_1_398' title='bbox 744 2782 908 2850; x_wconf 82' lang='lat' dir='ltr'>immanitas,</span> <span class='ocrx_word' id='word_1_399' title='bbox 925 2785 1013 2857; x_wconf 87' lang='lat' dir='ltr'>ipsius</span> <span class='ocrx_word' id='word_1_400' title='bbox 1039 2793 1202 2858; x_wconf 86' lang='lat' dir='ltr'>argumenta</span> <span class='ocrx_word' id='word_1_401' title='bbox 1219 2786 1399 2857; x_wconf 85' lang='lat' dir='ltr'>proferamus,</span> <span class='ocrx_word' id='word_1_402' title='bbox 1415 2784 1576 2840; x_wconf 85' lang='lat' dir='ltr'>notandum.</span> <span class='ocrx_word' id='word_1_403' title='bbox 1614 2791 1635 2840; x_wconf 93' lang='lat' dir='ltr'>l.</span> <span class='ocrx_word' id='word_1_404' title='bbox 1654 2783 1743 2838; x_wconf 87' lang='lat' dir='ltr'>Aliud</span> <span class='ocrx_word' id='word_1_405' title='bbox 1761 2790 1806 2840; x_wconf 88' lang='lat' dir='ltr'>eet</span> <span class='ocrx_word' id='word_1_406' title='bbox 1826 2800 1870 2839; x_wconf 84' lang='lat' dir='ltr'>oe·</span> 
     </span>
     <span class='ocr_line' id='line_1_31' title="bbox 183 2865 1869 2942; baseline 0.004 -21"><span class='ocrx_word' id='word_1_407' title='bbox 183 2865 340 2936; x_wconf 85' lang='lat' dir='ltr'>Scripturas</span> <span class='ocrx_word' id='word_1_408' title='bbox 358 2866 387 2920; x_wconf 92' lang='lat' dir='ltr'>in</span> <span class='ocrx_word' id='word_1_409' title='bbox 405 2867 596 2936; x_wconf 88' lang='lat' dir='ltr'>persuadendo</span> <span class='ocrx_word' id='word_1_410' title='bbox 619 2875 647 2923; x_wconf 90' lang='lat' dir='ltr'>et</span> <span class='ocrx_word' id='word_1_411' title='bbox 663 2870 847 2939; x_wconf 90' lang='lat' dir='ltr'>permovendo</span> <span class='ocrx_word' id='word_1_412' title='bbox 863 2869 1011 2928; x_wconf 84' lang='lat' dir='ltr'>efficacitas</span> <span class='ocrx_word' id='word_1_413' title='bbox 1036 2873 1147 2930; x_wconf 83' lang='lat' dir='ltr'>alesiam</span> <span class='ocrx_word' id='word_1_414' title='bbox 1163 2873 1259 2928; x_wconf 84' lang='lat' dir='ltr'>testari</span> <span class='ocrx_word' id='word_1_415' title='bbox 1277 2872 1313 2927; x_wconf 91' lang='lat' dir='ltr'>de</span> <span class='ocrx_word' id='word_1_416' title='bbox 1331 2871 1473 2942; x_wconf 84' lang='lat' dir='ltr'>Scriptura</span> <span class='ocrx_word' id='word_1_417' title='bbox 1489 2877 1518 2927; x_wconf 88' lang='lat' dir='ltr'>et</span> <span class='ocrx_word' id='word_1_418' title='bbox 1536 2872 1597 2941; x_wconf 85' lang='lat' dir='ltr'>ejus</span> <span class='ocrx_word' id='word_1_419' title='bbox 1616 2871 1783 2927; x_wconf 70' lang='lat' dir='ltr'>mannate</span> <span class='ocrx_word' id='word_1_420' title='bbox 1802 2871 1869 2927; x_wconf 71' lang='lat' dir='ltr'>tu-</span> 
     </span>
     <span class='ocr_line' id='line_1_32' title="bbox 180 2952 1867 3028; baseline 0.002 -19"><span class='ocrx_word' id='word_1_421' title='bbox 180 2959 233 3010; x_wconf 84' lang='lat' dir='ltr'>ete.</span> <span class='ocrx_word' id='word_1_422' title='bbox 251 2952 376 3008; x_wconf 80' lang='lat' dir='ltr'>Tertitnn</span> <span class='ocrx_word' id='word_1_423' title='bbox 382 2953 505 3009; x_wconf 86' lang='lat' dir='ltr'>continet</span> <span class='ocrx_word' id='word_1_424' title='bbox 513 2956 602 3008; x_wconf 82' lang='lat' dir='ltr'>omnis</span> <span class='ocrx_word' id='word_1_425' title='bbox 613 2956 721 3024; x_wconf 73' lang='lat' dir='ltr'>perieris</span> <span class='ocrx_word' id='word_1_426' title='bbox 729 2957 885 3011; x_wconf 77' lang='grc'><strong>1551155515</strong></span> <span class='ocrx_word' id='word_1_427' title='bbox 891 2966 1012 3024; x_wconf 68' lang='lat' dir='ltr'>memte,</span> <span class='ocrx_word' id='word_1_428' title='bbox 1036 2965 1151 3020; x_wconf 75' lang='grc' dir='ltr'><strong><em>κονικῶς</em></strong></span> <span class='ocrx_word' id='word_1_429' title='bbox 1161 2958 1391 3026; x_wconf 79' lang='lat' dir='ltr'>ministerialiter,</span> <span class='ocrx_word' id='word_1_430' title='bbox 1402 2956 1479 3012; x_wconf 84' lang='lat' dir='ltr'>aliud</span> <span class='ocrx_word' id='word_1_431' title='bbox 1490 2973 1551 3012; x_wconf 86' lang='lat' dir='ltr'>eam</span> <span class='ocrx_word' id='word_1_432' title='bbox 1563 2959 1693 3025; x_wconf 67' lang='lat' dir='ltr'>conferre</span> <span class='ocrx_word' id='word_1_433' title='bbox 1705 2956 1867 3028; x_wconf 73' lang='lat' dir='ltr'>Scriptum</span> 
     </span>
     <span class='ocr_line' id='line_1_33' title="bbox 181 3040 1870 3116; baseline 0.002 -21"><span class='ocrx_word' id='word_1_434' title='bbox 181 3040 253 3096; x_wconf 86' lang='lat' dir='ltr'>inter</span> <span class='ocrx_word' id='word_1_435' title='bbox 270 3056 341 3111; x_wconf 87' lang='lat' dir='ltr'>quae</span> <span class='ocrx_word' id='word_1_436' title='bbox 359 3040 461 3097; x_wconf 89' lang='lat' dir='ltr'>eminet</span> <span class='ocrx_word' id='word_1_437' title='bbox 473 3041 605 3098; x_wconf 86' lang='lat' dir='ltr'>ecclesiae</span> <span class='ocrx_word' id='word_1_438' title='bbox 622 3042 795 3112; x_wconf 87' lang='lat' dir='ltr'>testificatio,</span> <span class='ocrx_word' id='word_1_439' title='bbox 813 3044 849 3098; x_wconf 90' lang='lat' dir='ltr'>ad</span> <span class='ocrx_word' id='word_1_440' title='bbox 867 3061 950 3116; x_wconf 87' lang='lat' dir='ltr'>quarn</span> <span class='ocrx_word' id='word_1_441' title='bbox 967 3063 1011 3101; x_wconf 88' lang='lat' dir='ltr'>ac-</span> <span class='ocrx_word' id='word_1_442' title='bbox 1035 3062 1113 3099; x_wconf 89' lang='lat' dir='ltr'>suam</span> <span class='ocrx_word' id='word_1_443' title='bbox 1120 3044 1311 3099; x_wconf 82' lang='lat' dir='ltr'>auctoritatem</span> <span class='ocrx_word' id='word_1_444' title='bbox 1317 3044 1477 3102; x_wconf 74' lang='grc' dir='ltr'><strong><em>δικαστικῶς</em></strong></span> <span class='ocrx_word' id='word_1_445' title='bbox 1485 3043 1628 3112; x_wconf 74' lang='lat' dir='ltr'>proewrie</span> <span class='ocrx_word' id='word_1_446' title='bbox 1641 3050 1667 3097; x_wconf 84' lang='lat' dir='ltr'>et</span> <span class='ocrx_word' id='word_1_447' title='bbox 1677 3043 1870 3110; x_wconf 68' lang='lat' dir='ltr'>judicialitoe.</span> 
     </span>
     <span class='ocr_line' id='line_1_34' title="bbox 180 3127 1871 3201; baseline 0.003 -19"><span class='ocrx_word' id='word_1_448' title='bbox 180 3127 255 3184; x_wconf 87' lang='lat' dir='ltr'>cedit</span> <span class='ocrx_word' id='word_1_449' title='bbox 274 3134 426 3199; x_wconf 83' lang='lat' dir='ltr'>martyrum</span> <span class='ocrx_word' id='word_1_450' title='bbox 444 3128 619 3201; x_wconf 78' lang='lat' dir='ltr'>obsignatio,</span> <span class='ocrx_word' id='word_1_451' title='bbox 643 3129 685 3184; x_wconf 92' lang='lat' dir='ltr'>illi</span> <span class='ocrx_word' id='word_1_452' title='bbox 710 3130 783 3184; x_wconf 90' lang='lat' dir='ltr'>enim</span> <span class='ocrx_word' id='word_1_453' title='bbox 808 3129 959 3186; x_wconf 84' lang='lat' dir='ltr'>doctrinam</span> <span class='ocrx_word' id='word_1_454' title='bbox 982 3132 1011 3186; x_wconf 90' lang='lat' dir='ltr'>in</span> <span class='ocrx_word' id='word_1_455' title='bbox 1036 3131 1177 3186; x_wconf 86' lang='lat' dir='ltr'>Ecclesiae</span> <span class='ocrx_word' id='word_1_456' title='bbox 1203 3129 1404 3185; x_wconf 76' lang='lat' dir='ltr'>ministeriosi</span> <span class='ocrx_word' id='word_1_457' title='bbox 1429 3127 1620 3184; x_wconf 84' lang='lat' dir='ltr'>testificatione</span> <span class='ocrx_word' id='word_1_458' title='bbox 1643 3127 1805 3185; x_wconf 75' lang='lat' dir='ltr'>deducimur</span> <span class='ocrx_word' id='word_1_459' title='bbox 1832 3129 1871 3187; x_wconf 83' lang='lat' dir='ltr'>ad</span> 
     </span>
     <span class='ocr_line' id='line_1_35' title="bbox 180 3213 1868 3288; baseline 0.002 -19"><span class='ocrx_word' id='word_1_460' title='bbox 180 3213 328 3284; x_wconf 86' lang='lat' dir='ltr'>Scripturis</span> <span class='ocrx_word' id='word_1_461' title='bbox 339 3215 469 3269; x_wconf 85' lang='lat' dir='ltr'>traditam</span> <span class='ocrx_word' id='word_1_462' title='bbox 482 3216 617 3286; x_wconf 89' lang='lat' dir='ltr'>sanguine</span> <span class='ocrx_word' id='word_1_463' title='bbox 635 3233 685 3271; x_wconf 93' lang='lat' dir='ltr'>suo</span> <span class='ocrx_word' id='word_1_464' title='bbox 704 3215 906 3273; x_wconf 83' lang='lat' dir='ltr'>confirmanmt.</span> <span class='ocrx_word' id='word_1_465' title='bbox 932 3218 1011 3283; x_wconf 86' lang='lat' dir='ltr'>Item,</span> <span class='ocrx_word' id='word_1_466' title='bbox 1034 3216 1238 3288; x_wconf 80' lang='lat' dir='ltr'>agnoscendam</span> <span class='ocrx_word' id='word_1_467' title='bbox 1254 3214 1411 3285; x_wconf 84' lang='lat' dir='ltr'>Scripturas</span> <span class='ocrx_word' id='word_1_468' title='bbox 1429 3213 1630 3283; x_wconf 79' lang='lat' dir='ltr'>ancmritatem,</span> <span class='ocrx_word' id='word_1_469' title='bbox 1647 3215 1696 3269; x_wconf 86' lang='lat' dir='ltr'>sed</span> <span class='ocrx_word' id='word_1_470' title='bbox 1715 3232 1749 3271; x_wconf 83' lang='lat' dir='ltr'>ex</span> <span class='ocrx_word' id='word_1_471' title='bbox 1771 3232 1804 3272; x_wconf 92' lang='lat' dir='ltr'>eo</span> <span class='ocrx_word' id='word_1_472' title='bbox 1825 3214 1868 3271; x_wconf 87' lang='lat' dir='ltr'>ia·</span> 
     </span>
     <span class='ocr_line' id='line_1_36' title="bbox 179 3299 1864 3374; baseline 0.001 -19"><span class='ocrx_word' id='word_1_473' title='bbox 179 3316 286 3370; x_wconf 88' lang='lat' dir='ltr'>poenae</span> <span class='ocrx_word' id='word_1_474' title='bbox 298 3299 520 3371; x_wconf 89' lang='lat' dir='ltr'>blasphemorum</span> <span class='ocrx_word' id='word_1_475' title='bbox 529 3308 558 3357; x_wconf 90' lang='lat' dir='ltr'>et</span> <span class='ocrx_word' id='word_1_476' title='bbox 567 3307 780 3372; x_wconf 86' lang='lat' dir='ltr'>persecutorum,</span> <span class='ocrx_word' id='word_1_477' title='bbox 798 3303 847 3374; x_wconf 89' lang='lat' dir='ltr'>qni</span> <span class='ocrx_word' id='word_1_478' title='bbox 859 3303 1010 3360; x_wconf 89' lang='lat' dir='ltr'>doctrinam</span> <span class='ocrx_word' id='word_1_479' title='bbox 1035 3303 1100 3358; x_wconf 83' lang='lat' dir='ltr'>terri</span> <span class='ocrx_word' id='word_1_480' title='bbox 1119 3303 1228 3374; x_wconf 89' lang='lat' dir='ltr'>nequit,</span> <span class='ocrx_word' id='word_1_481' title='bbox 1252 3301 1328 3373; x_wconf 88' lang='lat' dir='ltr'>quod</span> <span class='ocrx_word' id='word_1_482' title='bbox 1346 3302 1495 3356; x_wconf 87' lang='lat' dir='ltr'>auotoritas</span> <span class='ocrx_word' id='word_1_483' title='bbox 1515 3301 1672 3371; x_wconf 82' lang='lat' dir='ltr'>Scripturas</span> <span class='ocrx_word' id='word_1_484' title='bbox 1689 3301 1748 3356; x_wconf 88' lang='lat' dir='ltr'>sive</span> <span class='ocrx_word' id='word_1_485' title='bbox 1772 3302 1802 3357; x_wconf 90' lang='lat' dir='ltr'>in</span> <span class='ocrx_word' id='word_1_486' title='bbox 1824 3319 1864 3373; x_wconf 88' lang='lat' dir='ltr'>se,</span> 
     </span>
     <span class='ocr_line' id='line_1_37' title="bbox 179 3384 1866 3461; baseline 0.001 -20"><span class='ocrx_word' id='word_1_487' title='bbox 179 3384 256 3441; x_wconf 89' lang='lat' dir='ltr'>illem</span> <span class='ocrx_word' id='word_1_488' title='bbox 271 3387 468 3441; x_wconf 82' lang='lat' dir='ltr'>contumaciter</span> <span class='ocrx_word' id='word_1_489' title='bbox 481 3394 685 3459; x_wconf 79' lang='lat' dir='ltr'>oppugnarunt</span> <span class='ocrx_word' id='word_1_490' title='bbox 711 3387 771 3452; x_wconf 89' lang='lat' dir='ltr'>Quo</span> <span class='ocrx_word' id='word_1_491' title='bbox 787 3389 1011 3461; x_wconf 86' lang='lat' dir='ltr'>pertinentoum·</span> <span class='ocrx_word' id='word_1_492' title='bbox 1034 3389 1092 3444; x_wconf 87' lang='lat' dir='ltr'>eive</span> <span class='ocrx_word' id='word_1_493' title='bbox 1110 3389 1202 3460; x_wconf 88' lang='lat' dir='ltr'>quoad</span> <span class='ocrx_word' id='word_1_494' title='bbox 1219 3406 1270 3442; x_wconf 86' lang='lat' dir='ltr'>nos</span> <span class='ocrx_word' id='word_1_495' title='bbox 1287 3388 1324 3443; x_wconf 90' lang='lat' dir='ltr'>ab</span> <span class='ocrx_word' id='word_1_496' title='bbox 1345 3388 1479 3443; x_wconf 89' lang='lat' dir='ltr'>ecclesiae</span> <span class='ocrx_word' id='word_1_497' title='bbox 1500 3387 1664 3443; x_wconf 72' lang='lat' dir='ltr'>mannua</span> <span class='ocrx_word' id='word_1_498' title='bbox 1687 3386 1768 3442; x_wconf 86' lang='lat' dir='ltr'>unice</span> <span class='ocrx_word' id='word_1_499' title='bbox 1797 3405 1866 3458; x_wconf 88' lang='lat' dir='ltr'>pen·</span> 
     </span>
     <span class='ocr_line' id='line_1_38' title="bbox 180 3470 1866 3547; baseline 0.004 -23"><span class='ocrx_word' id='word_1_500' title='bbox 180 3470 274 3542; x_wconf 88' lang='lat' dir='ltr'>primis</span> <span class='ocrx_word' id='word_1_501' title='bbox 303 3470 468 3545; x_wconf 71' lang='grc' dir='ltr'><strong>5ἰπόγραφα</strong></span> <span class='ocrx_word' id='word_1_502' title='bbox 497 3475 727 3546; x_wconf 87' lang='lat' dir='ltr'>evangelistarum</span> <span class='ocrx_word' id='word_1_503' title='bbox 758 3482 787 3531; x_wconf 88' lang='lat' dir='ltr'>et</span> <span class='ocrx_word' id='word_1_504' title='bbox 816 3478 1010 3547; x_wconf 88' lang='lat' dir='ltr'>apostoloram,</span> <span class='ocrx_word' id='word_1_505' title='bbox 1037 3476 1114 3543; x_wconf 82' lang='lat' dir='ltr'>dcet,</span> <span class='ocrx_word' id='word_1_506' title='bbox 1131 3475 1198 3547; x_wconf 86' lang='lat' dir='ltr'>quia</span> <span class='ocrx_word' id='word_1_507' title='bbox 1214 3474 1325 3546; x_wconf 86' lang='lat' dir='ltr'>quando</span> <span class='ocrx_word' id='word_1_508' title='bbox 1339 3475 1399 3544; x_wconf 88' lang='lat' dir='ltr'>jam</span> <span class='ocrx_word' id='word_1_509' title='bbox 1418 3473 1597 3544; x_wconf 85' lang='lat' dir='ltr'>cognovimns</span> <span class='ocrx_word' id='word_1_510' title='bbox 1615 3472 1785 3543; x_wconf 77' lang='lat' dir='ltr'>Scriptorum</span> <span class='ocrx_word' id='word_1_511' title='bbox 1803 3490 1866 3530; x_wconf 67' lang='lat' dir='ltr'>aaa</span> 
     </span>
     <span class='ocr_line' id='line_1_39' title="bbox 182 3556 1868 3630; baseline 0.004 -18"><span class='ocrx_word' id='word_1_512' title='bbox 182 3572 254 3627; x_wconf 84' lang='lat' dir='ltr'>quse</span> <span class='ocrx_word' id='word_1_513' title='bbox 270 3556 300 3610; x_wconf 93' lang='lat' dir='ltr'>in</span> <span class='ocrx_word' id='word_1_514' title='bbox 315 3557 454 3627; x_wconf 88' lang='lat' dir='ltr'>primitiva</span> <span class='ocrx_word' id='word_1_515' title='bbox 472 3560 589 3615; x_wconf 80' lang='grc'><strong>55515515</strong></span> <span class='ocrx_word' id='word_1_516' title='bbox 605 3561 696 3615; x_wconf 83' lang='lat' dir='ltr'>adhuc</span> <span class='ocrx_word' id='word_1_517' title='bbox 715 3561 878 3627; x_wconf 85' lang='lat' dir='ltr'>extiterunt,</span> <span class='ocrx_word' id='word_1_518' title='bbox 899 3580 933 3618; x_wconf 88' lang='lat' dir='ltr'>ac</span> <span class='ocrx_word' id='word_1_519' title='bbox 949 3580 1010 3617; x_wconf 91' lang='lat' dir='ltr'>suc·</span> <span class='ocrx_word' id='word_1_520' title='bbox 1038 3561 1169 3629; x_wconf 75' lang='lat' dir='ltr'>dimnam,</span> <span class='ocrx_word' id='word_1_521' title='bbox 1188 3568 1216 3616; x_wconf 90' lang='lat' dir='ltr'>et</span> <span class='ocrx_word' id='word_1_522' title='bbox 1232 3559 1348 3616; x_wconf 86' lang='lat' dir='ltr'>verbum</span> <span class='ocrx_word' id='word_1_523' title='bbox 1359 3560 1413 3616; x_wconf 91' lang='lat' dir='ltr'>Dei</span> <span class='ocrx_word' id='word_1_524' title='bbox 1431 3561 1580 3628; x_wconf 77' lang='lat' dir='ltr'>continem,</span> <span class='ocrx_word' id='word_1_525' title='bbox 1599 3577 1656 3615; x_wconf 93' lang='lat' dir='ltr'>non</span> <span class='ocrx_word' id='word_1_526' title='bbox 1673 3559 1792 3630; x_wconf 87' lang='lat' dir='ltr'>amplias</span> <span class='ocrx_word' id='word_1_527' title='bbox 1809 3576 1868 3618; x_wconf 82' lang='lat' dir='ltr'>cre·</span> 
     </span>
     <span class='ocr_line' id='line_1_40' title="bbox 179 3644 1870 3720; baseline 0.002 -23"><span class='ocrx_word' id='word_1_528' title='bbox 179 3659 300 3699; x_wconf 88' lang='lat' dir='ltr'>cessores</span> <span class='ocrx_word' id='word_1_529' title='bbox 327 3644 443 3714; x_wconf 86' lang='lat' dir='ltr'>proximi</span> <span class='ocrx_word' id='word_1_530' title='bbox 468 3646 504 3700; x_wconf 87' lang='lat' dir='ltr'>de</span> <span class='ocrx_word' id='word_1_531' title='bbox 528 3646 583 3700; x_wconf 89' lang='lat' dir='ltr'>illis</span> <span class='ocrx_word' id='word_1_532' title='bbox 612 3646 796 3704; x_wconf 77' lang='grc' dir='ltr'><strong>1551151οηί5511</strong></span> <span class='ocrx_word' id='word_1_533' title='bbox 821 3648 936 3705; x_wconf 88' lang='lat' dir='ltr'>reddere</span> <span class='ocrx_word' id='word_1_534' title='bbox 962 3667 1010 3720; x_wconf 83' lang='lat' dir='ltr'>po</span> <span class='ocrx_word' id='word_1_535' title='bbox 1036 3647 1127 3702; x_wconf 89' lang='lat' dir='ltr'>dimus</span> <span class='ocrx_word' id='word_1_536' title='bbox 1155 3647 1308 3716; x_wconf 82' lang='lat' dir='ltr'>scripturae</span> <span class='ocrx_word' id='word_1_537' title='bbox 1341 3653 1455 3717; x_wconf 85' lang='lat' dir='ltr'>propter</span> <span class='ocrx_word' id='word_1_538' title='bbox 1483 3644 1646 3712; x_wconf 77' lang='grc'><strong>5551551555,</strong></span> <span class='ocrx_word' id='word_1_539' title='bbox 1681 3645 1730 3700; x_wconf 91' lang='lat' dir='ltr'>sed</span> <span class='ocrx_word' id='word_1_540' title='bbox 1755 3653 1870 3717; x_wconf 81' lang='lat' dir='ltr'>propter</span> 
     </span>
     <span class='ocr_line' id='line_1_41' title="bbox 179 3730 1870 3803; baseline 0.002 -21"><span class='ocrx_word' id='word_1_541' title='bbox 179 3734 299 3783; x_wconf 77' lang='lat' dir='ltr'>tument</span> <span class='ocrx_word' id='word_1_542' title='bbox 1036 3733 1171 3803; x_wconf 88' lang='lat' dir='ltr'>seipsam,</span> <span class='ocrx_word' id='word_1_543' title='bbox 1193 3732 1259 3802; x_wconf 89' lang='lat' dir='ltr'>quia</span> <span class='ocrx_word' id='word_1_544' title='bbox 1278 3730 1385 3786; x_wconf 89' lang='lat' dir='ltr'>seilicet</span> <span class='ocrx_word' id='word_1_545' title='bbox 1404 3738 1447 3785; x_wconf 88' lang='lat' dir='ltr'>est</span> <span class='ocrx_word' id='word_1_546' title='bbox 1462 3749 1515 3786; x_wconf 87' lang='lat' dir='ltr'>vor</span> <span class='ocrx_word' id='word_1_547' title='bbox 1533 3730 1603 3799; x_wconf 90' lang='lat' dir='ltr'>Dei,</span> <span class='ocrx_word' id='word_1_548' title='bbox 1622 3730 1670 3801; x_wconf 89' lang='lat' dir='ltr'>qui</span> <span class='ocrx_word' id='word_1_549' title='bbox 1688 3737 1731 3786; x_wconf 89' lang='lat' dir='ltr'>est</span> <span class='ocrx_word' id='word_1_550' title='bbox 1748 3730 1870 3801; x_wconf 75' lang='grc' dir='ltr'><strong>5155λὴ-</strong></span> 
     </span>
     <span class='ocr_line' id='line_1_42' title="bbox 213 3815 1870 3890; baseline 0.003 -20"><span class='ocrx_word' id='word_1_551' title='bbox 213 3820 254 3871; x_wconf 79' lang='lat' dir='ltr'>at.</span> <span class='ocrx_word' id='word_1_552' title='bbox 272 3815 841 3883; x_wconf 80' lang='lat' dir='ltr'>Pontitiaiiverocontrastatuuntomnem</span> <span class='ocrx_word' id='word_1_553' title='bbox 851 3819 1009 3890; x_wconf 86' lang='lat' dir='ltr'>Scripturas</span> <span class='ocrx_word' id='word_1_554' title='bbox 1038 3826 1114 3885; x_wconf 76' lang='grc'><strong>5555,</strong></span> <span class='ocrx_word' id='word_1_555' title='bbox 1134 3835 1167 3872; x_wconf 87' lang='grc'>55</span> <span class='ocrx_word' id='word_1_556' title='bbox 1184 3816 1301 3888; x_wconf 89' lang='lat' dir='ltr'>proinde</span> <span class='ocrx_word' id='word_1_557' title='bbox 1320 3816 1495 3884; x_wconf 73' lang='lat' dir='ltr'>sistamur,</span> <span class='ocrx_word' id='word_1_558' title='bbox 1513 3816 1558 3870; x_wconf 89' lang='lat' dir='ltr'>cui</span> <span class='ocrx_word' id='word_1_559' title='bbox 1575 3833 1625 3886; x_wconf 90' lang='lat' dir='ltr'>per</span> <span class='ocrx_word' id='word_1_560' title='bbox 1643 3832 1687 3884; x_wconf 91' lang='lat' dir='ltr'>se,</span> <span class='ocrx_word' id='word_1_561' title='bbox 1705 3824 1819 3888; x_wconf 83' lang='lat' dir='ltr'>propter</span> <span class='ocrx_word' id='word_1_562' title='bbox 1838 3835 1870 3875; x_wconf 84' lang='lat' dir='ltr'>as</span> 
     </span>
     <span class='ocr_line' id='line_1_43' title="bbox 178 3900 1867 3975; baseline 0.002 -18"><span class='ocrx_word' id='word_1_563' title='bbox 178 3901 369 3958; x_wconf 75' lang='lat' dir='ltr'>motoritatem</span> <span class='ocrx_word' id='word_1_564' title='bbox 389 3903 481 3975; x_wconf 85' lang='lat' dir='ltr'>quoad</span> <span class='ocrx_word' id='word_1_565' title='bbox 500 3921 550 3958; x_wconf 91' lang='lat' dir='ltr'>nos</span> <span class='ocrx_word' id='word_1_566' title='bbox 573 3904 654 3959; x_wconf 91' lang='lat' dir='ltr'>unice</span> <span class='ocrx_word' id='word_1_567' title='bbox 678 3909 707 3959; x_wconf 90' lang='lat' dir='ltr'>et</span> <span class='ocrx_word' id='word_1_568' title='bbox 727 3903 874 3960; x_wconf 88' lang='lat' dir='ltr'>insolidum</span> <span class='ocrx_word' id='word_1_569' title='bbox 896 3905 933 3961; x_wconf 90' lang='lat' dir='ltr'>ab</span> <span class='ocrx_word' id='word_1_570' title='bbox 966 3922 1008 3961; x_wconf 90' lang='lat' dir='ltr'>ec·</span> <span class='ocrx_word' id='word_1_571' title='bbox 1036 3911 1064 3960; x_wconf 90' lang='lat' dir='ltr'>et</span> <span class='ocrx_word' id='word_1_572' title='bbox 1080 3904 1236 3960; x_wconf 90' lang='lat' dir='ltr'>immediate</span> <span class='ocrx_word' id='word_1_573' title='bbox 1254 3902 1421 3958; x_wconf 76' lang='lat' dir='ltr'>credendm</span> <span class='ocrx_word' id='word_1_574' title='bbox 1438 3900 1644 3956; x_wconf 87' lang='lat' dir='ltr'>essenovimus.</span> <span class='ocrx_word' id='word_1_575' title='bbox 1680 3907 1702 3958; x_wconf 84' lang='grc'>1.</span> <span class='ocrx_word' id='word_1_576' title='bbox 1721 3902 1867 3961; x_wconf 75' lang='grc'><strong>1111511551</strong></span> 
     </span>
     <span class='ocr_line' id='line_1_44' title="bbox 72 3987 1866 4062; baseline 0.002 -20"><span class='ocrx_word' id='word_1_577' title='bbox 72 4045 73 4048; x_wconf 60' lang='grc'><strong>,</strong></span> <span class='ocrx_word' id='word_1_578' title='bbox 177 3987 262 4044; x_wconf 90' lang='lat' dir='ltr'>clesia</span> <span class='ocrx_word' id='word_1_579' title='bbox 290 3988 453 4060; x_wconf 88' lang='lat' dir='ltr'>dependere.</span> <span class='ocrx_word' id='word_1_580' title='bbox 508 3991 634 4045; x_wconf 81' lang='lat' dir='ltr'>cusanus</span> <span class='ocrx_word' id='word_1_581' title='bbox 666 3990 754 4062; x_wconf 82' lang='lat' dir='ltr'>Epist.</span> <span class='ocrx_word' id='word_1_582' title='bbox 784 3996 799 4046; x_wconf 82' lang='lat'>2</span> <span class='ocrx_word' id='word_1_583' title='bbox 830 3991 867 4046; x_wconf 89' lang='lat' dir='ltr'>ad</span> <span class='ocrx_word' id='word_1_584' title='bbox 895 3991 1008 4047; x_wconf 91' lang='lat' dir='ltr'>Bohem.</span> <span class='ocrx_word' id='word_1_585' title='bbox 1036 4009 1068 4045; x_wconf 78' lang='grc'>55</span> <span class='ocrx_word' id='word_1_586' title='bbox 1091 3991 1223 4046; x_wconf 73' lang='grc'><strong>5511551155</strong></span> <span class='ocrx_word' id='word_1_587' title='bbox 1246 3989 1400 4043; x_wconf 79' lang='lat' dir='ltr'>testimonio</span> <span class='ocrx_word' id='word_1_588' title='bbox 1416 3989 1588 4044; x_wconf 86' lang='lat' dir='ltr'>innotescere</span> <span class='ocrx_word' id='word_1_589' title='bbox 1607 3987 1688 4043; x_wconf 91' lang='lat' dir='ltr'>nobis</span> <span class='ocrx_word' id='word_1_590' title='bbox 1707 3989 1866 4060; x_wconf 83' lang='lat' dir='ltr'>Scripturas</span> 
     </span>
     <span class='ocr_line' id='line_1_45' title="bbox 180 4073 1867 4145; baseline 0.001 -16"><span class='ocrx_word' id='word_1_591' title='bbox 180 4073 390 4145; x_wconf 71' lang='lat' dir='ltr'>Scripturaram</span> <span class='ocrx_word' id='word_1_592' title='bbox 411 4076 567 4130; x_wconf 73' lang='grc'><strong>5551551155</strong></span> <span class='ocrx_word' id='word_1_593' title='bbox 584 4078 730 4130; x_wconf 78' lang='lat' dir='ltr'>constituta</span> <span class='ocrx_word' id='word_1_594' title='bbox 750 4085 791 4131; x_wconf 87' lang='lat' dir='ltr'>est</span> <span class='ocrx_word' id='word_1_595' title='bbox 815 4079 851 4130; x_wconf 85' lang='lat' dir='ltr'>ab</span> <span class='ocrx_word' id='word_1_596' title='bbox 877 4079 1008 4133; x_wconf 77' lang='grc'><strong>5551555155</strong></span> <span class='ocrx_word' id='word_1_597' title='bbox 1035 4077 1234 4144; x_wconf 84' lang='lat' dir='ltr'>auctoritatem,</span> <span class='ocrx_word' id='word_1_598' title='bbox 1254 4076 1330 4131; x_wconf 89' lang='lat' dir='ltr'>aliud</span> <span class='ocrx_word' id='word_1_599' title='bbox 1349 4092 1414 4130; x_wconf 87' lang='lat' dir='ltr'>vero</span> <span class='ocrx_word' id='word_1_600' title='bbox 1431 4075 1539 4130; x_wconf 79' lang='grc'><strong>555515</strong></span> <span class='ocrx_word' id='word_1_601' title='bbox 1560 4076 1692 4129; x_wconf 67' lang='grc'><strong>55515555</strong></span> <span class='ocrx_word' id='word_1_602' title='bbox 1710 4077 1867 4135; x_wconf 77' lang='lat' dir='ltr'>testinnonio</span> 
     </span>
     <span class='ocr_line' id='line_1_46' title="bbox 179 4161 1865 4235; baseline 0.001 -20"><span class='ocrx_word' id='word_1_603' title='bbox 179 4162 388 4232; x_wconf 81' lang='lat' dir='ltr'>approbatione.</span> <span class='ocrx_word' id='word_1_604' title='bbox 414 4162 515 4218; x_wconf 79' lang='grc'><strong>1155155</strong></span> <span class='ocrx_word' id='word_1_605' title='bbox 533 4162 561 4217; x_wconf 91' lang='lat' dir='ltr'>in</span> <span class='ocrx_word' id='word_1_606' title='bbox 571 4162 712 4221; x_wconf 78' lang='lat' dir='ltr'>Euchirid.</span> <span class='ocrx_word' id='word_1_607' title='bbox 730 4165 759 4219; x_wconf 89' lang='lat' dir='ltr'>in</span> <span class='ocrx_word' id='word_1_608' title='bbox 776 4181 836 4235; x_wconf 88' lang='lat' dir='ltr'>cap.</span> <span class='ocrx_word' id='word_1_609' title='bbox 855 4165 890 4220; x_wconf 92' lang='lat' dir='ltr'>de</span> <span class='ocrx_word' id='word_1_610' title='bbox 905 4172 1008 4221; x_wconf 89' lang='lat' dir='ltr'>auctor.</span> <span class='ocrx_word' id='word_1_611' title='bbox 1035 4181 1144 4220; x_wconf 90' lang='lat' dir='ltr'>omnem</span> <span class='ocrx_word' id='word_1_612' title='bbox 1156 4163 1314 4234; x_wconf 84' lang='lat' dir='ltr'>Scripturas</span> <span class='ocrx_word' id='word_1_613' title='bbox 1331 4161 1523 4217; x_wconf 85' lang='lat' dir='ltr'>auctoritatem</span> <span class='ocrx_word' id='word_1_614' title='bbox 1543 4161 1635 4233; x_wconf 88' lang='lat' dir='ltr'>quoad</span> <span class='ocrx_word' id='word_1_615' title='bbox 1652 4179 1703 4217; x_wconf 82' lang='lat' dir='ltr'>nos</span> <span class='ocrx_word' id='word_1_616' title='bbox 1721 4162 1803 4218; x_wconf 88' lang='lat' dir='ltr'>unice</span> <span class='ocrx_word' id='word_1_617' title='bbox 1818 4163 1865 4223; x_wconf 74' lang='lat' dir='ltr'>de</span> 
     </span>
     <span class='ocr_line' id='line_1_47' title="bbox 177 4247 1870 4323; baseline 0.002 -19"><span class='ocrx_word' id='word_1_618' title='bbox 177 4248 275 4304; x_wconf 71' lang='lat' dir='ltr'>eccles</span> <span class='ocrx_word' id='word_1_619' title='bbox 293 4266 365 4320; x_wconf 91' lang='lat' dir='ltr'>resp.</span> <span class='ocrx_word' id='word_1_620' title='bbox 383 4250 421 4304; x_wconf 89' lang='lat' dir='ltr'>ad</span> <span class='ocrx_word' id='word_1_621' title='bbox 440 4255 456 4306; x_wconf 81' lang='grc'>3</span> <span class='ocrx_word' id='word_1_622' title='bbox 477 4251 578 4320; x_wconf 86' lang='lat' dir='ltr'>object</span> <span class='ocrx_word' id='word_1_623' title='bbox 599 4249 702 4306; x_wconf 89' lang='lat' dir='ltr'>haeret.</span> <span class='ocrx_word' id='word_1_624' title='bbox 734 4251 881 4321; x_wconf 72' lang='lat' dir='ltr'>Scriptura</span> <span class='ocrx_word' id='word_1_625' title='bbox 898 4271 956 4308; x_wconf 86' lang='grc'>555</span> <span class='ocrx_word' id='word_1_626' title='bbox 970 4261 1009 4307; x_wconf 85' lang='lat' dir='ltr'>est</span> <span class='ocrx_word' id='word_1_627' title='bbox 1035 4251 1164 4323; x_wconf 89' lang='lat' dir='ltr'>pendere.</span> <span class='ocrx_word' id='word_1_628' title='bbox 1188 4248 1271 4304; x_wconf 89' lang='lat' dir='ltr'>Prius</span> <span class='ocrx_word' id='word_1_629' title='bbox 1288 4247 1472 4315; x_wconf 82' lang='lat' dir='ltr'>concedimus,</span> <span class='ocrx_word' id='word_1_630' title='bbox 1489 4248 1625 4320; x_wconf 89' lang='lat' dir='ltr'>posterius</span> <span class='ocrx_word' id='word_1_631' title='bbox 1641 4265 1784 4320; x_wconf 88' lang='lat' dir='ltr'>negamus,</span> <span class='ocrx_word' id='word_1_632' title='bbox 1800 4249 1870 4323; x_wconf 78' lang='lat' dir='ltr'>quis</span> 
     </span>
     <span class='ocr_line' id='line_1_48' title="bbox 179 4333 1868 4408; baseline 0.003 -19"><span class='ocrx_word' id='word_1_633' title='bbox 179 4337 339 4392; x_wconf 81' lang='grc'><strong>5511551155</strong></span> <span class='ocrx_word' id='word_1_634' title='bbox 358 4338 417 4391; x_wconf 71' lang='lat' dir='ltr'>aas</span> <span class='ocrx_word' id='word_1_635' title='bbox 434 4339 567 4392; x_wconf 69' lang='grc'><strong>5551551555</strong></span> <span class='ocrx_word' id='word_1_636' title='bbox 577 4340 751 4392; x_wconf 66' lang='lat' dir='ltr'>oraminis.</span> <span class='ocrx_word' id='word_1_637' title='bbox 778 4338 895 4402; x_wconf 82' lang='lat' dir='ltr'>Quidam</span> <span class='ocrx_word' id='word_1_638' title='bbox 909 4339 1008 4396; x_wconf 82' lang='lat' dir='ltr'>Gallus</span> <span class='ocrx_word' id='word_1_639' title='bbox 1035 4343 1144 4408; x_wconf 87' lang='lat' dir='ltr'>praeter</span> <span class='ocrx_word' id='word_1_640' title='bbox 1160 4334 1294 4391; x_wconf 85' lang='lat' dir='ltr'>ecclesiae</span> <span class='ocrx_word' id='word_1_641' title='bbox 1311 4333 1496 4390; x_wconf 89' lang='lat' dir='ltr'>testimonium</span> <span class='ocrx_word' id='word_1_642' title='bbox 1514 4333 1584 4390; x_wconf 86' lang='lat' dir='ltr'>aliae</span> <span class='ocrx_word' id='word_1_643' title='bbox 1611 4335 1682 4390; x_wconf 89' lang='lat' dir='ltr'>duae</span> <span class='ocrx_word' id='word_1_644' title='bbox 1700 4335 1803 4391; x_wconf 82' lang='lat' dir='ltr'>classes</span> <span class='ocrx_word' id='word_1_645' title='bbox 1827 4341 1868 4394; x_wconf 83' lang='lat' dir='ltr'>ts·</span> 
     </span>
     <span class='ocr_line' id='line_1_49' title="bbox 179 4420 1866 4496; baseline 0.002 -19"><span class='ocrx_word' id='word_1_646' title='bbox 179 4421 315 4478; x_wconf 74' lang='lat' dir='ltr'>retereme</span> <span class='ocrx_word' id='word_1_647' title='bbox 327 4422 457 4480; x_wconf 86' lang='lat' dir='ltr'>Sleidano</span> <span class='ocrx_word' id='word_1_648' title='bbox 472 4424 503 4478; x_wconf 90' lang='lat' dir='ltr'>in</span> <span class='ocrx_word' id='word_1_649' title='bbox 520 4440 616 4480; x_wconf 92' lang='lat' dir='ltr'>comm.</span> <span class='ocrx_word' id='word_1_650' title='bbox 634 4443 684 4480; x_wconf 89' lang='lat' dir='ltr'>rer.</span> <span class='ocrx_word' id='word_1_651' title='bbox 702 4432 772 4496; x_wconf 81' lang='lat' dir='ltr'>gest.</span> <span class='ocrx_word' id='word_1_652' title='bbox 789 4442 851 4480; x_wconf 88' lang='lat' dir='ltr'>ann</span> <span class='ocrx_word' id='word_1_653' title='bbox 871 4432 935 4484; x_wconf 83' lang='grc'><strong>1553</strong></span> <span class='ocrx_word' id='word_1_654' title='bbox 953 4446 1008 4482; x_wconf 77' lang='lat' dir='ltr'>aon</span> <span class='ocrx_word' id='word_1_655' title='bbox 1035 4422 1224 4477; x_wconf 71' lang='lat' dir='ltr'>samoniorum</span> <span class='ocrx_word' id='word_1_656' title='bbox 1244 4421 1434 4475; x_wconf 74' lang='lat' dir='ltr'>aucmritatem</span> <span class='ocrx_word' id='word_1_657' title='bbox 1444 4420 1602 4491; x_wconf 83' lang='lat' dir='ltr'>Scripturas</span> <span class='ocrx_word' id='word_1_658' title='bbox 1619 4421 1866 4481; x_wconf 80' lang='lat' dir='ltr'>demonstrantium</span> 
     </span>
     <span class='ocr_line' id='line_1_50' title="bbox 173 4506 1868 4584; baseline 0.003 -22"><span class='ocrx_word' id='word_1_659' title='bbox 173 4509 240 4577; x_wconf 79' lang='lat' dir='ltr'>plus</span> <span class='ocrx_word' id='word_1_660' title='bbox 263 4509 359 4564; x_wconf 80' lang='lat' dir='ltr'>tribuit</span> <span class='ocrx_word' id='word_1_661' title='bbox 382 4510 522 4580; x_wconf 83' lang='lat' dir='ltr'>Epistolis</span> <span class='ocrx_word' id='word_1_662' title='bbox 545 4512 635 4565; x_wconf 83' lang='lat' dir='ltr'>Pauli</span> <span class='ocrx_word' id='word_1_663' title='bbox 659 4529 744 4581; x_wconf 69' lang='grc'><strong>55555</strong></span> <span class='ocrx_word' id='word_1_664' title='bbox 763 4512 877 4579; x_wconf 65' lang='lat' dir='ltr'>subdis</span> <span class='ocrx_word' id='word_1_665' title='bbox 901 4514 1009 4584; x_wconf 80' lang='lat' dir='ltr'>Aesopi</span> <span class='ocrx_word' id='word_1_666' title='bbox 1037 4509 1152 4578; x_wconf 82' lang='lat' dir='ltr'>dantm,</span> <span class='ocrx_word' id='word_1_667' title='bbox 1175 4515 1204 4563; x_wconf 87' lang='grc'>51</span> <span class='ocrx_word' id='word_1_668' title='bbox 1224 4508 1253 4562; x_wconf 91' lang='lat' dir='ltr'>in</span> <span class='ocrx_word' id='word_1_669' title='bbox 1270 4507 1319 4562; x_wconf 90' lang='lat' dir='ltr'>illa</span> <span class='ocrx_word' id='word_1_670' title='bbox 1337 4507 1399 4578; x_wconf 87' lang='lat' dir='ltr'>ipsa</span> <span class='ocrx_word' id='word_1_671' title='bbox 1415 4506 1517 4576; x_wconf 89' lang='lat' dir='ltr'>classe,</span> <span class='ocrx_word' id='word_1_672' title='bbox 1541 4524 1613 4579; x_wconf 90' lang='lat' dir='ltr'>qaae</span> <span class='ocrx_word' id='word_1_673' title='bbox 1630 4508 1764 4564; x_wconf 86' lang='lat' dir='ltr'>ecclesias</span> <span class='ocrx_word' id='word_1_674' title='bbox 1789 4510 1868 4567; x_wconf 85' lang='lat' dir='ltr'>testi·</span> 
     </span>
     <span class='ocr_line' id='line_1_51' title="bbox 176 4593 1869 4666; baseline 0.003 -16"><span class='ocrx_word' id='word_1_675' title='bbox 176 4596 280 4666; x_wconf 77' lang='lat' dir='ltr'>ubspee</span> <span class='ocrx_word' id='word_1_676' title='bbox 300 4597 628 4652; x_wconf 57' lang='lat' dir='ltr'>somersetentem.</span> <span class='ocrx_word' id='word_1_677' title='bbox 664 4597 806 4653; x_wconf 76' lang='lat' dir='ltr'>iohannes</span> <span class='ocrx_word' id='word_1_678' title='bbox 829 4598 917 4655; x_wconf 84' lang='lat' dir='ltr'>Maria</span> <span class='ocrx_word' id='word_1_679' title='bbox 941 4601 1009 4657; x_wconf 79' lang='lat' dir='ltr'>Ver-</span> <span class='ocrx_word' id='word_1_680' title='bbox 1035 4595 1157 4651; x_wconf 90' lang='lat' dir='ltr'>monium</span> <span class='ocrx_word' id='word_1_681' title='bbox 1177 4594 1316 4664; x_wconf 87' lang='lat' dir='ltr'>continet,</span> <span class='ocrx_word' id='word_1_682' title='bbox 1338 4594 1422 4649; x_wconf 88' lang='lat' dir='ltr'>etiam</span> <span class='ocrx_word' id='word_1_683' title='bbox 1444 4593 1500 4649; x_wconf 88' lang='lat' dir='ltr'>alia</span> <span class='ocrx_word' id='word_1_684' title='bbox 1522 4600 1635 4650; x_wconf 85' lang='lat' dir='ltr'>externa</span> <span class='ocrx_word' id='word_1_685' title='bbox 1653 4593 1811 4651; x_wconf 80' lang='lat' dir='ltr'>testimonia</span> <span class='ocrx_word' id='word_1_686' title='bbox 1831 4614 1869 4655; x_wconf 80' lang='lat' dir='ltr'>aa</span> 
     </span>
     <span class='ocr_line' id='line_1_52' title="bbox 175 4679 1869 4754; baseline 0.001 -16"><span class='ocrx_word' id='word_1_687' title='bbox 175 4688 252 4738; x_wconf 83' lang='lat' dir='ltr'>ratas</span> <span class='ocrx_word' id='word_1_688' title='bbox 263 4681 465 4739; x_wconf 82' lang='lat' dir='ltr'>Camelitanus</span> <span class='ocrx_word' id='word_1_689' title='bbox 481 4684 583 4751; x_wconf 83' lang='lat' dir='ltr'>scribit,</span> <span class='ocrx_word' id='word_1_690' title='bbox 604 4684 767 4754; x_wconf 74' lang='lat' dir='ltr'>Scripturas</span> <span class='ocrx_word' id='word_1_691' title='bbox 778 4686 941 4754; x_wconf 82' lang='lat' dir='ltr'>firmitatem</span> <span class='ocrx_word' id='word_1_692' title='bbox 951 4705 1009 4742; x_wconf 81' lang='grc'>555</span> <span class='ocrx_word' id='word_1_693' title='bbox 1035 4683 1110 4738; x_wconf 91' lang='lat' dir='ltr'>omni</span> <span class='ocrx_word' id='word_1_694' title='bbox 1127 4681 1187 4737; x_wconf 92' lang='lat' dir='ltr'>scil.</span> <span class='ocrx_word' id='word_1_695' title='bbox 1205 4680 1345 4735; x_wconf 89' lang='lat' dir='ltr'>hominum</span> <span class='ocrx_word' id='word_1_696' title='bbox 1364 4696 1465 4752; x_wconf 91' lang='lat' dir='ltr'>genere</span> <span class='ocrx_word' id='word_1_697' title='bbox 1482 4679 1599 4750; x_wconf 84' lang='lat' dir='ltr'>proferri</span> <span class='ocrx_word' id='word_1_698' title='bbox 1615 4687 1739 4751; x_wconf 88' lang='lat' dir='ltr'>possunt,</span> <span class='ocrx_word' id='word_1_699' title='bbox 1756 4681 1869 4741; x_wconf 76' lang='lat' dir='ltr'>marin</span> 
     </span>
     <span class='ocr_line' id='line_1_53' title="bbox 176 4764 1869 4844; baseline 0.004 -22"><span class='ocrx_word' id='word_1_700' title='bbox 176 4769 277 4824; x_wconf 81' lang='lat' dir='ltr'>labere</span> <span class='ocrx_word' id='word_1_701' title='bbox 294 4770 353 4824; x_wconf 72' lang='lat' dir='ltr'>nai</span> <span class='ocrx_word' id='word_1_702' title='bbox 369 4772 405 4824; x_wconf 77' lang='lat' dir='ltr'>ab</span> <span class='ocrx_word' id='word_1_703' title='bbox 426 4771 558 4826; x_wconf 72' lang='grc'><strong>5551551555</strong></span> <span class='ocrx_word' id='word_1_704' title='bbox 576 4773 737 4826; x_wconf 77' lang='lat' dir='ltr'>traditione.</span> <span class='ocrx_word' id='word_1_705' title='bbox 756 4771 888 4844; x_wconf 84' lang='lat' dir='ltr'>&#39;Piggius</span> <span class='ocrx_word' id='word_1_706' title='bbox 907 4773 969 4828; x_wconf 92' lang='lat' dir='ltr'>libr.</span> <span class='ocrx_word' id='word_1_707' title='bbox 984 4780 1006 4831; x_wconf 95' lang='grc'>1.</span> <span class='ocrx_word' id='word_1_708' title='bbox 1035 4786 1091 4823; x_wconf 83' lang='lat' dir='ltr'>nou</span> <span class='ocrx_word' id='word_1_709' title='bbox 1111 4783 1244 4840; x_wconf 66' lang='grc'><strong>1118811111</strong></span> <span class='ocrx_word' id='word_1_710' title='bbox 1270 4765 1403 4821; x_wconf 62' lang='lat'>000102528</span> <span class='ocrx_word' id='word_1_711' title='bbox 1419 4764 1639 4822; x_wconf 63' lang='grc' dir='ltr'><strong>11181ἱῆθῦὕοοω</strong></span> <span class='ocrx_word' id='word_1_712' title='bbox 1658 4766 1689 4822; x_wconf 75' lang='lat' dir='ltr'>in</span> <span class='ocrx_word' id='word_1_713' title='bbox 1706 4767 1760 4823; x_wconf 62' lang='lat' dir='ltr'>hta</span> <span class='ocrx_word' id='word_1_714' title='bbox 1777 4767 1869 4829; x_wconf 72' lang='grc'><strong>1111115</strong></span> 
     </span>
     <span class='ocr_line' id='line_1_54' title="bbox 175 4850 1868 4929; baseline 0.001 -18"><span class='ocrx_word' id='word_1_715' title='bbox 175 4853 317 4912; x_wconf 80' lang='lat' dir='ltr'>Hierarcla</span> <span class='ocrx_word' id='word_1_716' title='bbox 335 4857 511 4914; x_wconf 71' lang='lat' dir='ltr'>ecelsaei.</span> <span class='ocrx_word' id='word_1_717' title='bbox 548 4860 662 4926; x_wconf 79' lang='lat' dir='ltr'>Omnis,</span> <span class='ocrx_word' id='word_1_718' title='bbox 680 4876 751 4929; x_wconf 78' lang='lat' dir='ltr'>qaae</span> <span class='ocrx_word' id='word_1_719' title='bbox 771 4877 843 4913; x_wconf 86' lang='grc'><strong>5555</strong></span> <span class='ocrx_word' id='word_1_720' title='bbox 860 4862 941 4929; x_wconf 79' lang='lat' dir='ltr'>apud</span> <span class='ocrx_word' id='word_1_721' title='bbox 956 4879 1008 4916; x_wconf 79' lang='lat' dir='ltr'>ros</span> <span class='ocrx_word' id='word_1_722' title='bbox 1034 4855 1147 4926; x_wconf 80' lang='lat' dir='ltr'>reliquis</span> <span class='ocrx_word' id='word_1_723' title='bbox 1168 4851 1287 4911; x_wconf 86' lang='lat' dir='ltr'>externis</span> <span class='ocrx_word' id='word_1_724' title='bbox 1306 4850 1469 4906; x_wconf 82' lang='lat' dir='ltr'>testimoniis</span> <span class='ocrx_word' id='word_1_725' title='bbox 1493 4852 1695 4923; x_wconf 83' lang='lat' dir='ltr'>proterendam.</span> <span class='ocrx_word' id='word_1_726' title='bbox 1730 4857 1755 4910; x_wconf 81' lang='grc'>1.</span> <span class='ocrx_word' id='word_1_727' title='bbox 1777 4854 1868 4914; x_wconf 70' lang='lat' dir='ltr'>aare</span> 
     </span>
     <span class='ocr_line' id='line_1_55' title="bbox 177 4938 1866 5015; baseline 0.003 -19"><span class='ocrx_word' id='word_1_728' title='bbox 177 4949 226 5009; x_wconf 84' lang='lat' dir='ltr'>est,</span> <span class='ocrx_word' id='word_1_729' title='bbox 245 4943 457 5015; x_wconf 66' lang='grc'><strong>8551515555555</strong></span> <span class='ocrx_word' id='word_1_730' title='bbox 469 4948 622 5002; x_wconf 75' lang='lat' dir='ltr'>auotoritas</span> <span class='ocrx_word' id='word_1_731' title='bbox 639 4947 675 5000; x_wconf 81' lang='lat' dir='ltr'>ab</span> <span class='ocrx_word' id='word_1_732' title='bbox 693 4947 1008 5001; x_wconf 74' lang='grc'><strong>55515515555515511515</strong></span> <span class='ocrx_word' id='word_1_733' title='bbox 1035 4948 1078 4997; x_wconf 89' lang='lat' dir='ltr'>est</span> <span class='ocrx_word' id='word_1_734' title='bbox 1094 4941 1170 5013; x_wconf 93' lang='lat' dir='ltr'>loqui</span> <span class='ocrx_word' id='word_1_735' title='bbox 1187 4941 1222 4995; x_wconf 90' lang='lat' dir='ltr'>de</span> <span class='ocrx_word' id='word_1_736' title='bbox 1233 4939 1389 4995; x_wconf 73' lang='lat' dir='ltr'>teetimmio</span> <span class='ocrx_word' id='word_1_737' title='bbox 1410 4939 1541 4996; x_wconf 89' lang='lat' dir='ltr'>ecclesiae</span> <span class='ocrx_word' id='word_1_738' title='bbox 1558 4938 1721 5010; x_wconf 80' lang='lat' dir='ltr'>primitivae,</span> <span class='ocrx_word' id='word_1_739' title='bbox 1739 4957 1813 5013; x_wconf 79' lang='lat' dir='ltr'>quae</span> <span class='ocrx_word' id='word_1_740' title='bbox 1827 4941 1866 5001; x_wconf 75' lang='lat' dir='ltr'>ab</span> 
     </span>
     <span class='ocr_line' id='line_1_56' title="bbox 174 5025 1868 5099; baseline 0 -13"><span class='ocrx_word' id='word_1_741' title='bbox 174 5031 311 5099; x_wconf 67' lang='grc'><strong>5155555151</strong></span> <span class='ocrx_word' id='word_1_742' title='bbox 326 5033 492 5088; x_wconf 71' lang='grc'><strong>5555515515.</strong></span> <span class='ocrx_word' id='word_1_743' title='bbox 517 5033 676 5088; x_wconf 83' lang='lat' dir='ltr'>Andrsdius</span> <span class='ocrx_word' id='word_1_744' title='bbox 693 5032 755 5088; x_wconf 89' lang='lat' dir='ltr'>libr.</span> <span class='ocrx_word' id='word_1_745' title='bbox 776 5040 791 5089; x_wconf 80' lang='lat'>2</span> <span class='ocrx_word' id='word_1_746' title='bbox 811 5031 912 5088; x_wconf 67' lang='lat' dir='ltr'>desem</span> <span class='ocrx_word' id='word_1_747' title='bbox 924 5032 1007 5088; x_wconf 79' lang='lat' dir='ltr'>Cone.</span> <span class='ocrx_word' id='word_1_748' title='bbox 1034 5028 1164 5099; x_wconf 90' lang='lat' dir='ltr'>apostolis</span> <span class='ocrx_word' id='word_1_749' title='bbox 1190 5042 1329 5081; x_wconf 88' lang='lat' dir='ltr'>sacrorum</span> <span class='ocrx_word' id='word_1_750' title='bbox 1346 5025 1478 5082; x_wconf 90' lang='lat' dir='ltr'>librorum</span> <span class='ocrx_word' id='word_1_751' title='bbox 1498 5026 1672 5097; x_wconf 86' lang='lat' dir='ltr'>autographa</span> <span class='ocrx_word' id='word_1_752' title='bbox 1690 5026 1813 5098; x_wconf 91' lang='lat' dir='ltr'>accepit,</span> <span class='ocrx_word' id='word_1_753' title='bbox 1837 5035 1868 5086; x_wconf 90' lang='lat' dir='ltr'>et</span> 
     </span>
     <span class='ocr_line' id='line_1_57' title="bbox 173 5112 1866 5190; baseline 0 -21"><span class='ocrx_word' id='word_1_754' title='bbox 173 5115 297 5173; x_wconf 80' lang='lat' dir='ltr'>Trident</span> <span class='ocrx_word' id='word_1_755' title='bbox 314 5135 379 5190; x_wconf 88' lang='lat' dir='ltr'>pag.</span> <span class='ocrx_word' id='word_1_756' title='bbox 400 5125 456 5175; x_wconf 82' lang='grc'><strong>157.</strong></span> <span class='ocrx_word' id='word_1_757' title='bbox 491 5119 574 5173; x_wconf 75' lang='lat' dir='ltr'>Nihil</span> <span class='ocrx_word' id='word_1_758' title='bbox 590 5121 738 5189; x_wconf 68' lang='grc'><strong>5511555555</strong></span> <span class='ocrx_word' id='word_1_759' title='bbox 755 5120 826 5173; x_wconf 76' lang='lat' dir='ltr'>inest</span> <span class='ocrx_word' id='word_1_760' title='bbox 849 5120 1007 5174; x_wconf 73' lang='lat' dir='ltr'>divinitatis</span> <span class='ocrx_word' id='word_1_761' title='bbox 1033 5115 1114 5170; x_wconf 85' lang='lat' dir='ltr'>fidele</span> <span class='ocrx_word' id='word_1_762' title='bbox 1132 5112 1318 5168; x_wconf 86' lang='lat' dir='ltr'>testimonium</span> <span class='ocrx_word' id='word_1_763' title='bbox 1338 5113 1373 5168; x_wconf 88' lang='lat' dir='ltr'>de</span> <span class='ocrx_word' id='word_1_764' title='bbox 1390 5113 1445 5167; x_wconf 92' lang='lat' dir='ltr'>illis</span> <span class='ocrx_word' id='word_1_765' title='bbox 1461 5113 1617 5184; x_wconf 87' lang='lat' dir='ltr'>posteritati</span> <span class='ocrx_word' id='word_1_766' title='bbox 1633 5112 1764 5182; x_wconf 88' lang='lat' dir='ltr'>tradidit,</span> <span class='ocrx_word' id='word_1_767' title='bbox 1787 5113 1866 5169; x_wconf 90' lang='lat' dir='ltr'>aliud</span> 
     </span>
     <span class='ocr_line' id='line_1_58' title="bbox 176 5197 1867 5275; baseline -0.002 -17"><span class='ocrx_word' id='word_1_768' title='bbox 176 5202 356 5272; x_wconf 62' lang='grc'><strong>8551155555,</strong></span> <span class='ocrx_word' id='word_1_769' title='bbox 379 5222 451 5275; x_wconf 66' lang='lat' dir='ltr'>pree</span> <span class='ocrx_word' id='word_1_770' title='bbox 468 5206 578 5258; x_wconf 78' lang='grc'><strong>555511</strong></span> <span class='ocrx_word' id='word_1_771' title='bbox 597 5207 779 5274; x_wconf 66' lang='lat' dir='ltr'>medendum,</span> <span class='ocrx_word' id='word_1_772' title='bbox 804 5221 876 5275; x_wconf 78' lang='lat' dir='ltr'>quoe</span> <span class='ocrx_word' id='word_1_773' title='bbox 895 5206 926 5260; x_wconf 84' lang='grc'>15</span> <span class='ocrx_word' id='word_1_774' title='bbox 945 5205 1006 5260; x_wconf 81' lang='lat' dir='ltr'>illis</span> <span class='ocrx_word' id='word_1_775' title='bbox 1032 5218 1097 5256; x_wconf 88' lang='lat' dir='ltr'>vero</span> <span class='ocrx_word' id='word_1_776' title='bbox 1116 5201 1152 5255; x_wconf 89' lang='lat' dir='ltr'>de</span> <span class='ocrx_word' id='word_1_777' title='bbox 1172 5199 1334 5254; x_wconf 89' lang='lat' dir='ltr'>anctoritate</span> <span class='ocrx_word' id='word_1_778' title='bbox 1360 5199 1513 5270; x_wconf 89' lang='lat' dir='ltr'>praesentis</span> <span class='ocrx_word' id='word_1_779' title='bbox 1539 5197 1679 5253; x_wconf 87' lang='grc'><strong>555155155.</strong></span> <span class='ocrx_word' id='word_1_780' title='bbox 1726 5199 1867 5255; x_wconf 87' lang='grc' dir='ltr'><strong>Ρ551111511</strong></span> 
     </span>
     <span class='ocr_line' id='line_1_59' title="bbox 174 5283 1864 5360; baseline -0.001 -17"><span class='ocrx_word' id='word_1_781' title='bbox 174 5291 360 5355; x_wconf 65' lang='lat' dir='ltr'>emutare,</span> <span class='ocrx_word' id='word_1_782' title='bbox 383 5291 519 5360; x_wconf 69' lang='lat' dir='ltr'>religiose</span> <span class='ocrx_word' id='word_1_783' title='bbox 547 5291 646 5360; x_wconf 74' lang='lat' dir='ltr'>clipeo</span> <span class='ocrx_word' id='word_1_784' title='bbox 676 5292 861 5360; x_wconf 69' lang='lat' dir='ltr'>smmrinpat,</span> <span class='ocrx_word' id='word_1_785' title='bbox 889 5294 941 5347; x_wconf 80' lang='lat' dir='ltr'>sed</span> <span class='ocrx_word' id='word_1_786' title='bbox 963 5308 1005 5345; x_wconf 84' lang='lat' dir='ltr'>ec·</span> <span class='ocrx_word' id='word_1_787' title='bbox 1033 5287 1144 5359; x_wconf 87' lang='lat' dir='ltr'>quando</span> <span class='ocrx_word' id='word_1_788' title='bbox 1163 5286 1197 5341; x_wconf 91' lang='lat' dir='ltr'>de</span> <span class='ocrx_word' id='word_1_789' title='bbox 1224 5284 1451 5341; x_wconf 77' lang='lat' dir='ltr'>ecclesiastisca</span> <span class='ocrx_word' id='word_1_790' title='bbox 1474 5283 1629 5354; x_wconf 87' lang='lat' dir='ltr'>Scripturas</span> <span class='ocrx_word' id='word_1_791' title='bbox 1654 5283 1802 5341; x_wconf 85' lang='lat' dir='ltr'>autoritate</span> <span class='ocrx_word' id='word_1_792' title='bbox 1823 5286 1864 5340; x_wconf 80' lang='lat' dir='ltr'>lo</span> 
     </span>
     <span class='ocr_line' id='line_1_60' title="bbox 174 5369 1865 5448; baseline -0.001 -18"><span class='ocrx_word' id='word_1_793' title='bbox 174 5375 274 5430; x_wconf 78' lang='grc'><strong>5155155</strong></span> <span class='ocrx_word' id='word_1_794' title='bbox 292 5378 429 5432; x_wconf 77' lang='grc'><strong>15515515</strong></span> <span class='ocrx_word' id='word_1_795' title='bbox 452 5385 493 5431; x_wconf 86' lang='lat' dir='ltr'>est</span> <span class='ocrx_word' id='word_1_796' title='bbox 514 5385 540 5431; x_wconf 84' lang='lat' dir='ltr'>et</span> <span class='ocrx_word' id='word_1_797' title='bbox 563 5377 728 5448; x_wconf 75' lang='lat' dir='ltr'>amplitudo.</span> <span class='ocrx_word' id='word_1_798' title='bbox 763 5377 883 5433; x_wconf 86' lang='lat' dir='ltr'>Tbomas</span> <span class='ocrx_word' id='word_1_799' title='bbox 901 5378 1004 5434; x_wconf 82' lang='lat' dir='ltr'>Boriue</span> <span class='ocrx_word' id='word_1_800' title='bbox 1033 5378 1171 5448; x_wconf 74' lang='lat' dir='ltr'>quantur,</span> <span class='ocrx_word' id='word_1_801' title='bbox 1190 5369 1505 5442; x_wconf 88' lang='lat' dir='ltr'>intelligunteoclesiam</span> <span class='ocrx_word' id='word_1_802' title='bbox 1517 5369 1670 5423; x_wconf 76' lang='lat' dir='ltr'>Romanam</span> <span class='ocrx_word' id='word_1_803' title='bbox 1690 5376 1865 5439; x_wconf 88' lang='lat' dir='ltr'>praesentem</span> 
     </span>
     <span class='ocr_line' id='line_1_61' title="bbox 172 5454 1867 5536; baseline -0.003 -19"><span class='ocrx_word' id='word_1_804' title='bbox 172 5461 234 5518; x_wconf 84' lang='lat' dir='ltr'>libr.</span> <span class='ocrx_word' id='word_1_805' title='bbox 261 5468 292 5520; x_wconf 85' lang='grc'>11</span> <span class='ocrx_word' id='word_1_806' title='bbox 321 5463 357 5521; x_wconf 84' lang='grc'>15</span> <span class='ocrx_word' id='word_1_807' title='bbox 383 5464 455 5535; x_wconf 86' lang='lat' dir='ltr'>sign</span> <span class='ocrx_word' id='word_1_808' title='bbox 480 5464 576 5521; x_wconf 80' lang='lat' dir='ltr'>coclea</span> <span class='ocrx_word' id='word_1_809' title='bbox 601 5482 625 5520; x_wconf 91' lang='lat' dir='ltr'>c.</span> <span class='ocrx_word' id='word_1_810' title='bbox 650 5471 689 5522; x_wconf 85' lang='lat' dir='ltr'>lo.</span> <span class='ocrx_word' id='word_1_811' title='bbox 741 5465 881 5536; x_wconf 65' lang='grc'><strong>1151555151</strong></span> <span class='ocrx_word' id='word_1_812' title='bbox 904 5464 1003 5519; x_wconf 66' lang='lat' dir='ltr'>diotae</span> <span class='ocrx_word' id='word_1_813' title='bbox 1032 5459 1058 5514; x_wconf 92' lang='lat' dir='ltr'>b.</span> <span class='ocrx_word' id='word_1_814' title='bbox 1077 5477 1100 5515; x_wconf 92' lang='lat' dir='ltr'>e.</span> <span class='ocrx_word' id='word_1_815' title='bbox 1119 5465 1150 5514; x_wconf 91' lang='lat' dir='ltr'>nt</span> <span class='ocrx_word' id='word_1_816' title='bbox 1169 5457 1268 5513; x_wconf 85' lang='lat' dir='ltr'>ultima</span> <span class='ocrx_word' id='word_1_817' title='bbox 1284 5455 1405 5527; x_wconf 83' lang='lat' dir='ltr'>analysis</span> <span class='ocrx_word' id='word_1_818' title='bbox 1418 5454 1511 5522; x_wconf 90' lang='lat' dir='ltr'>docet,</span> <span class='ocrx_word' id='word_1_819' title='bbox 1527 5455 1686 5525; x_wconf 90' lang='lat' dir='ltr'>pontificem</span> <span class='ocrx_word' id='word_1_820' title='bbox 1699 5455 1867 5526; x_wconf 69' lang='lat' dir='ltr'>Romanum</span> 
     </span>
    </p>
   </div>
   <div class='ocr_carea' id='block_1_3' title="bbox 0 0 1996 6022">
    <p class='ocr_par' dir='ltr' id='par_1_3' title="bbox 0 0 1996 6022">
     <span class='ocr_line' id='line_1_62' title="bbox 0 0 1996 6022; baseline 0 1"><span class='ocrx_word' id='word_1_821' title='bbox 0 0 1996 6022; x_wconf 95' lang='lat' dir='ltr'> </span> 
     </span>
    </p>
   </div>
  </div>
 </body>
</html>
