3984 6022
200 213 269 285 tte
886 210 1009 268 locus
1027 209 1225 270 SECUNDUS

207 362 351 418 elitaretur
386 361 558 435 syllogistica
592 362 719 418 collectio
753 363 782 420 in
817 364 907 435 prima
942 365 1039 438 ligure.
1066 385 1096 420 ee
1123 368 1321 420 aalaiatentem.
1364 367 1449 437 Resp.
1473 384 1525 439 per
1548 367 1741 423 inversionem.
1776 367 1903 439 Utraque

209 454 235 504 3.
252 450 416 519 scripturae
430 449 639 518 usurpationem
650 449 834 519 Μ61616.22,6.
848 454 1041 522 3261366666
1066 454 1178 509 nomina
1192 455 1254 524 jure
1272 453 1333 508 Deo
1351 453 1525 524 6666666666
1549 461 1694 524 concreta,
1713 455 1783 527 quis
1797 460 1840 511 cst
1854 473 1899 512 res

209 539 291 592 Deua
307 536 452 591 Abraham
469 544 517 591 ete.
548 534 611 591 Act.
632 543 656 605 1
677 555 702 591 v.
722 543 770 593 ³2:
794 538 941 607 Eponam
963 540 1041 592 Deua
1067 557 1131 595 vere
1149 540 1314 610 subsistens3
1341 539 1497 610 6666616666,
1524 541 1591 613 6616
1615 547 1658 597 est
1682 540 1902 612 simplicissimum

203 633 321 695 patrum
347 631 464 676 mamm.
502 629 526 678 2.
546 622 607 679 Cor.
626 629 655 687 6,
676 643 701 677 v.
723 631 765 680 16:
795 627 856 679 Ero
880 627 961 680 Daue
978 626 1041 680 illa-
1066 626 1172 698 absque
1192 625 1250 680 ulla
1267 626 1392 681 materiei
1408 626 1613 698 compositione

208 729 278 766 nim
313 708 399 764 Hebr.
421 715 461 778 11,
478 728 504 767 v.
525 715 571 765 16:
590 712 655 764 Noa
677 712 810 766 erubmeit
827 714 908 766 11666
927 713 1041 766 illarum
1104 711 1417 776 1911666661665616
1434 731 1532 768 noman
1546 708 1965 799 Deurritappeilatimgffi

207 797 307 849 aerari
322 803 370 850 ata
407 795 463 853 Ubi
481 813 537 851 non
555 800 608 860 666,
626 796 700 868 6666
718 797 826 865 666666,
845 813 946 852 nomen
965 798 1041 854 Deus
1068 818 1105 851 aa
1122 816 1186 852 aera
1202 800 1373 868 proprium?
1399 798 1559 854 Photininui
1577 804 1705 854 statuunt
1723 815 1786 854 csse
1806 799 1901 870 appel·
1912 813 1965 851 166

208 881 236 936 66
254 881 414 953 praedicato
432 899 487 937 non
504 882 571 952 poni
589 882 723 951 absolute,
740 883 789 937 sed
808 900 871 938 cum
885 883 1041 982 adjectione
1067 884 1196 954 16666666,
1223 891 1255 940 61
1282 885 1427 941 obtineant
1453 902 1486 940 ex
1513 886 1623 942 nomine
1648 885 1709 941 Deo
1738 883 1883 941 Christo
1875 863 1965 964 6,,3,

207 970 289 1023 Deua
306 969 455 1036 Abrahae,
478 969 560 1022 11666
573 977 703 1038 patrum,
727 970 808 1023 Deua
826 970 954 1034 illorum,
977 970 1044 1040 quia
1068 970 1216 1041 scripturis
1240 972 1374 1027 attributo
1398 989 1453 1026 nan
1478 988 1560 1042 posse
1586 987 1680 1026 veram
1707 977 1737 1027 66
1760 968 1965 1068 miamin·

208 1055 378 1155 adjectiones
401 1054 465 1109 illae
490 1072 546 1109 666
566 1059 674 1109 mutant
698 1054 838 1125 propriam
856 1055 938 1126 hujus
958 1057 1042 1111 nomi-
1070 1058 1129 1127 ejua
1169 1057 1299 1113 deitatem
1339 1057 1459 1129 probari
1516 1057 1563 1113 Sic
1600 1057 1673 1111 enim
1703 1057 1834 1112 Eniedrn„
1868 1020 1965 1119 aiiii

207 1142 251 1197 nia
271 1141 512 1214 significationem,
539 1141 588 1196 sed
611 1143 727 1198 eandem
745 1142 838 1213 patius
856 1143 995 1213 explicant
1017 1149 1044 1198 et
1068 1159 1187 1215 proaem.
1207 1143 1270 1200 lob
1291 1162 1318 1214 p.
1340 1150 1402 1198 160:
1428 1145 1488 1197 Dei
1503 1143 1667 1197 vocabulum
1682 1143 1773 1198 coriis
1791 1151 1820 1198 66
1838 1145 1904 1200 mal

209 1228 378 1295 describunt,
396 1245 448 1283 nec
466 1245 569 1282 novum
587 1227 700 1300 aliquod
720 1245 821 1284 nomen
832 1235 975 1300 generant,
994 1230 1043 1282 sed
1069 1230 1104 1283 tie
1121 1231 1202 1282 rabia
1221 1232 1293 1284 colet
1311 1231 1406 1298 tribui,
1424 1230 1497 1283 sieut
1514 1247 1547 1283 66
1571 1231 1600 1283 V.
1621 1238 1647 1284 et
1665 1231 1702 1284 N.
1725 1230 1757 1283 T.
1776 1239 1903 1300 apparet.

208 1314 279 1370 illud
304 1314 393 1386 ipsum
418 1314 577 1374 1669666666
601 1318 647 1368 καὶ
664 1319 900 1387 παραφραστικιῐς
918 1315 1044 1370 determi-
1070 1316 1135 1369 Noa
1154 1332 1219 1384 erpa
1238 1318 1374 1387 sequitur,
1394 1317 1422 1369 ei
1438 1320 1499 1385 quis
1518 1316 1632 1370 elieatur
1651 1317 1746 1383 Deus,
1764 1317 1832 1371 ideo
1849 1325 1903 1371 eta

209 1407 285 1457 6666.
320 1402 417 1472 Neque
447 1401 597 1474 quicquam
626 1401 752 1456 obtinent
779 1401 830 1456 boc
857 1419 907 1457 suo
931 1401 1043 1472 effugio,
1070 1402 1119 1454 tim
1131 1420 1188 1471 pra
1206 1412 1317 1457 aeterua
1339 1404 1411 1456 caeli
1434 1411 1459 1455 et
1482 1411 1575 1456 imae
1592 1409 1718 1456 creatora
1740 1419 1800 1455 ears
1824 1403 1902 1458 11166

210 1489 286 1560 quod
311 1503 411 1543 nomen
437 1488 515 1542 Deus
539 1486 665 1542 absolute
692 1488 721 1542 in
744 1488 905 1558 praedicato
923 1488 1043 1559 positum
1070 1488 1232 1542 labendum
1271 1486 1903 1563 *116666661166616666666666

209 1593 265 1630 non
285 1573 439 1644 accipiatur
455 1589 506 1644 pro
524 1588 589 1628 vero
609 1580 637 1628 et
654 1579 764 1628 aeterno
782 1574 851 1643 Dea,
869 1575 1044 1631 sedtantum
1071 1575 1164 1627 bulum
1182 1575 1329 1643 dipaitotie
1344 1575 1441 1644 potita
1461 1583 1487 1628 at
1504 1575 1597 1642 officii
1615 1591 1672 1627 ease
1689 1591 1805 1642 666666,
1824 1593 1903 1646 quom

210 1679 273 1719 oum
301 1660 455 1731 adjectione
483 1659 602 1730 quadam
632 1658 793 1727 limitatum,
826 1660 892 1731 quia
920 1659 1044 1715 Christus
1070 1669 1189 1714 naturae
1218 1669 1243 1714 et
1272 1662 1415 1729 aasentias,
1442 1661 1577 1729 amnibus,
1604 1661 1654 1730 qui
1669 1677 1756 1714 saara
1773 1668 1902 1730 tractant,

210 1766 267 1804 nan
284 1748 372 1803 solum
391 1745 518 1800 absolute
536 1750 650 1800 vocatur
661 1745 747 1809 Deus,
767 1747 816 1799 sed
834 1747 946 1817 insuper
962 1746 1043 1800 etiam
1071 1748 1242 1801 uataaimum
1274 1764 1332 1800 erae
1358 1747 1477 1800 debet.**
1526 1744 1616 1800 Socim
1647 1751 1746 1802 666666
1773 1745 1902 1803 Wiekum

211 1852 264 1890 vax
285 1834 339 1889 Dei
361 1832 470 1889 Christo
494 1831 630 1887 attributa
653 1832 756 1888 talibus
779 1832 928 1904 insignitur
948 1832 1044 1904 elogiis
1070 1852 1096 1903 p.
1114 1839 1178 1889 ete:
1209 1832 1360 1886 Sciendum
1377 1840 1416 1885 est
1434 1849 1533 1887 namen
1554 1833 1633 1886 Deua
1651 1849 1705 1886 aaa
1725 1840 1831 1888 661666
1846 1850 1900 1888 aare

211 1929 240 1977 et
257 1920 396 1992 epithetis,
414 1935 486 1990 quae
503 1935 559 1973 non
576 1918 629 1973 nisi
647 1919 697 1973 soli
718 1935 784 1974 vero
805 1927 833 1975 et
852 1925 964 1975 aeterno
983 1919 1044 1974 Deo
1072 1936 1169 1972 nomen
1195 1919 1396 1987 appellativum
1419 1926 1445 1971 et
1463 1919 1571 1972 idcireo
1585 1918 1715 1988 pluriam
1734 1921 1901 1974 6666661666.

212 2006 386 2062 conveniunt
422 2005 452 2060 Si
478 2011 593 2059 vocatur
615 2007 696 2059 Deua
717 2006 893 2080 1661161166.
914 2014 944 2074 9,
968 2025 994 2060 v.
1020 2012 1042 2061 6.
1071 2004 1259 2060 *1861666116
1289 2005 1324 2058 66
1353 2004 1407 2058 div.
1439 2003 1515 2059 verbi
1542 2004 1675 2060 incarnat
1702 2010 1806 2060 natura
1823 2022 1846 2060 c.
1865 2011 1901 2073 26,

212 2112 329 2160 mopaus
354 2090 564 2157 1166661162,
588 2097 672 2146 619.
694 2109 775 2145 aerae
792 2094 872 2146 Deus
898 2099 918 2148 1.
937 2092 1001 2149 Joh.
1021 2100 1044 2156 5,
1071 2110 1097 2161 p.
1121 2098 1187 2147 144.-
1212 2093 1270 2145 Voa
1286 2092 1347 2144 Dei
1363 2093 1510 2159 dipnitotia
1536 2109 1635 2145 666666
1658 2100 1711 2157 eet,
1737 2109 1796 2146 non
1819 2109 1903 2147 66666-

212 2198 239 2235 6.
257 2186 298 2235 29.
322 2180 403 2233 Deua
421 2195 506 2247 super
524 2179 619 2232 omnio
636 2179 796 2232 benedictus
820 2178 900 2234 Rom.
920 2185 948 2243 9,
972 2197 997 2232 v.
1020 2186 1043 2234 5.
1071 2178 1127 2230 tiae
1145 2186 1170 2230 at
1188 2178 1291 2247 officii,
1316 2185 1342 2231 et
1365 2178 1520 2246 quicunque
1543 2194 1635 2231 aeram
1657 2178 1848 2246 diuinitatem,
1873 2179 1904 2233 id

213 2268 296 2321 Deua
315 2266 438 2319 Tiamaa
454 2263 517 2319 Joh.
538 2270 586 2332 29,
603 2283 628 2320 v.
647 2270 689 2320 29.
713 2265 828 2335 perinde
853 2271 885 2319 61
903 2267 985 2318 Deua
1002 2267 1045 2318 16-
1072 2272 1111 2316 eat
1136 2280 1229 2317 aeram
1250 2272 1417 2333 patestatem
1443 2265 1568 2317 divinam
1592 2265 1685 2326 tata,
1708 2265 1735 2318 ie
1753 2282 1807 2319 aaa
1824 2267 1903 2320 moda

213 2353 315 2421 666116,
339 2350 388 2422 qui
407 2368 462 2405 666
479 2358 522 2405 est
539 2349 592 2404 nisi
611 2368 681 2405 unus
701 2367 781 2405 verus
800 2350 891 2420 Deus,
916 2357 1045 2405 vocatae
1071 2368 1151 2402 verua
1172 2352 1251 2402 Deus
1273 2353 1355 2403 arf*
1393 2350 1564 2405 Photinianis
1589 2350 1711 2422 assurgit
1729 2349 1813 2409 Corn.
1834 2350 1903 2407 ltu

212 2441 307 2493 Deum
325 2438 457 2491 Abrahae
477 2437 562 2490 Exod.
585 2443 609 2502 3,
628 2453 652 2489 v.
677 2443 713 2491 15.
1071 2453 1118 2489 sus
1136 2435 1299 2490 Pontificius
1316 2443 1374 2492 tt.
1392 2442 1490 2505 p.545.
1503 2435 1605 2506 postill.
1619 2452 1725 2508 negans
1738 2436 1793 2493 Dei
1809 2455 1904 2493 namen

86 2525 199 2618 Quum„
250 2530 289 2582 19.
309 2523 498 2590 Quaeritnri.
534 2521 581 2575 Aa
605 2524 686 2575 Deua
709 2522 809 2576 lrabeat
825 2524 977 2592 proprium
993 2526 1046 2578 oli·
1072 2538 1132 2576 esse
1149 2522 1201 2576 Dei
1220 2523 1369 2593 proprium
1399 2522 1457 2578 Nos
1472 2521 1754 2594 distinguimusintcr
1770 2525 1903 2624 acceptio

86 2630 198 2669 666666
213 2613 291 2682 meod
313 2609 432 2664 6666661
463 2606 576 2678 Negant
597 2606 705 2662 Ρ1616
698 2626 726 2661 m
749 2608 797 2663 lib.
814 2608 849 2664 de
866 2610 914 2668 vit.
933 2608 1046 2681 Moysis,
1072 2626 1133 2663 nem
1157 2608 1232 2664 vocis
1256 2609 1394 2680 propriam
1418 2615 1448 2663 et
1471 2607 1671 2677 modificatam
1698 2611 1814 2681 quando
1837 2611 1904 2667 mim

87 2682 199 2783 fflm'
213 2696 366 2754 lustinus
359 2713 388 2749 66
404 2694 549 2765 paraenesi
569 2693 605 2746 ad
623 2691 745 2748 Graecos
766 2694 865 2749 etalii.
900 2694 1046 2751 Galatinus
1072 2713 1171 2751 nomen
1198 2695 1252 2750 Dei
1281 2695 1342 2750 aliis
1371 2699 1482 2765 praeter
1512 2713 1599 2749 66666
1629 2711 1661 2750 ac
1693 2697 1784 2751 solam
1813 2715 1904 2753 serum

88 2782 187 2878 eumer
213 2782 318 2838 111162.
341 2778 672 2836 66666066166166666.
700 2796 725 2835 c
747 2785 786 2834 19.
805 2781 872 2835 66166
890 2782 1046 2837 dictumli.
1073 2784 1163 2838 Deum
1182 2783 1321 2850 tribuitur,
1341 2789 1400 2836 turn
1420 2800 1474 2837 non
1492 2783 1627 2853 accipitur
1644 2783 1764 2854 proprie,
1782 2784 1835 2840 sed
1851 2801 1904 2843 ma

86 2834 187 2879 ΝΜ
211 2866 396 2926 116666666616
414 2882 447 2919 ex
464 2864 536 2919 Gala
547 2881 654 2920 reuera
678 2868 759 2920 Deua
775 2885 830 2921 aaa
847 2869 927 2922 labet
939 2887 1046 2939 namen
1064 2868 1191 2937 66116666,
1211 2875 1243 2924 66
1254 2875 1371 2940 apparet
1382 2885 1415 2922 ex
1432 2869 1650 2925 restrictionibus
1663 2870 1777 2941 additis,
1797 2871 1905 2944 quando

206 2957 295 3024 ‚cujus
313 2971 364 3007 nae
382 2952 564 3022 aoqnitionem
581 2951 682 3006 labere
698 2956 851 3022 patrimae,
873 2958 1045 3026 6666616661-
1072 2972 1136 3009 vero
1153 2956 1263 3026 propria
1280 2955 1422 3025 accipitur,
1438 2955 1508 3009 nulli
1524 2955 1578 3010 nisi
1596 2955 1645 3010 nni
1661 2973 1729 3011 vero
1744 2962 1777 3014 et
1795 2963 1905 3015 aeterno

213 3044 276 3099 dem
298 3042 361 3111 ajat
381 3040 539 3094 6616166116
562 3047 602 3093 eat
626 3042 688 3109 ejae
703 3058 802 3094 naman
821 3049 847 3094 et
865 3052 971 3096 eontra.
1007 3042 1080 3097 Et
1072 3059 1102 3096 1n
1120 3040 1269 3113 Scripturis
1282 3040 1417 3095 convenit.
1431 3040 1532 3096 Bernh.
1547 3057 1627 3096 serm.
1642 3059 1726 3112 super
1739 3042 1905 3100 Missmcst:

213 3129 447 3200 quemadmodum
463 3127 525 3194 ejus
542 3126 713 3180 substantiae
730 3128 858 3182 notitiam
876 3129 1045 3184 661166616-
1073 3130 1179 3182 Nomen
1197 3129 1257 3181 Dei
1280 3128 1419 3197 accipiar
1442 3129 1486 3181 ael
1509 3128 1676 3182 arietantiae
1698 3130 1744 3183 ael
1760 3149 1902 3202 nummipe-

214 3217 277 3269 bere
294 3231 455 3285 poseamus,
481 3213 614 3281 66661666
636 3229 669 3266 aa
688 3214 800 3281 capuita
820 3216 846 3268 ei
861 3215 968 3268 similes
984 3217 1045 3286 effi·
1073 3217 1133 3269 tiae.
1172 3214 1262 3269 Verus
1279 3214 1351 3268 enim
1368 3212 1446 3267 Deus
1469 3218 1583 3269 vocatur
1600 3214 1676 3270 11666
1698 3212 1904 3286 6666611614,

213 3318 350 3369 ceremur,
376 3302 418 3354 116
441 3300 561 3353 neminie
585 3300 647 3366 eiua
671 3301 853 3366 captationem
878 3301 978 3355 babere
1001 3322 1044 3356 ne-
1073 3321 1098 3356 v.
1119 3307 1144 3369 9,
1163 3301 1263 3371 reliqui
1281 3300 1412 3354 dicuntur
1429 3302 1571 3355 constituti
1587 3302 1652 3369 Dei,
1673 3302 1822 3371 λεγόμενοι
1836 3309 1904 3358 teat.

214 3389 330 3457 quimus.
370 3385 428 3440 Alii
456 3391 552 3440 contra
582 3384 723 3440 6111666661
744 3373 836 3441 Deum
862 3388 972 3444 omnino
998 3388 1046 3443 ha·
1075 3382 1321 3456 l.Corintl1.8‚v.
1343 3394 1367 3443 5.
1387 3387 1478 3442 Verus
1496 3387 1575 3442 Deus
1598 3388 1700 3443 dicitur
1722 3389 1801 3444 66166
1816 3391 1904 3457 Deus,

214 3473 281 3529 bere
307 3472 448 3544 proprium
471 3471 584 3542 aliquod
612 3489 725 3540 nomen,
752 3473 836 3545 idque
863 3490 921 3530 esse
947 3492 1046 3530 nomen
1070 3484 1282 3545 praeterquam
1299 3475 1503 3528 6666161166
1521 3475 1601 3528 Deua
1619 3473 1727 3531 Denter
1746 3481 1797 3555 62,
1822 3495 1848 3532 v.
1866 3483 1905 3534 99.

113 3558 349 3614 6116161661.
390 3557 576 3612 Distinctione
599 3574 657 3612 rem
680 3559 802 3628 expediri
823 3576 905 3629 passe
930 3561 1045 3616 arbitra-
1071 3563 1118 3618 Pa.
1147 3566 1190 3629 96,
1217 3578 1243 3614 v.
1275 3566 1312 3615 19.
1350 3560 1398 3615 Ε6.
1420 3567 1465 3629 31,
1488 3578 1514 3614 v.
1544 3567 1582 3617 16.
1600 3566 1652 3616 etc.
1685 3561 1743 3617 Sed
1758 3561 1905 3634 λεγόμενοι

215 3663 286 3705 mur.
324 3644 472 3715 Proprium
489 3660 589 3699 nomen
607 3645 723 3714 dicitur,
741 3646 785 3700 vel
806 3647 880 3717 quod
900 3653 987 3702 totam
1006 3649 1045 3704 rei
1074 3652 1221 3702 66616666
1246 3646 1401 3717 complures
1424 3653 1444 3701 1.
1465 3646 1526 3704 Cor.
1554 3654 1583 3717 8,
1607 3666 1632 3701 v.
1655 3655 1678 3703 5.
1715 3649 1809 3704 Verus
1830 3648 1906 3706 Dens

216 3731 374 3788 nominatae
391 3736 519 3785 naturam
538 3735 566 3784 et
582 3731 729 3785 essentiam
747 3732 890 3803 exprimit,
909 3736 953 3788 vel
972 3736 1046 3805 qnod
1072 3733 1174 3788 dicitnr
1193 3735 1273 3787 11666
1292 3734 1430 3800 Deorum,
1455 3735 1535 3787 Deua
1562 3751 1680 3802 mapnua
1704 3752 1791 3804 nuper
1814 3754 1905 3791 amaea

214 3818 263 3875 uni
295 3825 324 3874 et
351 3816 402 3872 soli
427 3815 511 3871 alicui
537 3816 577 3869 rei
602 3816 731 3871 convenit
756 3826 784 3872 66
810 3835 869 3873 eam
893 3836 910 3873 a
933 3820 1046 3892 reliquis
1073 3822 1165 3888 Deos,
1205 3822 1287 3874 Deua
1322 3821 1369 3873 661
1402 3819 1497 3873 nullae
1535 3821 1637 3874 similis
1665 3820 1740 3875 Psal
1773 3828 1820 3893 59,
1839 3840 1865 3877 v.
1885 3829 1905 3879 1.

215 3903 369 3976 distinguit
413 3902 504 3958 Priori
526 3903 608 3957 modo
624 3902 702 3957 Deus
723 3920 779 3958 non
803 3903 888 3960 habet
905 3907 1045 3977 proprium
1073 3906 1146 3960 Psal.
1165 3913 1205 3973 95,
1226 3924 1251 3959 v.
1271 3912 1295 3962 3.
1330 3904 1377 3959 Ρ6.
1396 3911 1438 3974 96,
1456 3924 1481 3960 6.
1502 3912 1524 3961 6.
1560 3906 1633 3962 Ρ661
1651 3913 1699 3971 91,
1718 3925 1745 3961 v.
1761 3913 1786 3963 9.
1807 3914 1860 3964 etc.
1875 3909 1904 3964 id

214 3991 327 4064 aliquod
344 4006 452 4057 nomen,
470 3989 519 4044 sed
536 3987 688 4058 posteriori.
725 3988 769 4058 (16
789 3990 850 4046 Deo
870 3997 912 4046 661
932 3995 960 4047 ui
980 3992 1045 4047 ‹iau-
1072 4009 1136 4047 vero
1165 3992 1200 4046 da
1231 3990 1307 4046 nullo
1340 3995 1394 4045 ιῶν
1425 3995 1586 4064 λεγομένων
1617 3996 1692 4047 θεῶν
1727 3993 1784 4049 6661
1805 4001 1905 4067 potest

212 4077 352 4146 tritantur
370 4081 414 4130 nui
435 4075 466 4130 τὸ
484 4072 617 4145 ymnaria,
636 4072 699 4129 orire
717 4096 842 4130 aaran«
827 4075 963 4149 ἄγνωστα,
983 4079 1043 4135 oilae
1072 4078 1155 4135 Unde
1187 4077 1297 4148 ipsimet
1329 4077 1486 4134 Photiniani
1513 4078 1676 4135 confitentur
1704 4095 1802 4135 vocem
1829 4081 1906 4139 Deus

211 4164 304 4222 niara
327 4161 451 4235 γνωσιᾰ,
475 4162 516 4218 611
531 4162 722 4216 Damascenus
746 4162 807 4217 libr.
831 4170 852 4219 1
871 4165 978 4221 orthod
996 4166 1043 4224 fid
1057 4158 1126 4252 1666·
1160 4164 1256 4233 italio
1287 4171 1316 4219 66
1343 4165 1479 4235 peculiari
1507 4166 1627 4236 quadam
1656 4165 1765 4222 6611666
1793 4169 1844 4223 661
1868 4167 1906 4224 illi

212 4272 235 4311 a
264 4256 299 4322 2.)
336 4252 476 4323 Respecto
501 4249 600 4319 prioris
625 4255 717 4320 patres
742 4257 842 4304 vocant
859 4251 978 4306 Deum
968 4273 1043 4309 inna-
1070 4269 1176 4307 summo
1204 4268 1294 4307 rerum
1312 4250 1418 4306 auctori
1437 4256 1465 4306 et
1490 4251 1625 4306 conditori
1641 4251 1703 4307 Deo
1727 4260 1843 4310 6616666
1859 4254 1906 4311 tri·

212 4340 373 4396 minabilem
391 4346 417 4392 et
435 4336 616 4407 ineffabilem,
634 4335 787 4406 Dionysius
811 4336 846 4390 de
869 4337 1127 4395 6166666161161.
1165 4336 1329 4394 Socinusin
1347 4343 1425 4391 tract.
1451 4336 1485 4391 de
1505 4336 1577 4405 Deo,
1603 4337 1713 4393 Christo
1737 4345 1767 4394 et
1792 4338 1865 4411 Spir.
1883 4359 1904 4398 s.

212 4445 236 4483 6.
264 4435 285 4483 1.
309 4424 436 4482 Clemens
457 4421 636 4478 Alexandria.
657 4421 717 4476 libr.
738 4430 761 4478 5.
780 4429 903 4478 stromat.
923 4424 1044 4496 Cyrillus
1070 4443 1097 4494 p.
1117 4430 1146 4480 3:
1177 4424 1234 4478 Van
1251 4422 1327 4477 Deus
1345 4423 1456 4492 duplici
1470 4424 1646 4493 pottissimum
1664 4426 1783 4479 modo
1768 4444 1801 4480 aa
1816 4427 1906 4480 meris

211 4511 455 4583 Hierosolymitan.
475 4508 755 4578 antecantamenta
772 4510 930 4580 posterioris
948 4512 1045 4567 dicunt
1071 4511 1162 4562 literia
1190 4511 1345 4578 ancipitum
1366 4509 1450 4578 prior
1476 4512 1575 4563 madae
1600 4519 1652 4577 ert,
1681 4529 1743 4564 cum
1766 4513 1907 4583 sipasfiaat

210 4600 303 4656 Deum
328 4615 345 4652 a
367 4595 446 4652 nobis
466 4610 531 4650 vere
555 4593 691 4649 nominari
714 4612 803 4665 posse.
829 4595 906 4651 Tam.
928 4605 999 4668 part.
1022 4606 1042 4654 1,
1070 4595 1167 4658 illum,
1193 4596 1242 4664 qui
1264 4595 1461 4648 tumineaelo
1479 4602 1536 4648 tum
1557 4597 1681 4650 interm
1708 4598 1750 4651 ita
1769 4599 1839 4654 aliis
1858 4601 1905 4655 da

212 4705 238 4759 q.
261 4690 300 4741 13.
320 4689 371 4740 art.
394 4690 419 4737 l:
448 4682 542 4734 Deum
563 4697 712 4750 poseamus
729 4682 826 4752 aliqua
844 4684 927 4737 morlo
945 4701 1043 4752 aapna-
1069 4682 1194 4735 minatur
1217 4700 1251 4735 ae
1272 4689 1383 4751 praeeat
1408 4698 1554 4752 rarumque
1578 4691 1676 4736 mactat·
1698 4692 1739 4736 eat
1765 4693 1793 4739 et
1817 4686 1905 4755 oripo,

211 4791 296 4842 acere,
305 4787 370 4840 erpa
384 4769 468 4822 611666
479 4768 632 4836 nominare,
644 4768 712 4835 quia
726 4785 805 4823 vocer
813 4777 877 4822 auat
888 4770 970 4837 61966
982 4789 1043 4824 eon-
1070 4777 1101 4822 at
1118 4770 1252 4822 neminem
1276 4768 1376 4821 lateat
1397 4768 1552 4838 principem
1576 4778 1626 4823 aut
1647 4770 1834 4840 superiorem,
1857 4790 1906 4826 aaa

211 4868 338 4931 captatum
363 4863 389 4910 et
412 4855 449 4908 iia
480 4853 665 4908 mediantibus
686 4871 779 4908 rerum
806 4856 940 4924 ipsarum.
988 4856 1047 4911 Sed
1071 4857 1107 4908 ab
1131 4856 1191 4909 6116
1212 4856 1341 4924 pendeat.
1377 4854 1459 4908 Alter
1481 4858 1581 4910 modae
1608 4866 1661 4923 eet,
1685 4875 1748 4911 cum
1765 4859 1907 4927 eipnifieat

211 4966 267 5001 nan
282 4941 678 5016 potrumuaDeampersecta
695 4941 851 5010 cognitione
871 4942 1044 5011 comprehen-
1071 4959 1145 5010 aum,
1172 4942 1223 5010 qui
1245 4958 1378 4994 mammam
1403 4939 1524 5010 aliquod
1548 4943 1695 5024 imperium
1715 4953 1766 4997 666
1784 4945 1842 4998 aim
1859 4953 1907 5001 aaa

212 5034 290 5101 dere,
315 5048 381 5099 erqo
399 5045 449 5083 uta
468 5027 620 5081 nominare.
660 5026 700 5081 At
717 5025 821 5098 inquis,
846 5027 874 5080 ei
896 5029 959 5080 Deo
975 5047 1044 5098 pro·
1067 5036 1231 5099 potentatem
1249 5028 1285 5080 ab
1303 5029 1365 5096 ipsa
1383 5045 1438 5080 uno
1459 5029 1523 5082 Dea
1541 5030 1636 5097 labet,
1660 5029 1704 5081 ael
1726 5030 1828 5099 aliqua
1845 5031 1907 5086 olio

209 5119 304 5187 prium
330 5116 449 5185 aliquod
472 5130 571 5168 nomem
595 5121 759 5184 competeret
766 5153 773 5180 ,
801 5113 877 5166 111661
899 5114 975 5179 foret
1001 5115 1045 5168 ael
1071 5115 1180 5168 rotiana
1206 5113 1362 5167 divinitatio
1389 5113 1468 5166 illiue
1495 5114 1579 5167 unius
1602 5115 1662 5168 Dei
1686 5124 1728 5169 est
1742 5117 1906 5188 particepsf

212 5203 378 5256 aduncatum
397 5201 440 5255 ael
457 5209 618 5255 concretum.
656 5201 715 5254 Sed
732 5209 858 5253 neutrum
877 5202 941 5253 Dea
959 5201 1046 5255 tribui
1070 5202 1134 5255 lina
1151 5201 1223 5254 enim
1240 5201 1291 5254 ille
1309 5218 1380 5253 unua
1396 5202 1483 5267 Deua,
1503 5201 1520 5253 i.
1542 5218 1563 5253 e.
1583 5202 1709 5255 Jeloaob
1728 5205 1811 5258 Deua
1828 5206 1905 5260 Deo·

130 5284 134 5292 “
208 5296 307 5360 pateat.
343 5290 409 5343 Nan
424 5295 594 5354 concretum,
626 5287 694 5355 quia
712 5288 792 5340 Deua
809 5295 847 5340 eat
867 5287 1042 5355 simplicissi-
1070 5306 1132 5341 rum
1159 5287 1271 5340 (1161166.
1314 5287 1346 5340 16
1371 5286 1508 5343 animadv.
1539 5286 1642 5341 defens
1670 5304 1697 5357 p.
1725 5295 1772 5346 lt:
1798 5291 1906 5346 Nm

211 5391 289 5444 mus5
306 5392 355 5429 nea
372 5375 548 5436 adamantum,
566 5373 634 5440 quio
644 5374 725 5426 Deae
743 5391 788 5426 rer
805 5389 868 5426 aare
885 5373 1042 5442 6616161666,
1069 5377 1148 5429 Deus
1171 5374 1235 5427 lieet
1259 5392 1311 5426 666
1336 5381 1441 5427 natura
1466 5381 1492 5426 66
1513 5392 1566 5426 666
1585 5373 1679 5427 adhuc
1695 5376 1907 5447 appellabam,

206 5462 270 5534 jam
290 5478 354 5518 aera
372 5461 487 5516 nomina
504 5459 645 5513 abstracta
662 5459 821 5528 aipaifiaaat
840 5475 898 5512 ram
922 5477 976 5513 noa
989 5477 1043 5531 per
1070 5468 1162 5515 tomen
1181 5468 1211 5514 nt
1224 5460 1372 5530 proprium
1388 5459 1614 5529 frequentissime
1631 5469 1801 5531 witpatur,
1823 5471 1852 5518 61
1871 5466 1908 5520 ds
