3984 6022
709 283 761 339 ns
779 282 1144 342 emmanuelem
1706 301 1763 357 141

59 440 179 495 busdam
203 436 357 493 rationibus
381 439 427 494 vel
443 438 536 510 potius
561 436 736 508 conjecturis.
779 438 897 494 313311-
926 437 1168 495 alteriuscodicis
1193 439 1403 512 depravatione,
1429 457 1501 512 quae
1524 439 1555 497 in
1578 449 1695 514 puncto,
1722 445 1767 500 vel

59 524 160 581 moniis
180 522 372 580 Rabbinorum
391 533 419 581 et
434 531 545 595 patrum
564 523 745 596 quorundam.
774 530 799 579 3.
819 523 898 577 indu·
927 534 1052 595 accentu,
1071 527 1115 582 vel
1134 526 1222 594 litera,
1240 526 1285 581 vel
1304 525 1387 581 etiem
1405 527 1514 599 integra
1531 528 1652 585 dictione
1668 546 1764 585 occur·

59 610 153 666 ctione
181 609 288 681 aliquot
306 611 493 681 exemplorum
512 609 570 665 sive
588 609 711 663 locorum
731 607 899 680 Scripturas,
926 612 969 681 rit,
989 613 1047 668 sive
1066 630 1099 667 ex
1117 613 1225 668 incuria
1244 613 1302 668 sive
1320 614 1388 668 data
1405 628 1490 682 opera
1508 612 1594 668 fuerit
1608 613 1692 684 facta,
1710 633 1766 670 non

60 695 92 748 in
118 695 221 766 quibus
245 695 403 766 corruptela
426 694 552 750 videatur
575 694 696 750 evidens.
738 693 786 748 Ad
808 695 901 750 omnia
927 704 1019 767 potest
1045 699 1137 753 statim
1165 698 1274 765 inferri,
1300 704 1407 754 textum
1431 698 1466 754 V.
1490 699 1523 756 T.
1548 699 1708 756 Hebraeum
1737 702 1766 755 in

60 779 111 834 illa
128 779 299 837 sufficienter
316 780 460 852 respondit
477 780 532 834 Dn.
551 779 680 836 Salomon
690 777 827 849 Glaesiae,
844 779 900 834 Hc·
928 801 957 838 se
974 801 1006 838 ac
1024 785 1215 840 universaliter
1232 800 1291 840 esse
1306 791 1488 856 corruptum,
1516 802 1580 839 cum
1599 804 1632 840 ex
1649 786 1766 841 aliorum

61 864 211 920 bracarum
234 865 376 920 literarum
397 865 552 938 professor,
577 864 681 919 amicus
705 871 798 919 noster
816 862 901 934 pluri·
928 869 1107 939 probatorum
1131 879 1159 924 st
1182 870 1353 942 integrorum
1365 870 1572 941 exemplarium
1596 872 1767 942 inspectione

62 969 140 1006 mum
157 951 277 1006 dilectus
294 949 323 1005 in
340 950 498 1023 Philologia
515 967 606 1016 sacra,
627 966 710 1020 qnam
728 955 822 1004 nostro
840 948 900 1004 hor·
929 957 1060 1011 mendum
1082 955 1152 1010 illud
1178 955 1280 1027 corrigi
1302 956 1396 1026 possit
1443 964 1466 1011 5.
1489 956 1531 1010 Ex
1555 957 1701 1029 irregulari
1723 958 1768 1013 vel

62 1043 125 1092 1333
143 1034 308 1106 consempsit
326 1041 354 1092 et
371 1036 503 1108 publicae
520 1036 576 1090 luci
593 1036 736 1106 exposuit,
764 1051 835 1107 quac
860 1052 901 1089 aa·
929 1041 1079 1112 scriptione
1097 1041 1141 1096 vcl
1160 1041 1340 1110 punctatione
1357 1059 1456 1096 vocum
1473 1041 1682 1112 Hebraicarum,
1700 1060 1767 1115 qua·

62 1138 175 1177 crurum
193 1127 223 1178 et
238 1120 430 1178 Hebraearum
446 1121 587 1177 literarum
605 1121 736 1176 etudioaia
753 1120 902 1191 plurimum
929 1146 991 1182 ram
1008 1133 1075 1182 nota
1094 1136 1122 1181 ct
1140 1127 1272 1182 correctio
1284 1127 1469 1182 hlasorethioa
1487 1129 1517 1181 in
1533 1128 1658 1200 margine
1674 1127 1767 1199 utplu-

61 1207 218 1279 sdJ'nmeati
245 1207 370 1264 conferre
395 1208 505 1279 poterit
554 1207 611 1264 Nos
640 1207 692 1261 hoc
717 1207 779 1262 loco
806 1205 902 1261 breves
929 1213 1029 1269 rimam
1047 1212 1192 1282 adjicitur,
1218 1231 1273 1270 non
1296 1219 1389 1284 potest
1414 1220 1505 1269 textus
1523 1214 1656 1270 Hebraici
1675 1231 1767 1270 corru-

10 1298 49 1343 sa
63 1291 201 1347 duntaxat
225 1292 431 1348 observationes
448 1292 634 1362 adducemus,
658 1291 810 1363 exquibus
830 1291 902 1346 Pon·
930 1300 989 1369 ptio
1007 1299 1128 1370 probari.
1163 1299 1223 1353 Aut
1242 1299 1316 1353 enim
1334 1299 1500 1354 anomaliam
1519 1301 1654 1355 duntaxat
1677 1317 1766 1371 gram-

61 1374 221 1433 u‘liciorum
244 1379 415 1449 argumentis
446 1377 574 1434 satisfieri
596 1379 698 1449 poterit
725 1383 753 1432 et
777 1377 904 1448 exempla
931 1384 1073 1453 maticam,
1108 1390 1157 1440 aut
1194 1383 1357 1454 mysterium
1392 1383 1523 1455 aliquod,
1558 1389 1608 1438 aut
1641 1384 1768 1440 lectionis
1839 1445 1841 1449 ,
1948 1390 1954 1399 “

62 1463 248 1537 comptionis
266 1480 284 1519 a
301 1464 468 1519 Bellarmino
488 1465 612 1519 adducta
629 1462 873 1519 considerabimus·
931 1471 1119 1526 diversitatem
1135 1477 1216 1525 notae
1234 1469 1298 1525 illae
1318 1468 1520 1525 Masorcthicae
1536 1469 1697 1538 observant,
1718 1479 1767 1527 aut

98 1563 158 1614 326.
184 1557 288 1614 Contra
313 1560 437 1613 rationes
461 1559 606 1628 pecuales
636 1559 695 1613 sive
721 1559 902 1628 conjecturas,
930 1557 953 1610 ei
972 1574 1042 1628 quae
1061 1557 1090 1610 in
1107 1557 1250 1612 hterarum
1272 1557 1413 1613 elementis
1433 1575 1466 1611 cx
1485 1557 1592 1611 mouria
1614 1556 1767 1611 scribarum

61 1643 166 1716 quibus
185 1642 331 1715 probabile
350 1644 465 1699 reddere
485 1650 633 1709 conantur,
655 1643 826 1699 ludaeorum
845 1661 902 1698 ma·
929 1643 1097 1713 irrepsertmt
1109 1643 1233 1712 mendae,
1248 1659 1294 1698 eas
1309 1642 1459 1713 corrigunt,
1471 1642 1567 1713 sicque
1579 1642 1768 1713 integritatem

60 1729 123 1785 litia
147 1729 194 1784 vel
220 1728 392 1784 librariorum
417 1728 525 1785 incuria
551 1729 643 1784 fontes
667 1728 810 1785 Hebraeos
841 1745 902 1783 cor·
928 1733 1020 1784 textus
1036 1729 1126 1801 magis
1145 1728 1291 1784 stabiliunt
1307 1746 1391 1800 quam
1409 1734 1545 1784 evertunt.
1579 1734 1603 1784 6.
1621 1729 1664 1782 Ex
1683 1727 1765 1782 LXX

63 1821 163 1887 captos
184 1831 252 1883 esse,
272 1814 401 1870 observa:
431 1822 452 1871 1.
475 1815 584 1870 Puncta
601 1813 708 1869 vocalia
727 1832 787 1870 esse
806 1831 902 1870 recens
928 1813 1110 1887 interpretum
1133 1816 1270 1882 versione,
1297 1831 1369 1885 quae
1395 1813 1478 1868 hodie
1502 1831 1558 1869 non
1582 1813 1700 1885 amphus
1726 1814 1766 1867 in·

63 1901 208 1958 inventum
226 1899 405 1968 ludaeorum,
422 1900 495 1955 falsa
512 1906 554 1956 est
571 1899 746 1971 hypothesis,
767 1907 798 1954 ut
815 1899 844 1953 in
860 1915 900 1954 se·
928 1907 1060 1971 corrupta
1089 1907 1193 1969 exstat,
1223 1918 1279 1955 non
1308 1906 1399 1971 potest
1428 1899 1556 1970 probari,
1585 1900 1765 1955 mutationem

63 1993 168 2058 qneutc
195 1985 287 2057 capite
310 1986 480 2056 videbimus,
512 2004 545 2042 ex
574 2001 608 2041 ea
634 1986 720 2058 igitur
746 1985 902 2057 comptela
928 1986 1050 2057 aliquam
1069 1986 1099 2041 in
1116 1987 1244 2042 Hebraeo
1262 1993 1340 2042 textu
1360 1986 1446 2041 fnisse
1469 1986 1587 2055 factam,
1614 1985 1666 2040 hoc
1691 1984 1764 2038 enim

62 2078 155 2128 textus
174 2070 307 2127 Hebraici
332 2072 444 2142 probari
467 2072 570 2143 nequit
607 2077 630 2127 2.
657 2070 686 2126 Si
711 2073 755 2127 vel
783 2071 901 2127 maxime
928 2078 1001 2133 esset
1027 2090 1060 2128 ex
1084 2071 1181 2127 rivulis
1205 2072 1240 2128 de
1262 2072 1352 2136 13313,
1376 2091 1409 2128 ex
1427 2079 1553 2127 normate
1570 2072 1606 2126 ds
1624 2087 1719 2125 norma
1738 2078 1767 2124 ct

60 2158 166 2215 ludaei
184 2157 249 2212 odio
266 2156 438 2212 Christianae
457 2156 599 2229 religionis
616 2156 776 2212 Hebraeum
795 2164 901 2214 textum
926 2158 1024 2231 regula
1050 2159 1120 2214 velle
1141 2158 1280 2229 judicium
1308 2159 1393 2226 ferre,
1420 2177 1483 2214 cum
1510 2155 1646 2213 manerio
1672 2154 1905 2226 poemiam.

62 2259 239 2313 corrumpere
258 2241 424 2310 voluissent,
443 2243 517 2313 quod
534 2242 610 2313 ipsos
628 2243 714 2299 fuisse
732 2261 814 2299 susos
833 2260 900 2297 non·
926 2245 1022 2301 ordine
1040 2244 1076 2299 sit
1093 2244 1333 2317 progrediendum

62 2329 130 2383 dum
149 2329 378 2396 demonstratum,
405 2328 525 2399 idipsum
547 2334 641 2384 tamen
659 2329 728 2383 nihil
751 2330 900 2400 quicquam
962 2337 1020 2388 32ῖ.
1047 2330 1239 2385 Rabbinorum
1262 2337 1291 2386 et
1313 2337 1424 2401 patrum
1449 2331 1622 2402 quorundam
1641 2330 1763 2386 testim·

61 2412 268 2486 praejudicaret
292 2413 402 2469 divinae
429 2414 635 2484 providentiae,
661 2431 732 2486 quae
756 2415 899 2487 integrita-
926 2416 979 2470 niis
1003 2416 1057 2471 hoc
1081 2416 1290 2473 obvertendum.
1331 2424 1351 2471 1.
1370 2415 1404 2468 R.
1422 2415 1583 2470 Benchaiim
1602 2413 1765 2470 Tunetanus

60 2507 121 2557 tsm'
143 2497 303 2571 Scripttsrae
332 2507 391 2554 tam
421 2505 518 2554 contra
543 2499 713 2566 ludaeorum
739 2501 900 2569 mohtiones,
926 2502 1029 2557 diserte
1054 2500 1192 2572 improbat
1220 2500 1329 2555 illorum
1354 2499 1527 2571 opinionem,
1554 2501 1602 2572 qui
1628 2505 1764 2567 statuum,

61 2604 148 2660 quam
179 2592 360 2670 tyrannorum
386 2585 593 2657 persecutiones
618 2603 780 2643 conservare
802 2587 900 2656 potuit.
926 2588 955 2643 in
972 2589 1133 2660 captivitate
1145 2589 1318 2659 Babylonica
1336 2587 1502 2658 exemplaria
1515 2587 1666 2643 bibliorum
1677 2585 1764 2641 fuisse

61 2678 86 2726 3.
105 2671 223 2750 Ε’ἿΒΡ
246 2674 318 2743 tauta,
345 2671 529 2725 correctiones
553 2672 721 2737 ammarum,
744 2673 778 2728 de
800 2672 901 2745 quibus
919 2682 1064 2746 corrupta.
1096 2676 1246 2742 Sarterstia,
1266 2674 1365 2745 inquit,
1386 2673 1500 2727 illorum
1519 2674 1696 2742 1331933313
1715 2690 1765 2740 me,

60 2757 153 2812 multa
175 2756 262 2812 tradit
284 2755 432 2812 Galatinus
457 2755 505 2811 lib.
530 2763 552 2812 1.
577 2758 612 2813 de
638 2775 730 2816 33333,
755 2776 778 2813 c.
804 2765 828 2814 8.
845 2776 901 2813 non
926 2780 976 2816 nec
996 2763 1069 2816 enim
1087 2762 1195 2815 adduci
1208 2779 1338 2832 pessum,
1363 2766 1392 2813 ut
1414 2761 1526 2813 credam
1549 2768 1574 2812 et
1598 2758 1684 2812 labiis
1701 2775 1765 2812 con·

60 2842 197 2914 probant,
219 2843 405 2915 corruptelam
433 2842 555 2914 aliquam
580 2845 667 2899 textui
684 2845 770 2900 fuisse
786 2845 901 2901 illatam
921 2851 1022 2919 fitcar,
1049 2850 1155 2902 Earum
1173 2848 1294 2901 combam
1315 2847 1385 2916 legis
1403 2846 1505 2899 librum
1524 2853 1549 2900 et
1562 2843 1766 2915 prephetarum

60 2929 103 2987 Ut
128 2930 203 2984 enim
224 2935 300 2985 recte
317 2937 410 2985 monet
426 2929 556 2984 Bellarm.
576 2930 624 2985 lib.
644 2938 667 2987 2.
689 2931 723 2985 de
744 2932 828 2987 verbo
847 2922 901 2986 Dei
927 2936 1014 2989 libros
1041 2935 1140 2988 dubios
1165 2941 1310 3004 saeptos
1329 2941 1356 2987 et
1374 2935 1507 2997 confusos
1524 2931 1673 2994 invenisse,
1699 2929 1766 2999 quin

61 3035 87 3070 c.
108 3023 140 3072 2:
159 3017 218 3070 Aut
234 3017 311 3082 forte
328 3033 384 3070 non
401 3024 441 3070 est
458 3034 561 3083 vanus,
579 3017 668 3070 ullam
685 3019 902 3072 emendationem
928 3023 1018 3091 mapis
1041 3021 1177 3074 sententia
1194 3039 1255 3074 mea
1274 3019 1342 3073 nuce
1360 3027 1415 3087 est,
1439 3020 1515 3087 quod
1533 3020 1645 3072 Esdrua
1664 3024 1689 3069 et
1709 3016 1766 3068 col-

61 3103 214 3156 billiorum
229 3105 338 3166 factam
358 3120 377 3156 a
395 3104 493 3156 scribis
509 3108 583 3172 (cum
600 3105 631 3157 in
648 3114 744 3159 rseutro
762 3105 903 3159 Thnlmud
928 3109 1006 3177 lepae
1023 3109 1085 3177 ejus
1104 3107 1256 3160 invenerim
1275 3105 1362 3158 biblia
1379 3122 1465 3158 sacra
1485 3105 1592 3171 integra
1611 3110 1636 3155 et
1654 3102 1766 3166 illaesa,

60 3190 145 3243 istim
164 3189 275 3243 Titulus
286 3190 343 3256 fiat
360 3188 470 3256 mendo,
489 3191 678 3261 acdosepltus
696 3190 743 3245 lib.
764 3197 789 3244 1.
806 3199 902 3244 contra
928 3197 1056 3264 quodque
1082 3195 1194 3247 Ecetras
1214 3191 1327 3260 judicio
1354 3208 1405 3244 suo
1432 3189 1600 3258 cognoverit,
1625 3188 1675 3256 qui
1701 3186 1769 3239 libri

61 3276 204 3346 Apionem
235 3283 361 3344 uantur,
391 3276 500 3330 nullent
530 3296 654 3346 unquam
676 3277 790 3332 literam
816 3285 902 3330 muta-
927 3280 1029 3349 empti
1050 3286 1137 3332 essent
1153 3293 1211 3346 per
1235 3276 1404 3345 sapientiam
1430 3275 1511 3328 illam
1541 3272 1714 3326 excellentem
1741 3279 1767 3324 et

61 3371 122 3416 tam
142 3362 234 3427 fuisse
260 3363 291 3416 in
317 3362 376 3430 leue
402 3363 437 3415 ab
461 3363 599 3417 Hebraeis
622 3364 809 3434 popularibus
835 3364 902 3431 suis,
929 3351 1017 3435 quare
1034 3364 1173 3433 quasdam
1195 3362 1294 3416 literae
1316 3362 1513 3428 scriberentur,
1537 3360 1677 3429 thedam
1701 3374 1766 3411 uero

61 3465 180 3518 cumque
197 3465 246 3502 nec
265 3447 446 3518 Epiphanius
462 3466 512 3502 nec
533 3451 721 3518 Hieronymus
738 3451 822 3519 hujus
843 3468 901 3503 cor·
928 3469 995 3518 non,
1019 3467 1106 3519 quare
1124 3449 1208 3502 etiam
1227 3448 1362 3502 dictiones
1379 3448 1517 3516 quaedam
1534 3453 1680 3499 munusue
1697 3444 1767 3497 scri·

61 3535 197 3589 rationis
212 3536 375 3588 mentionem
386 3534 531 3604 fecerint)
546 3540 595 3589 ant
607 3534 630 3588 si
649 3536 757 3589 Tiktun
771 3535 902 3605 Sephrim
924 3545 995 3606 ptae
1014 3544 1114 3599 333331,
1133 3535 1292 3604 dimisitque
1311 3551 1359 3587 eas
1379 3534 1409 3587 in
1428 3535 1490 3603 ipso
1508 3539 1581 3586 testu
1599 3538 1629 3584 ut
1645 3530 1768 3599 scriptas

62 3638 121 3675 non
139 3629 179 3674 est
194 3621 310 3690 sabula,
334 3639 388 3675 non
406 3622 459 3675 erit
478 3622 632 3690 corruptio,
655 3623 707 3674 scd
732 3638 798 3675 vera
816 3638 902 3674 emen·
929 3628 1022 3689 33331,
1052 3622 1190 3691 adjiciens
1217 3621 1247 3674 in
1273 3621 1400 3689 margine
1426 3622 1500 3675 celest
1527 3619 1665 3688 atessam,
1695 3633 1767 3686 quae

63 3708 162 3771 daia,
189 3709 273 3774 fucta
297 3725 353 3761 non
380 3725 398 3760 a
424 3707 628 3776 quibuscunque
653 3707 767 3776 scriba,
793 3709 845 3761 sed
868 3708 904 3760 ab
929 3717 1059 3761 naturam
1086 3708 1216 3761 vocabuli
1243 3709 1368 3762 eutranei
1393 3707 1554 3776 explicaret
1601 3709 1626 3760 2.
1656 3701 1768 3756 Matura

64 3794 167 3846 Esdra
183 3801 210 3847 et
231 3793 348 3862 reliquis
372 3794 441 3846 uiris
462 3810 621 3861 sryncpopee
644 3809 777 3861 nmqncse,
801 3794 904 3847 sanetis
930 3794 1051 3850 evidenti
1068 3793 1225 3849 testimonio
1244 3792 1346 3849 refellit
1363 3792 1554 3848 Rabbinorum
1571 3789 1685 3845 istorum
1703 3785 1766 3857 opi-

63 3879 126 3934 scu.
139 3878 301 3949 prophetis,
327 3879 376 3948 qui
394 3878 595 3947 pertraditum
614 3895 646 3932 ea
664 3879 826 3948 captivitate
844 3882 902 3934 Ba·
929 3881 1053 3945 monem,
1078 3880 1127 3950 qui
1152 3880 1181 3934 in
1198 3885 1277 3934 tenu
1293 3878 1422 3935 Hebraeo
1440 3875 1627 3947 corruptelam
1643 3873 1766 3945 aliquam

64 3964 196 4033 bytom
213 3964 300 4017 libros
317 3980 414 4016 sacrm
433 3962 592 4016 reciderunt
609 3971 635 4017 et
653 3966 802 4018 incertum
827 3967 904 4019 ordi·
930 3967 1034 4021 factam
1051 3982 1112 4021 esse
1130 3972 1265 4023 morunt
1301 3971 1324 4021 3.
1342 3965 1483 4034 lustinus,
1508 3962 1642 4034 Origenes
1666 3966 1694 4015 et
1712 3958 1768 4013 Eu·

64 4068 130 4104 sem
155 4051 326 4117 redepenmt.
367 4047 525 4103 Buxtorlius
550 4049 659 4119 statuit,
692 4049 820 4122 Sophrim
842 4050 904 4106 illos
930 4052 1022 4108 sebius
1045 4068 1100 4106 non
1126 4051 1162 4105 de
1185 4056 1264 4107 textu
1279 4050 1416 4120 Hebraeo,
1428 4049 1486 4105 'sed
1504 4049 1539 4103 de
1556 4047 1666 4104 Graeca
1683 4043 1766 4098 LXX

64 4135 154 4192 fnisse
170 4135 245 4206 ipsos
269 4140 394 4190 auctores
419 4150 526 4199 sacros,
553 4133 671 4206 Moysen
694 4140 723 4190 et
745 4136 904 4208 prophetas,
930 4137 1111 4209 interpretum
1139 4137 1265 4192 versione
1301 4136 1466 4206 loquentiu,
1502 4134 1614 4205 quando
1644 4130 1767 4187 ludaeos

65 4222 116 4294 qui
140 4237 284 4292 nunquam
307 4219 386 4276 aliter
413 4220 596 4292 scripserunt,
623 4239 707 4293 quam
731 4221 815 4277 hodie
839 4223 904 4278 scri·
930 4222 1036 4278 textum
1059 4222 1192 4278 biblicum
1219 4221 1374 4292 corrupisse
1398 4219 1523 4276 scribunt
1542 4218 1643 4273 Jusein
1661 4216 1691 4269 in
1710 4213 1768 4267 dis·

64 4314 146 4380 ptum
169 4308 280 4378 legitur.
315 4307 355 4361 At
378 4307 517 4378 sapientes
535 4307 726 4364 Hebraeorum
751 4310 905 4364 nasutiores
929 4310 985 4381 log.
1010 4326 1073 4364 cum
1098 4309 1240 4380 Tryphon.
1268 4327 1293 4380 p.
1322 4313 1380 4363 231.
1422 4306 1502 4360 Scire
1528 4323 1576 4359 uos
1602 4301 1665 4355 nole
1691 4299 1768 4368 qrtod

65 4393 319 4448 animadvertemus
346 4392 595 4449 inconvenientiam
623 4396 764 4466 quandam
788 4396 817 4450 in
844 4394 904 4449 istis
931 4395 1061 4464 maqsirtri
1078 4395 1163 4448 uestri
1181 4394 1282 4448 inultm
1296 4403 1322 4447 et
1335 4395 1457 4460 integros
1466 4408 1586 4462 prorsus
1600 4389 1676 4442 locos
1690 4385 1767 4439 Scri·
1793 4452 1798 4457 ι

64 4477 148 4548 loch,
172 4478 327 4550 scripsisse,
351 4480 427 4551 quod
449 4480 529 4536 aliter
552 4480 600 4535 isti
617 4486 744 4536 auctores
763 4480 839 4551 loqui
859 4481 905 4535 de·
926 4489 1077 4550 pturarum
1101 4497 1134 4534 ex
1159 4478 1339 4535 translatione
1362 4478 1486 4545 illorum,
1514 4475 1562 4546 qui
1587 4491 1651 4528 cum
1674 4470 1769 4526 Ptole·

64 4563 180 4620 buerint
205 4569 233 4619 et
262 4565 415 4620 secuudum
443 4565 647 4621 cohaerentiam
674 4574 765 4622 textus
793 4565 834 4621 sic
861 4565 906 4621 vel
931 4583 1010 4622 maeo
1036 4565 1127 4632 fuere,
1153 4565 1292 4637 seniorum
1316 4563 1490 4629 sustulerint,
1516 4562 1545 4615 in
1569 4559 1670 4631 quibas
1693 4558 1768 4612 clarc
1875 4629 1882 4635 ᾖ

65 4652 109 4707 sic
128 4649 264 4720 scribere,
289 4651 338 4707 sed
361 4670 412 4724 pro
431 4670 464 4708 eo
481 4653 618 4707 maluisse
630 4653 670 4707 sic
688 4653 810 4708 scribere
831 4660 859 4708 et
876 4653 906 4706 id
930 4654 1004 4707 hunc
1040 4651 1130 4722 ipsum
1164 4650 1326 4706 crucifixum
1355 4650 1448 4706 Deum
1485 4656 1514 4703 et
1542 4646 1680 4701 hominem
1708 4660 1768 4699 esse

64 4738 108 4793 sic
134 4735 247 4807 311333,
275 4745 306 4792 ut
332 4736 414 4792 hodie
439 4743 482 4792 est
501 4737 530 4791 in
554 4745 645 4807 textu3
672 4739 737 4793 inde
762 4739 796 4794 R.
822 4738 905 4793 Abcn
932 4756 1050 4810 eumque
1078 4737 1107 4791 in
1135 4754 1218 4794 cruce
1242 4737 1363 4809 pendere
1390 4741 1420 4792 et
1448 4733 1530 4801 mori,
1559 4730 1768 4804 pronuntiatum

64 4824 141 4880 am
157 4823 196 4879 ad
215 4823 322 4895 aliquot
341 4822 406 4878 locs
424 4822 520 4879 irridet
539 4831 662 4892 assutos,
679 4823 808 4894 inquiens
826 4825 904 4878 nullo
932 4841 993 4880 esse
1018 4823 1180 4878 ostenditur.
1230 4830 1254 4880 t.
1285 4822 1425 4894 chrysost
1454 4820 1527 4876 hom.
1557 4827 1579 4873 5.
1610 4818 1640 4872 in
1669 4815 1768 4872 Matth.

68 4910 182 4964 Titiana
200 4927 269 4980 opus
279 4911 388 4976 fuisse,
414 4908 466 4964 hoc
485 4914 541 4977 est,
568 4909 638 4963 nihil
660 4925 733 4978 esse,
758 4909 833 4980 quod
855 4926 904 4965 na·
931 4910 1045 4965 Hieron.
1065 4910 1095 4963 in
1113 4909 1192 4980 epist.
1213 4909 1250 4964 ad
1267 4907 1471 4981 augustinum,
1489 4921 1560 4976 quae
1579 4911 1622 4959 ost
1641 4910 1679 4960 11.
1698 4902 1770 4958 inter

65 4997 124 5052 suti
141 4995 190 5050 isti
209 4995 348 5067 sapientes
366 4994 499 5066 putarint,
516 5000 657 5050 auctorem
677 4994 808 5050 debuisse
826 4996 906 5051 aliter
932 4996 1064 5066 epistolas
1074 4995 1234 5066 Augustini,
1253 4996 1288 5050 ds
1305 4992 1501 5063 interpretibus
1515 4989 1640 5060 ludaeis,
1657 4989 1769 5060 Aquila,

64 5081 108 5139 ibi
124 5081 202 5154 loqui
221 5082 266 5138 vel
289 5081 417 5137 scribere.
453 5081 563 5135 Marcus
586 5080 711 5135 Marinus
735 5081 763 5135 in
788 5082 904 5151 praefat
931 5082 1097 5153 Symmacho
1118 5088 1147 5136 et
1164 5081 1368 5147 Theodotione,
1387 5079 1552 5149 loquuntur,
1572 5075 1646 5147 quod
1664 5075 1693 5130 ia
1710 5074 1769 5129 suis

64 5169 160 5222 &cae
178 5167 269 5224 Noae:
294 5168 405 5221 Juduei
422 5170 457 5221 dc
475 5168 518 5220 Iris
538 5168 649 5220 Tikkrm
668 5167 799 5236 Scptrim
817 5170 906 5222 aliam
931 5166 1204 5239 interpretationibus
1234 5167 1269 5220 de
1297 5164 1427 5219 Hebraeo
1456 5162 1486 5217 in
1512 5162 1651 5218 Graecum
1680 5161 1769 5217 multa

64 5254 232 5309 3331331333
257 5256 353 5324 (quam
380 5269 452 5325 qnae
477 5251 602 5308 Galatini
627 5257 679 5320 est)
706 5254 847 5323 habmus,
873 5257 907 5308 id
931 5270 1078 5325 perperam
1100 5252 1243 5322 posuerint
1260 5251 1289 5305 in
1306 5248 1401 5305 odium
1419 5247 1592 5304 Christianae
1609 5247 1674 5304 lidsi
1693 5255 1721 5303 et
1740 5249 1770 5302 in

64 5348 155 5396 musas
177 5340 285 5408 rideat;
310 5358 377 5394 nam
402 5339 462 5394 iltis
483 5348 576 5393 retum
593 5347 620 5392 ct
631 5340 747 5408 firmum
763 5349 811 5408 est,
830 5341 905 5396 Scri-
930 5338 1171 5410 reprehensionem
1195 5337 1278 5392 LXX
1299 5337 1489 5407 interpretum.
1531 5335 1567 5389 Id
1587 5351 1653 5390 vero
1677 5339 1770 5389 textus

60 5435 180 5499 ueram
197 5444 310 5480 samam
328 5446 347 5480 a
360 5428 512 5498 prophetis,
529 5435 560 5481 ut
577 5426 783 5493 nunciabatur,
802 5429 906 5482 deseri
931 5425 1063 5482 Hebraici
1078 5423 1229 5494 integritati
1241 5421 1311 5477 nihil
1322 5421 1472 5495 quicquam
1488 5421 1669 5492 praejudicat.
1702 5426 1726 5474 5.
1738 5417 1768 5474 Si

58 5521 145 5586 flam
161 5529 305 5582 nunqum
322 5513 495 5568 imrnsstntam
515 5512 613 5578 friusa
649 5518 673 5567 t.
690 5512 733 5565 Ex
757 5512 838 5567 unius
861 5514 906 5569 vel
930 5516 962 5574 in
982 5511 1075 5584 specie
1097 5512 1287 5567 emminentur
1309 5508 1384 5577 loos,
1411 5524 1484 5578 quac
1505 5505 1637 5561 lustinus
1662 5505 1731 5558 dicit
1752 5519 1771 5557 a
