3984 6022
624 129 629 139 ·
699 113 1136 211 nnmmmuaesaoru
1702 128 1761 197 tea

71 281 132 339 etp.
155 270 203 322 tt:
225 267 360 323 ’θεῶν
387 267 589 325 Μυονία-7.
620 270 653 324 T.
683 270 727 325 cst
756 270 901 338 waogelia
930 277 1042 328 externo
1069 272 1358 346 suqooogrnsnro
1381 272 1429 331 rel
1447 272 1506 331 talc
1529 272 1664 333 mittite
1685 275 1764 333 tuti-

69 352 180 421 Morei,
204 354 300 408 neas
316 361 365 408 ete.
385 371 445 411 eree
462 357 600 411 conoeioo
617 356 733 426 scripto,
751 358 809 413 a'mo
826 357 904 412 telier
929 358 1033 427 monio,
1051 358 1102 415 aed
1119 358 1204 415 insita
1221 359 1300 416 vorbi
1318 359 1472 431 praedicati
1491 360 1644 432 majestate,
1663 360 1776 421 divinis

67 440 257 495 morticinae
272 440 444 511 Seriptrtros',
464 461 519 496 oon
539 450 580 497 eet
594 443 903 498 omnioooecersoriars
929 450 999 514 tate,
1026 445 1160 502 efficacia.
1200 447 1276 519 Ergo
1295 448 1377 503 etiam
1396 455 1429 503 ut
1446 447 1549 518 scripto
1566 448 1651 505 verbo
1667 449 1763 506 creda-

67 528 107 579 od
129 527 263 595 relcuom,
289 529 367 597 qaod
383 529 444 582 eice
458 530 520 596 fide
539 530 592 583 hac
611 530 694 584 malti
709 530 816 584 solenti
830 538 903 598 eunt,
929 548 1004 601 mus,
1036 550 1091 588 non
1116 550 1306 605 permovemur
1331 540 1444 591 externo
1470 535 1565 607 aliquo
1589 543 1760 607 argumento,

67 621 217 682 arueqrsom
237 613 401 684 Scripturas
424 623 616 671 sacrarentur.
656 614 735 672 atsi
757 617 809 673 boc
833 617 903 673 acite
929 618 974 672 rel
997 619 1055 674 eolo
1081 621 1212 677 ecclesiae
1236 622 1406 691 testimonio,
1430 621 1480 676 sed
1502 621 1587 677 insita
1603 620 1762 693 Scriptum

66 716 122 753 non
145 706 191 754 eet
217 701 402 756 neoeuanum
426 702 462 756 ad
487 703 619 773 salutem,
644 704 781 776 quomodo
803 678 1088 777 imper-{majescum
1115 705 1275 776 divinitate,
1300 706 1434 764 efficacia.
1477 713 1501 764 t.
1526 707 1762 780 Distinguendum

66 784 153 840 tectio
172 783 330 856 Scriptum
354 805 388 842 ex
408 804 440 843 eo
461 788 643 844 demonstrari
661 790 771 861 potest?
808 797 832 846 2.
849 790 904 846 Re-
930 789 1001 843 inter
1030 789 1081 844 hae
1101 793 1286 863 quaestiones,
1322 811 1360 846 oo
1376 792 1549 862 warpeiiom
1568 794 1709 848 Matthaei
1725 795 1763 850 sit

69 877 222 943 cognoseat
238 871 322 927 etiam
340 890 380 942 ea,
400 891 473 946 quae
490 875 628 931 habentur
645 874 709 934 libr.
730 881 751 932 l.
771 877 807 932 de
818 876 903 932 verbo
929 877 1092 930 canonicum
1135 887 1176 931 et·
1199 897 1237 933 on
1280 879 1450 948 evangelium
1488 880 1632 934 Matthaei
1666 881 1705 934 sit
1742 899 1762 935 o

67 958 121 1014 Dei
152 976 176 1014 c.
202 964 232 1015 2:
263 959 362 1016 Sacris
387 961 556 1032 Scriptum,
586 980 658 1032 quoe
678 964 853 1033 propheticis
877 970 904 1017 et
930 962 1076 1017 Mattiaco
1098 965 1240 1033 emptum.
1275 964 1357 1019 Prius
1376 964 1497 1034 pertinet
1515 967 1657 1034 adsidam
1675 967 1761 1022 soloi-

56 1046 236 1114 opottolicie
255 1047 346 1101 literis
363 1049 545 1118 continenter,
564 1049 637 1104 nihil
654 1058 695 1105 est
713 1051 813 1119 cotiae,
831 1050 904 1103 nihii
922 1049 1024 1118 ficem,
1049 1050 1187 1120 posterius
1211 1052 1252 1104 osi
1276 1051 1457 1119 coguitionem
1474 1051 1644 1109 historicam.
1680 1052 1761 1109 Prius

68 1135 181 1187 retias.
200 1134 371 1188 Notireimoc
390 1152 464 1204 esee,
484 1136 562 1189 testis
580 1144 621 1191 ert
632 1138 710 1191 orhth
726 1136 904 1191 Christianae
930 1135 990 1190 sola
1012 1136 1145 1192 ecclesiae
1170 1136 1326 1192 testificatio
1352 1137 1518 1208 persuadere
1537 1139 1646 1211 nequit,
1671 1147 1761 1210 poste

70 1227 95 1272 et
128 1221 274 1275 contentio
308 1222 430 1275 omnium
459 1222 594 1290 pontiam,
633 1224 714 1291 opud
743 1240 814 1293 quoe
839 1222 903 1292 jam
931 1222 987 1276 rius
1010 1239 1076 1276 vero
1099 1222 1214 1292 probat.
1241 1221 1291 1279 sed
1315 1240 1370 1277 nou
1393 1223 1513 1294 pertinet
1535 1223 1604 1279 illud
1623 1224 1660 1279 ad
1677 1224 1762 1281 fidem

70 1304 167 1359 maits‘e
184 1307 287 1360 eeealie
304 1308 498 1362 arctor-itatem
516 1309 707 1379 obtinuerunt5
733 1309 904 1364 certissimae
931 1306 1090 1362 salvificam.
1126 1312 1150 1362 8.
1168 1308 1260 1380 Urget
1275 1307 1471 1364 Bellarminus:
1502 1310 1537 1364 si
1557 1310 1625 1364 hoec
1642 1312 1761 1367 traditio

14 1390 58 1437 Ἀ
70 1399 164 1446 mem
180 1408 215 1446 oc
232 1393 391 1450 certem
411 1411 483 1464 csso,
502 1412 552 1449 oso
570 1396 692 1449 humano
709 1395 834 1463 inrecto,
853 1397 904 1448 aeci
930 1395 971 1447 ast
989 1413 1040 1448 nor
1054 1396 1200 1464 pertenire
1216 1395 1324 1464 poterit,
1344 1413 1395 1448 our
1411 1413 1466 1450 ooo
1479 1413 1535 1466 per
1552 1398 1668 1451 eoadem
1687 1399 1762 1452 mam

70 1478 170 1534 divina
198 1481 317 1535 maaria
335 1481 484 1546 continere,
510 1481 588 1534 tertie
614 1489 654 1535 est
678 1481 782 1535 aerios
807 1481 904 1534 votici-
929 1487 1077 1548 potueruut
1098 1482 1183 1537 etiam
1207 1482 1283 1536 oliae
1301 1484 1470 1551 peruenire!
1492 1483 1586 1553 ,Itomz
1622 1484 1670 1538 Vel
1692 1485 1761 1539 haee

70 1567 188 1635 cierunt,
205 1566 381 1622 incredibilis
399 1576 544 1621 auctorum
562 1567 684 1638 illoram,
703 1568 753 1639 qai
771 1585 818 1622 eae
835 1568 902 1621 rori·
929 1567 1048 1621 trorh'tio
1074 1576 1114 1621 eet
1141 1569 1252 1622 cabum
1275 1570 1336 1623 Dei
1356 1569 1400 1622 oei
1421 1588 1485 1626 oon.
1522 1569 1556 1624 Si
1579 1589 1648 1635 ooo,
1675 1571 1762 1639 igitar

64 1660 198 1722 premnt,
220 1655 379 1708 concordio.
411 1654 499 1727 Atqui
521 1654 543 1709 si
564 1653 714 1725 Scripturis
734 1654 818 1709 sacris
837 1654 905 1710 nihil
929 1670 984 1706 ooo
1007 1654 1137 1708 habenas
1153 1656 1256 1725 fidem,
1274 1657 1349 1725 fides
1377 1657 1449 1710 enim
1472 1656 1572 1710 odiar
1596 1658 1678 1713 uerbo
1696 1660 1762 1714 Dei.

68 1737 177 1808 notius,
208 1738 279 1793 nihil
309 1739 424 1810 certius,
455 1740 590 1813 quomodo
622 1759 655 1796 ex
687 1740 741 1796 alio
767 1739 903 1812 principio
931 1740 965 1793 Si
981 1741 1035 1807 eie,
1061 1757 1111 1794 cor
1130 1758 1196 1810 erpo
1215 1741 1352 1811 clamant,
1373 1743 1480 1797 nolim
1499 1760 1558 1798 erse
1574 1745 1685 1799 cabum
1703 1745 1762 1799 Dei

67 1823 179 1879 illarum
203 1824 354 1881 notifia'et
377 1825 514 1883 certitudo
536 1827 595 1899 peti
614 1826 736 1900 poterit?
772 1832 795 1884 3.
822 1827 902 1894 Quod
929 1826 987 1879 oiri
1002 1828 1157 1896 comptam!
1175 1827 1260 1899 Reep.
1281 1833 1324 1883 est
1341 1830 1460 1885 maxime
1479 1829 1573 1900 dispar
1589 1830 1659 1886 ratio
1678 1830 1761 1902 hujus

68 1909 97 1965 hi
121 1910 186 1965 libri
210 1917 238 1966 et
254 1929 310 1966 non
329 1912 376 1966 alii
393 1913 449 1968 sint
467 1913 539 1968 sacri
558 1919 586 1969 et
604 1914 744 1984 canonici,
769 1919 811 1969 est
829 1913 902 1984 prin·
930 1912 1087 1967 uaditiouis
1116 1912 1332 1981 ecclesiasticae,
1364 1931 1437 1985 qnae
1465 1914 1613 1986 Scriptnris
1641 1922 1685 1972 eet
1711 1934 1763 1987 per

69 1996 173 2067 cipinm
197 1996 233 2052 ab
256 2003 373 2069 utraque
399 2003 477 2069 parte
502 2016 678 2068 concessum,
700 2017 756 2055 non
782 2016 849 2071 ergo
867 2002 902 2054 dc
929 1999 1021 2053 omnis
1044 1998 1192 2054 conformis
1216 2000 1290 2072 (lege
1313 1999 1387 2054 euim
1402 1999 1486 2054 libros
1504 2001 1650 2057 canonicos
1667 2008 1698 2058 et
1714 2001 1763 2058 he·

70 2083 223 2153 empore
256 2099 320 2138 cum
347 2084 464 2139 adversa
495 2092 575 2155 parte
605 2084 819 2157 disputandum,
853 2086 902 2142 sed
930 2084 1008 2139 bobis
1035 2084 1081 2154 id,
1107 2086 1182 2157 quod
1206 2085 1323 2141 ecelesia
1344 2103 1395 2157 pro
1416 2085 1500 2141 verbo
1518 2087 1572 2142 Dei
1592 2088 1671 2142 nohis
1688 2105 1761 2145 com·

68 2187 102 2223 ec
121 2166 287 2239 Scriptura,
314 2186 397 2241 quam
423 2171 534 2243 utrique
557 2170 679 2226 divinam
700 2189 759 2226 esse
777 2172 900 2245 agnosci·
928 2170 1068 2237 mandat),
1088 2188 1121 2226 ac
1138 2172 1307 2244 reliquarum
1324 2171 1519 2240 traditionum,
1540 2189 1611 2244 queo
1631 2191 1648 2228 a
1666 2175 1762 2231 Ponti·

68 2272 138 2325 mus,
158 2254 194 2309 de
211 2255 386 2327 dogmatibus
403 2256 586 2312 controversis
605 2258 751 2330 agendum.
775 2265 799 2316 i.
814 2257 902 2324 Quae·
928 2255 997 2310 ficiis
1015 2256 1096 2312 nobis
1115 2258 1309 2326 obtruduntur,
1328 2274 1400 2330 quae
1419 2258 1546 2328 nuspiam
1564 2259 1593 2314 in
1612 2259 1762 2331 Scripturis

67 2341 121 2397 stio
144 2340 207 2406 illa,
233 2343 306 2395 oncle
329 2342 385 2396 eois
403 2342 581 2411 Scriptorum
607 2360 665 2397 ecte
690 2345 830 2416 divinam,
863 2354 901 2400 ert
928 2341 1113 2398 inveniuntur.
1148 2343 1274 2400 Ecclesia
1299 2359 1350 2398 sua
1376 2345 1412 2398 de
1436 2359 1543 2400 canone
1567 2345 1762 2403 testificatione

67 2427 113 2483 rel
152 2427 374 2498 incredulitatis,
415 2429 527 2500 quando
559 2435 683 2485 moretur
715 2448 733 2486 a
761 2431 902 2488 Panatieis
928 2443 984 2482 non
1001 2445 1104 2483 novum
1121 2429 1243 2502 aliquem
1260 2428 1326 2484 fidei
1343 2429 1488 2484 mtioulum
1501 2436 1578 2486 extra
1590 2430 1762 2503 Scripturam

68 2514 242 2585 Scriptursm
269 2532 327 2571 esse
352 2515 406 2572 Dei
428 2516 542 2572 verbum
568 2516 750 2589 negantibus,
778 2519 822 2574 rel
836 2538 901 2591 por·
928 2513 1009 2569 nobit
1032 2516 1177 2585 proponit·
1205 2517 1254 2572 ted
1272 2516 1350 2571 velut
1366 2533 1451 2571 081108
1468 2516 1627 2573 minittrssnt
1644 2524 1763 2575 testam

65 2601 219 2670 versitatis,
236 2602 348 2673 qnando
365 2609 490 2658 movetur
507 2621 525 2659 a
541 2603 694 2658 Pontificiis
711 2605 902 2661 anctoritatem
930 2600 965 2655 de
983 2617 1030 2669 00,
1050 2602 1125 2672 quod
1143 2601 1172 2655 in
1190 2601 1324 2657 monica
1344 2601 1486 2674 Scriptura
1506 2611 1607 2674 exstat,
1632 2606 1762 2678 quodque

66 2687 230 2762 Scripturae
255 2688 291 2744 ab
319 2690 437 2746 ecclesie
461 2691 708 2762 suspendentibus3
734 2690 777 2748 vel
802 2694 901 2747 ‹looiti-
928 2693 1062 2758 perpetuo
1085 2688 1220 2743 ecelesiae
1244 2706 1379 2744 consensu
1403 2696 1547 2763 receptum
1573 2698 1601 2747 ot
1618 2708 1762 2748 conserva-

66 2775 152 2846 toris,
181 2775 292 2847 qnando
319 2775 434 2833 ofideli
457 2783 485 2833 et
507 2777 580 2831 intra
607 2776 740 2833 ecclesiae
762 2778 903 2848 pomoeria
928 2779 994 2827 tum·
1047 2773 1117 2829 Item
1146 2774 1258 2846 quando
1288 2776 1405 2832 eeclesia
1432 2778 1470 2833 de
1498 2782 1611 2834 anctore
1643 2779 1761 2849 alicujus

66 2861 220 2918 constituto
242 2863 412 2935 proponitur.
448 2870 472 2920 5.
495 2862 614 2929 Quando
636 2863 706 2932 illis,
733 2863 781 2936 qui
798 2865 902 2920 dociles
928 2857 992 2913 libri
1012 2866 1136 2928 testatur,
1156 2860 1262 2930 profert
1280 2861 1317 2926 id,
1336 2863 1411 2933 quod
1430 2863 1574 2935 inscriptio
1591 2863 1656 2941 libri
1668 2862 1761 2919 habet.

66 2953 147 3018 sunt,
168 2949 410 3006 demonstrandum
429 2956 484 3019 est,
512 2949 620 3021 aliquos
639 2948 724 3006 libros
747 2966 809 3005 vere
833 2951 903 3005 diri·
927 2944 1002 3016 Ergo
1025 2946 1210 3000 testimonium
1236 2947 1305 3001 illud
1323 2946 1471 3032 Scripturis
1491 2954 1535 3004 est
1551 2947 1703 3016 conforme,
1727 2965 1760 3003 ac

65 3054 118 3092 nos
141 3040 171 3091 et
188 3035 217 3090 in
234 3035 329 3092 codice
345 3035 448 3092 biblico
466 3027 513 3092 eos
530 3036 661 3107 proponi,
686 3040 745 3090 tum
763 3035 799 3091 ab
817 3037 901 3094 eccle·
927 3029 997 3084 Vidit
1023 3031 1141 3086 ecdesia
1166 3032 1307 3102 primitiva
1331 3050 1472 3089 sacrorum
1495 3034 1659 3104 scriptorum
1682 3039 1760 3088 anto-
1791 3080 1794 3087 .
1840 3060 1844 3073 ·

65 3123 127 3178 siae
143 3122 300 3178 testimonio
319 3128 511 3195 argumentum
529 3122 641 3194 aliquod
660 3122 718 3193 peti
735 3128 834 3193 potest,
852 3124 902 3180 sed
927 3116 1046 3189 supha,
1075 3123 1108 3172 ut
1133 3134 1198 3173 vert
1225 3118 1262 3172 de
1286 3118 1342 3172 illis
1367 3120 1464 3174 testari
1486 3119 1614 3190 potuerit.
1658 3119 1760 3175 Confer

65 3209 138 3269 illud
156 3209 342 3265 testimoninm
359 3227 411 3265 nec
433 3196 479 3266 est'
491 3217 568 3266 extra
586 3209 765 3280 scripturam,
785 3227 848 3264 cum
868 3210 902 3266 de
928 3205 1004 3259 dicta
1022 3203 1148 3274 ruperim
1168 3219 1192 3259 c.
1211 3210 1236 3259 4.
1256 3203 1291 3260 de
1309 3203 1468 3276 Scripturae
1485 3205 1656 3262 tramutata.

67 3297 131 3369 ipsa
149 3282 201 3353 illa
215 3295 358 3369 Scriptura
379 3301 508 3362 testetur,
534 3313 586 3352 nec
604 3302 647 3351 est
663 3297 764 3366 solum,
790 3296 840 3353 sed
858 3314 901 3351 ac·
962 3295 1020 3345 38⁶·
1040 3288 1178 3360 Septimo:
1197 3291 1317 3345 Nectm
1333 3300 1383 3361 art,
1400 3310 1456 3346 aaa
1472 3293 1563 3347 tolum
1581 3293 1899 3363 &obtumesceret-

58 3382 169 3440 'cedent
184 3381 309 3458 κριτήρια
333 3380 441 3440 interna
466 3389 494 3439 et
520 3380 639 3452 Spiritus
661 3401 684 3441 s.
707 3383 901 3440 testimonium.
927 3377 1030 3445 lettre,
1054 3378 1106 3430 ted
1128 3377 1213 3430 tilam
1233 3378 1398 3446 {mellitate
1439 3379 1476 3434 At
1501 3379 1665 3448 tatpt'm'me
1683 3362 1893 3467 &ff'irliii‘ff

65 3470 181 3531 Utimur
204 3469 320 3542 proinde
345 3470 374 3524 in
397 3469 450 3525 hac
472 3467 634 3541 quaestione
657 3468 789 3525 ecelesiae
806 3468 902 3524 testifi-
922 3471 1012 3531 ptura
1037 3463 1168 3531 omiipoo
1193 3472 1219 3517 et
1242 3465 1377 3534 perpetra
1400 3473 1453 3529 ert,
1477 3474 1506 3520 ut
1524 3466 1583 3519 cisi
1598 3467 1634 3520 ob
1654 3467 1760 3538 aliquo,

66 3558 178 3615 catione
196 3557 274 3614 reiut
291 3557 412 3630 quadam
429 3554 652 3625 manuductione,
671 3574 727 3611 non
745 3564 777 3610 ut
794 3555 901 3627 aliquid
928 3550 977 3620 cui
994 3566 1092 3604 errore
1107 3551 1282 3621 conponit,
1308 3551 1474 3621 replicetur,
1499 3571 1556 3607 noo
1568 3554 1664 3622 poerit
1681 3555 1761 3610 irtel·
1773 3570 1802 3610 11.
1814 3567 1861 3613 ete

63 3650 178 3718 praeter
206 3642 376 3718 Scriptorum
401 3643 561 3711 credamus,
592 3641 658 3715 quia
685 3642 749 3698 libri
774 3641 845 3696 seori
873 3647 902 3697 et
928 3637 996 3706 lici,
1020 3637 1109 3704 ioitw
1130 3636 1194 3690 roto
1217 3654 1274 3692 oon
1297 3639 1413 3706 suffieit.
1448 3637 1576 3710 Exempli
1598 3639 1661 3695 loco
1678 3639 1762 3697 affert
1836 3667 1839 3674 ·

65 3730 196 3789 canonici
220 3738 286 3787 sunt
302 3730 363 3803 ipsa
381 3730 524 3801 Scriptura
541 3746 635 3798 secra,
659 3730 708 3786 sed
727 3735 758 3784 ut
775 3729 812 3783 ad
828 3728 899 3785 Scri·
926 3723 1125 3792 aequalitatem
1148 3723 1310 3777 divinarum
1331 3740 1532 3794 personarum,
1552 3727 1761 3795 protectionem

64 3822 169 3892 pturae
194 3817 378 3890 cognitionem
405 3817 611 3888 perveniamus,
638 3814 712 3871 sicut
735 3813 901 3871 Samaritani
928 3809 1053 3878 Spiritu
1072 3811 1164 3864 saneti
1183 3829 1202 3865 a
1220 3810 1313 3877 lilio,
1327 3820 1473 3880 peccatam
1493 3812 1626 3882 tricini,
1649 3815 1761 3868 decaec-

65 3901 190 3961 concirie
206 3920 272 3960 suae
290 3904 505 3960 manuductione
521 3904 557 3958 ad
570 3902 709 3959 Christum
724 3901 901 3959 adduceban-
926 3915 987 3951 tum
1007 3895 1114 3951 Olmii
1133 3900 1175 3951 ad
1192 3898 1301 3961 inseror
1319 3908 1370 3958 tte.
1387 3901 1456 3954 hoec
1474 3909 1501 3954 tt
1515 3901 1636 3968 cimilia,
1660 3901 1760 3970 iacuit,

65 4001 127 4061 tur,
151 4008 203 4047 nec
227 3998 319 4048 tamen
341 3998 456 4063 propter
482 3990 603 4046 mulieris
626 3988 765 4062 loquelam
783 3989 901 4060 amplius
927 3985 1104 4037 deducuntur
1125 3984 1236 4054 quidem
1260 4001 1293 4038 tt
1315 3987 1406 4040 tacti
1422 3987 1525 4056 tuere,
1546 3988 1599 4040 ted
1616 4004 1672 4040 noa
1688 3988 1761 4042 adeo

65 4077 233 4147 credebant,
259 4078 308 4133 sed
334 4077 400 4149 quia
424 4077 477 4150 ipsi
501 4095 534 4133 ex
551 4076 661 4131 indiciis
678 4074 790 4130 minime
810 4075 901 4130 dubiis
919 4069 1022 4138 focile,
1042 4077 1071 4122 at
1088 4071 1114 4122 o·
1131 4070 1200 4125 tolie
1213 4074 1398 4140 petrocorium
1415 4073 1452 4127 rit
1465 4072 1629 4143 scripturae
1641 4073 1761 4126 testim·

65 4168 269 4236 cognoverant,
300 4162 375 4218 hunc
403 4178 464 4219 esse
490 4163 659 4219 salvatorem
691 4161 794 4216 mundi
836 4161 900 4216 Pari
926 4157 996 4222 tiit,
1024 4173 1166 4226 ”tamtam
1192 4157 1256 4211 litet
1283 4159 1362 4221 finiri
1381 4167 1499 4228 potunt
1525 4176 1586 4213 oum
1607 4160 1759 4228 protervit.

64 4251 173 4308 udone
201 4250 334 4306 ecclesiae
360 4249 555 4305 testificatione
581 4248 744 4304 deducimur
767 4249 804 4303 ad
828 4247 900 4304 Scri·
926 4242 1030 4296 Postea
1047 4241 1200 4314 subjungit,
1218 4244 1276 4298 duo
1293 4261 1353 4298 eece
1370 4245 1399 4297 in
1418 4244 1577 4314 Scriptura,
1594 4260 1673 4300 voees
1690 4245 1760 4299 eori-

63 4345 192 4411 ptmam,
228 4354 280 4394 nec
315 4342 407 4392 tamen
441 4339 557 4407 propter
585 4333 731 4391 ecclesiam
764 4335 901 4390 credimur
923 4337 991 4400 otor
1009 4335 1035 4382 ot
1053 4346 1165 4382 sermm
1187 4329 1218 4382 io
1240 4330 1281 4383 ert
1298 4330 1450 4398 incitatore,-
1468 4331 1594 4400 primum
1609 4330 1708 4385 haberi
1724 4333 1760 4387 oh

64 4422 232 4496 Scripturis,
260 4423 310 4477 sed
335 4424 401 4495 quia
424 4438 456 4477 ex
480 4421 595 4478 internis
620 4426 767 4493 κριτηρίοις
791 4427 819 4477 et
839 4421 901 4493 spi·
927 4415 1059 4482 omoihue,
1078 4417 1131 4469 red
1146 4417 1297 4470 recondam
1312 4434 1369 4470 eon
1387 4416 1600 4486 hobereomaet,
1617 4435 1667 4473 oeo
1676 4436 1760 4489 poree

64 4512 137 4567 ritus
154 4509 243 4566 murti
258 4508 417 4565 testimonio
434 4508 542 4564 interno
559 4507 681 4563 divinam
699 4514 728 4563 et
740 4507 900 4563 canonicam
928 4504 957 4556 irs
981 4503 1050 4556 locis
1074 4503 1209 4573 piurimis
1232 4506 1268 4558 de
1291 4505 1413 4559 secando
1431 4521 1482 4560 oos
1501 4520 1560 4559 etro
1577 4513 1678 4570 certor,
1703 4506 1761 4560 nisi

64 4612 162 4655 earum
185 4595 377 4652 autmutatem
400 4594 511 4665 ipsimet
534 4593 734 4666 cognoscimus.
773 4600 798 4651 6.
822 4593 900 4648 Idem
927 4592 1044 4645 coemat
1065 4588 1192 4644 traditio.
1228 4589 1312 4662 Besp.
1334 4597 1355 4646 1.
1374 4589 1501 4647 Summus
1521 4596 1548 4646 et
1566 4589 1760 4655 ἀνυπεύθυνος

65 4683 183 4741 verbnm
201 4683 268 4753 Dei,
297 4682 456 4754 quodon
473 4680 625 4753 prophetae
642 4690 671 4736 et
687 4681 805 4753 apostoli
823 4697 900 4752 prae·
927 4677 1086 4747 scripturae
1112 4675 1247 4748 interpres
1279 4683 1321 4732 est
1343 4677 1462 4748 Spiritus
1485 4683 1605 4733 sanctus.
1646 4677 1759 4751 Reliqui

64 4771 208 4840 dicarunt,
231 4769 389 4840 inscriptis
408 4786 500 4825 eorum
519 4767 609 4823 adhuc
627 4768 798 4839 proponitur,
835 4766 901 4834 Qui-
926 4763 1088 4833 interpretes
1118 4763 1163 4817 rel
1193 4779 1227 4818 ex
1254 4762 1402 4835 Scripturie
1429 4780 1494 4818 suas
1519 4762 1759 4834 interpretationes
1817 4784 1824 4803 ·

64 4857 119 4913 hus
150 4856 238 4929 igitur
261 4854 432 4927 argumentis
454 4853 519 4909 olim
543 4853 668 4924 persuasi
693 4859 758 4908 sunt
779 4853 901 4924 ipsorum
926 4847 1084 4920 proferunt,
1110 4848 1200 4904 rolin
1221 4848 1375 4920 Scripturas
1393 4866 1440 4906 eas
1457 4840 1654 4908 inierunt.⁸Si
1672 4851 1758 4924 prius,

65 4943 216 5011 auditores,
234 4946 267 4995 ut
284 4941 437 4996 doctrinam
456 4956 473 4994 a
490 4937 631 5010 prophetia
647 4944 675 4994 et
690 4940 821 5010 apostolis
838 4955 901 5010 pro·
927 4935 1025 5008 regula
1049 4934 1283 5006 interpretationis
1310 4939 1404 4991 manet
1430 4934 1586 5007 Scriptura,
1618 4954 1690 5009 qnae
1716 4944 1760 4994 est

64 5029 185 5100 positam
210 5044 260 5098 pro
283 5027 370 5083 verbo
394 5026 448 5084 Dei
470 5031 666 5096 acceptarent,
696 5025 794 5081 iisdem
819 5041 900 5098 argu-
927 5023 970 5077 sni
994 5021 1082 5093 ipsius
1107 5022 1244 5094 interpres
1262 5023 1367 5092 optima
1385 5039 1419 5078 ec
1436 5024 1603 5093 certmima3
1627 5023 1650 5079 si
1667 5031 1759 5097 poste-

64 5114 164 5171 mentis
188 5112 339 5169 etiamnum
362 5113 445 5169 hodie
463 5111 675 5183 persuademur,
700 5116 733 5165 nt
749 5112 901 5168 verbnma
927 5109 997 5179 rius,
1021 5125 1077 5164 non
1094 5115 1158 5164 sunt
1174 5109 1349 5181 interpretes,
1374 5110 1424 5166 sed
1441 5117 1623 5181 corruptoree.
1659 5117 1683 5168 t.
1701 5111 1758 5169 Do-

63 5200 208 5274 prophetis
235 5207 264 5257 et
286 5200 418 5273 apostolis
442 5200 576 5271 seriptum
599 5215 649 5269 pro
672 5197 756 5253 verbo
779 5199 833 5255 Dei
857 5215 900 5254 ac·
928 5201 1022 5270 gmata
1042 5194 1106 5262 illa,
1138 5211 1210 5267 quae
1234 5194 1352 5267 exempli
1375 5195 1436 5252 loeo
1458 5195 1626 5268 afferuntur,
1652 5196 1759 5254 latente

63 5296 215 5359 reptemus.
249 5286 315 5344 Ja'm
330 5302 395 5343 vero
414 5290 446 5342 ut
463 5286 603 5341 auditores
621 5283 766 5358 crederent
781 5285 901 5341 verbor
927 5281 1096 5339 Bellarmino
1114 5281 1307 5353 exscriptoris
1325 5283 1426 5340 deduci
1437 5289 1568 5355 possunt3
1586 5302 1653 5358 ergo
1663 5286 1692 5341 in
1704 5287 1758 5341 illis

61 5372 205 5447 prophetis
232 5378 262 5429 et
282 5372 415 5445 apostolis
438 5372 599 5444 praediomo
616 5387 672 5427 non
689 5370 766 5428 tuere
784 5372 902 5443 permoti
926 5374 1136 5445 proponuntur,
1152 5369 1247 5426 ‘unde
1271 5376 1391 5435 reuree,
1425 5369 1474 5443 qui
1505 5370 1540 5427 de
1565 5370 1609 5429 his
1634 5372 1759 5430 articulis
