3984 6022
170 319 238 377 ssa
691 326 694 333 ·
861 305 983 367 meus
1001 296 1181 372 cessure

180 471 210 521 et
227 465 397 519 abstractum
414 460 467 517 hoc
483 461 566 515 modo
584 462 759 517 describunte
783 450 945 531 corcram
965 457 1135 532 austriaca
1159 460 1229 515 illud
1255 463 1370 530 nomen,
1396 459 1470 531 quod
1495 464 1537 514 est
1562 475 1650 532 supra
1675 471 1759 514 omne
1776 463 1880 527 nomen,

182 554 295 624 parando
311 551 356 603 ret
372 552 431 603 tota
444 554 578 618 persora,
597 549 640 601 vel
656 550 730 602 (hsce
747 553 865 601 rabam
880 563 1017 618 persora
1028 522 1032 591 i
1044 544 1154 601 Christo
1173 546 1295 600 donavit.
1320 545 1399 600 Haec
1417 545 1508 618 gratia
1524 546 1667 601 effusionis
1687 547 1803 603 nomine
1819 545 1880 600 insi·

75 646 79 670 ¹
184 639 249 694 tire
267 639 374 704 auitae,
397 636 442 688 cal
458 635 551 688 altera
568 641 687 702 actura,
710 642 846 704 quaterem
863 652 920 688 aaa
938 635 968 688 ia
987 651 1017 688 ss
1043 637 1159 703 nuatur,
1178 650 1233 704 quc
1252 633 1325 688 enirn
1342 633 1434 705 majcr
1452 633 1580 688 domatis
1600 633 1694 705 gratiis
1713 636 1744 687 et
1762 631 1880 686 liberali·

183 724 336 794 speratim
358 729 408 775 cat
432 723 561 790 seorsim,
588 723 640 775 scd
661 722 691 773 irs
715 722 780 790 apsa
800 737 927 789 persona
947 721 1020 774 bilis·
1043 724 1099 784 tas,
1122 736 1155 774 eo
1174 719 1313 791 copiosius
1330 736 1382 773 sua
1400 724 1497 790 erogat
1516 719 1602 788 deneg
1638 722 1665 772 2.
1685 721 1728 772 ad
1746 719 1881 774 mensa

184 810 242 864 Dei
270 814 295 861 st
324 814 450 878 respectu
481 807 594 860 anissis
616 806 782 876 pascualis
814 807 1018 860 consideratur.
1045 806 1162 874 copiam.
1199 805 1279 871 Quod
1305 805 1421 877 largiter
1445 811 1473 860 et
1496 804 1627 875 opulente
1644 803 1799 873 coitfertur,
1816 804 1882 860 illud

184 895 361 949 abstractam
379 902 434 962 est,
453 895 567 963 quando
585 900 706 946 naturae
724 894 753 945 in
770 910 811 960 aa,
828 908 881 962 prr
897 909 927 945 se
943 897 969 946 st
987 909 1019 946 aa
1044 891 1074 945 in
1086 892 1236 963 scripturis
1248 892 1355 963 effisadr'
1374 892 1477 947 dicitur
1488 891 1552 947 lisa.
1567 898 1608 960 ts,
1630 909 1656 947 v.
1674 891 1698 948 t.
1723 890 1827 948 Bacch.
1845 897 1883 959 tt,

182 998 211 1034 se
228 979 342 1049 suisque
359 979 537 1033 naturalibus
550 987 577 1032 et
593 978 787 1032 essentialibus
800 978 1020 1048 proprietatibus
1039 990 1071 1032 Ὺ.
1093 984 1133 1033 25.
1157 976 1228 1036 soei.
1250 984 1273 1047 2,
1293 994 1319 1032 v.
1339 984 1380 1035 28.
1399 976 1482 1036 Zach.
1502 983 1542 1048 12,
1559 996 1584 1036 r.
1609 984 1648 1034 ic.
1668 976 1734 1034 aot
1757 979 1781 1048 2,
1801 991 1827 1031 v.
1848 985 1883 1035 is.

184 1068 256 1120 citra
286 1074 409 1118 medeam
445 1066 558 1117 unionis
594 1065 766 1136 complexam
797 1066 1019 1121 considerantur.
1045 1063 1320 1131 Titaressos
1342 1064 1408 1136 quia
1426 1082 1493 1136 ergo
1504 1064 1624 1136 Spiritus
1642 1082 1664 1119 s.
1685 1080 1744 1119 non
1763 1064 1800 1119 ad
1813 1080 1883 1120 mcu-

184 1152 288 1219 Quodsi
308 1153 391 1222 jurta
412 1150 462 1205 has
488 1150 688 1221 descriptiones
712 1150 747 1205 de
771 1168 824 1205 usu
848 1150 969 1206 concreti
993 1155 1021 1204 et
1047 1167 1148 1217 suram,
1168 1150 1217 1205 sed
1237 1166 1300 1205 curn
1320 1154 1380 1205 tota
1400 1167 1452 1205 sna
1470 1147 1767 1222 plenitudineOhrlsto
1784 1149 1884 1205 homini

184 1238 317 1294 abstracti
330 1237 459 1308 judicare
477 1236 602 1303 velimus,
620 1235 766 1309 ἀποτόμως
782 1236 943 1309 negandum
961 1234 1020 1302 erit,
1046 1236 1138 1304 datus,
1157 1236 1219 1291 ideo
1237 1235 1412 1292 meritissime
1431 1236 1460 1291 in
1475 1253 1538 1291 eum
1550 1237 1652 1292 dicitm
1664 1235 1789 1305 affusum
1807 1240 1833 1291 8.
1846 1240 1885 1291 cd

184 1323 369 1379 abstractivas
394 1322 545 1376 locutiones
571 1323 600 1376 in
625 1323 676 1376 hoc
703 1338 804 1394 genere
825 1322 927 1377 debere
943 1338 1021 1374 usur·
1049 1323 1211 1376 donatoris
1240 1324 1406 1390 efficaciam.
1456 1324 1502 1377 Ea
1528 1320 1582 1376 illo
1609 1323 1683 1377 eram
1707 1324 1884 1393 plenitudine

183 1410 259 1481 pari,
287 1409 353 1480 qnia
378 1409 413 1463 de
432 1423 515 1463 carne
535 1407 636 1462 Christi
655 1408 683 1462 in
701 1425 731 1464 se
750 1413 779 1463 et
797 1414 875 1462 ertra
892 1407 1021 1462 unionem
1049 1407 1168 1478 Spiritus
1193 1425 1278 1479 super
1295 1408 1435 1464 Christum
1459 1405 1541 1466 effusi
1559 1415 1588 1464 ct
1604 1408 1634 1464 in
1654 1409 1717 1480 ipso
1736 1408 1884 1465 habitantis

185 1496 361 1553 considerata
389 1495 483 1549 divina
499 1493 633 1548 idiomate
649 1493 805 1565 praedicari
824 1505 879 1547 non
896 1499 1021 1564 possunt,
1048 1482 1132 1549 etiam
1155 1512 1206 1549 nos
1227 1495 1377 1566 accipimus
1394 1495 1457 1552 Joh.
1485 1501 1512 1561 t,
1537 1514 1563 1550 r.
1590 1503 1628 1552 16.
1647 1495 1750 1550 'oleam
1774 1499 1884 1567 affnmm

185 1585 253 1638 alias
275 1581 416 1640 οὐσιωδῶς
434 1581 459 1634 ei
478 1587 679 1650 competerent,
702 1597 765 1634 cunr
785 1587 879 1635 tamen
896 1596 951 1633 non
968 1578 1020 1633 nisi
1048 1590 1146 1634 nomeu
1169 1589 1259 1645 turem,
1283 1582 1313 1635 sir
1336 1571 1641 1651 odae'aspamromm
1661 1590 1777 1638 tucrum
1795 1586 1884 1636 carre

184 1666 372 1728 ὖποστατικῶς
392 1672 559 1738 competant.
597 1666 792 1727 Oriermdoiode
806 1672 906 1720 natura
920 1663 1020 1719 Christi
1049 1685 1117 1720 mssa.
1153 1667 1233 1722 Cant.
1255 1667 1285 1736 1,
1295 1685 1321 1722 v.
1341 1675 1364 1724 3.

184 1757 306 1812 humana
323 1752 478 1827 praedicari
497 1753 628 1808 dicuntur
646 1752 701 1818 ills,
717 1769 789 1824 quae
806 1769 855 1823 per
872 1752 1020 1807 essentiam
1082 1757 1141 1809 225.
1178 1756 1229 1820 Qu.
1249 1761 1272 1810 4.
1310 1756 1356 1809 Aa
1375 1755 1412 1809 ait
1430 1754 1587 1808 msemialia
1604 1754 1742 1825 cujusque
1760 1757 1884 1825 corporis

185 1844 391 1913 eicompetunt
409 1845 437 1894 et
455 1855 526 1910 quae
546 1855 609 1893 cum
627 1838 689 1892 aliis
706 1836 792 1893 hahet
808 1837 973 1905 communia,
990 1843 1022 1891 ut
1043 1830 1209 1910 pr‘oprictcs
1238 1855 1296 1895 erac
1333 1842 1570 1911 circumceptam
1599 1840 1684 1894 loco!
1730 1840 1884 1897 calviniani

185 1934 312 1984 constare
329 1941 444 1996 corpore
462 1930 490 1978 et
507 1925 607 1991 anima,
626 1939 686 1978 esse
701 1922 816 1987 finitam,
837 1923 940 1979 hahere
959 1939 1020 1993 ptr-
1047 1926 1187 1981 affirmant
1209 1933 1237 1982 et
1261 1942 1295 1981 ex
1318 1926 1371 1982 hoc
1396 1926 1531 1998 principio
1556 1926 1765 1998 omnipraeseus
1785 1926 1884 1984 Christi
1896 1939 1928 1978 nr.

183 2021 239 2070 torn
263 2019 342 2068 extra
364 2019 485 2082 partem,
510 2016 577 2081 etc.;
603 2009 790 2070 incoronata
809 2010 844 2065 de
861 2027 895 2064 ea
912 2008 1020 2080 praedi·
1048 2011 1166 2066 hominis
1196 2012 1348 2069 dominium
1378 2014 1422 2068 ael
1454 2012 1571 2068 maxime
1600 2013 1776 2085 impugnant.
1830 2015 1884 2070 Sed

184 2107 283 2156 cantur
306 2098 342 2154 de
366 2113 400 2152 ca
420 2113 476 2151 non
500 2100 614 2167 propter
635 2112 713 2150 suam
738 2100 878 2160 haturatn,
902 2096 952 2150 sed
970 2111 1021 2166 per
1047 2097 1213 2166 notandum,
1242 2101 1272 2152 rb
1299 2098 1486 2155 circumscribi
1514 2098 1611 2154 referri
1638 2105 1662 2154 1.
1686 2105 1731 2154 ad
1756 2103 1885 2169 corporis

185 2191 336 2256 etpropter
347 2183 477 2237 unionem
488 2182 669 2253 personalem,
678 2188 711 2237 ut
722 2182 872 2237 subsistere
884 2180 1020 2251 inAriycp,
1048 2184 1203 2251 crassatam,
1226 2188 1248 2238 2.
1266 2188 1307 2238 cd
1323 2186 1413 2239 locam
1429 2194 1576 2238 scurnum.
1598 2181 1682 2240 Prior
1697 2192 1812 2241 vocatur
1830 2190 1884 2241 cir·

186 2271 350 2344 participem
376 2284 436 2324 esse
461 2267 572 2322 divinae
600 2266 829 2339 omnipotentiae,
856 2269 1020 2323 collocatum
1047 2271 1225 2339 cumscriptio
1252 2272 1375 2337 inerma,
1402 2270 1537 2341 posterior
1564 2279 1689 2329 erema
1735 2270 1813 2328 Prior
1841 2284 1885 2330 cst

187 2375 248 2415 csse
275 2356 311 2411 ad
330 2354 384 2410 Dei
411 2355 550 2422 dexuam,
578 2369 650 2424 quae
673 2353 709 2407 de
733 2353 811 2408 nullo
835 2354 890 2408 alio
911 2353 1021 2409 homine
1048 2363 1182 2427 perpetua
1206 2362 1234 2411 et
1258 2357 1450 2427 inseparabilis
1477 2357 1599 2427 corporis
1616 2357 1773 2429 proprietas
1791 2364 1827 2415 te
1845 2361 1885 2415 ni-

185 2443 340 2516 praedicari
368 2446 490 2511 possunt.
536 2437 697 2494 Notandum
726 2439 807 2493 etiam
836 2439 918 2502 illud,
947 2441 1021 2511 quod
1048 2443 1088 2496 hil
1115 2442 1191 2496 aliud
1218 2459 1301 2513 quam
1325 2443 1462 2498 esseutiae
1478 2442 1614 2498 fluitatem
1631 2448 1727 2513 notat,
1753 2454 1828 2516 qtae
1846 2454 1886 2502 est

186 2530 288 2600 duplex
320 2528 357 2582 sit
381 2526 532 2582 abstractio
560 2525 704 2595 mentalis,
739 2543 795 2579 una
824 2527 1021 2594 praenotionis,
1049 2529 1236 2584 necessarium
1273 2527 1401 2584 accidens
1436 2526 1524 2582 omnis
1554 2527 1627 2582 entis
1656 2534 1770 2600 praeter
1800 2532 1887 2587 solnm

187 2632 243 2688 qua
260 2631 319 2691 rem
336 2612 482 2669 considero
502 2612 562 2666 sine
579 2611 649 2676 aliis,
670 2627 859 2682 quaecumre
873 2615 1022 2683 conjuncta
1050 2615 1157 2682 Deum,
1185 2614 1259 2685 quod
1284 2614 1356 2670 enim
1378 2614 1497 2685 propriis
1522 2615 1658 2671 essentiae
1679 2617 1810 2672 terminis
1835 2633 1888 2674 non

187 2708 261 2770 sunt,
278 2702 318 2755 ita
336 2706 437 2767 tamen,
455 2704 487 2752 ut
507 2698 675 2752 contrarium
692 2714 748 2751 non
763 2715 914 2768 assumam3
935 2700 1023 2754 altera
1051 2700 1298 2765 circumscribitur,
1319 2706 1362 2756 est
1377 2700 1529 2768 inlinitum,
1542 2702 1602 2771 jam
1619 2716 1687 2757 vero
1704 2703 1815 2759 nullum
1832 2722 1888 2760 cor·

182 2788 324 2858 positiva,
350 2801 406 2856 qua
428 2800 483 2838 non
510 2784 597 2838 solum
623 2783 754 2838 abstraho
781 2787 946 2856 conjuncta,
974 2785 1023 2839 sed
1049 2804 1102 2857 pus
1125 2791 1168 2841 est
1191 2785 1335 2841 infinitum.
1371 2785 1405 2840 ln
1431 2786 1582 2856 posteriore
1606 2785 1826 2860 distinguendus
1850 2799 1889 2846 est

187 2872 270 2929 simul
302 2888 376 2942 pono
408 2869 554 2924 contraria.
610 2867 727 2932 Quando
761 2869 879 2924 dicimus
911 2887 1023 2926 carnem
1051 2880 1130 2926 aetra
1150 2873 1262 2942 primam
1285 2892 1304 2925 ο
1326 2873 1448 2926 remaclo
1472 2873 1516 2925 cel
1535 2873 1661 2942 potsatrb
1685 2875 1725 2927 ab
1747 2885 1815 2930 acta
1831 2895 1888 2949 pro

107 3031 110 3036 Ι
187 2959 290 3017 Christi
303 2956 472 3013 considerari
487 2955 655 3009 abstractive
668 2956 696 3009 in
710 2956 800 3026 priore
813 2955 1023 3027 significatione,
1050 2961 1110 3031 prie
1137 2959 1177 3013 sic
1204 2959 1287 3014 dicto.
1339 2958 1441 3013 Actum
1474 2958 1592 3029 primurn
1625 2959 1887 3034 cirumscriptione

187 3052 246 3103 tum
276 3043 457 3114 intelligenda
487 3048 530 3097 est
558 3042 708 3097 abstractio
741 3058 797 3097 uon
822 3043 955 3113 positiva,
972 3044 1025 3097 sed
1051 3046 1124 3100 omni
1139 3044 1247 3115 corpori
1259 3044 1441 3107 essentialem,
1454 3044 1887 3121 inseparabilemaepetpatnnm

180 3136 283 3188 'radas
296 3130 495 3202 praecisionis,
514 3143 565 3200 per
586 3143 668 3199 quam
687 3145 751 3183 caro
770 3139 877 3199 semper
894 3128 1023 3200 ἰοΛόγῳ
1051 3146 1111 3188 esse
1138 3131 1327 3195 concedimus,
1354 3147 1435 3186 omne
1462 3131 1535 3187 sirim
1562 3144 1663 3204 corpus
1687 3134 1752 3190 loeo
1776 3137 1888 3193 tirsum-

189 3221 324 3277 exsistens
342 3223 370 3273 et
382 3229 524 3288 uunquam
540 3213 809 3285 aAtypabstracta
820 3215 849 3269 in
864 3232 915 3270 sua
925 3222 1024 3273 natura
1051 3217 1134 3273 scribi
1157 3223 1249 3290 potest
1270 3225 1384 3289 propter
1407 3218 1543 3274 mendas
1567 3210 1634 3275 sate
1658 3232 1814 3292 corporeae
1831 3223 1888 3279 thri·

188 3315 216 3365 et
255 3303 448 3363 essentialibus
488 3301 545 3356 suis
575 3301 793 3372 proprietatibus
825 3302 1024 3372 consideratur,
1050 3311 1148 3371 tatem,
1173 3305 1222 3360 sed
1249 3310 1342 3360 actum
1359 3305 1512 3360 secundnm
1532 3306 1800 3378 circumscriptibnir
1819 3313 1887 3366 ohnr'

189 3394 262 3468 quod
292 3392 315 3446 si
344 3390 417 3445 enim
444 3403 554 3444 carnem
583 3386 685 3442 Christi
712 3387 910 3443 abstractione·
924 3389 1024 3444 mentis
1051 3391 1159 3462 corpori
1183 3390 1357 3446 essentialem
1382 3407 1416 3445 ac
1434 3390 1646 3461 inseparabilem
1662 3400 1728 3448 ene
1746 3407 1886 3466 negamus,

187 3480 308 3555 positiva
326 3494 344 3532 a
361 3474 452 3546 Λόγῳ
471 3473 692 3529 abstraheremus
716 3491 833 3544 eamque
854 3482 886 3530 ut
912 3474 1025 3546 propria
1051 3477 1117 3549 quia
1136 3494 1153 3532 a
1170 3477 1276 3532 fortiori
1296 3480 1398 3547 agente
1415 3476 1542 3546 impediri
1559 3482 1654 3548 potest
1666 3479 1749 3534 sairc
1760 3491 1886 3538 manente

188 3564 369 3622 subsistentia
378 3568 455 3618 extra
464 3559 563 3631 Λόγον
571 3559 767 3615 subsistentem
779 3561 1023 3631 consideraremus,
1051 3570 1115 3619 actu
1141 3563 1238 3635 primo.
1284 3562 1439 3617 Probamus
1455 3562 1534 3617 hoc:
1568 3568 1591 3616 1.
1615 3572 1634 3617 a
1661 3566 1724 3619 Dei
1752 3570 1885 3636 potentis

188 3650 350 3708 inNestorii
369 3665 460 3704 casses
478 3647 670 3703 incideremus.
706 3645 822 3701 Gesner.
834 3647 914 3718 Disp.
935 3655 973 3703 11.
996 3648 1025 3702 in
1051 3650 1133 3718 Quod
1157 3666 1208 3720 per
1229 3648 1351 3704 ditium
1374 3649 1528 3719 potentiam
1551 3666 1569 3703 a
1585 3659 1704 3720 corpore
1724 3653 1802 3708 salva
1819 3656 1886 3725 ejus-

188 3738 221 3795 [ι.
248 3736 331 3793 Cone.
359 3736 395 3790 D.
427 3741 469 3790 ll:
500 3733 593 3787 Aliud
624 3741 665 3786 cst
693 3733 877 3802 abstractam,
906 3735 939 3787 τὸ
967 3732 1022 3787 κατ’
1052 3739 1115 3793 dem
1141 3736 1261 3791 essenus
1287 3735 1408 3806 separari
1435 3739 1540 3806 potest,
1568 3750 1624 3789 non
1653 3740 1698 3790 est
1726 3742 1887 3810 merlis,

189 3825 346 3898 ἀφαίρεσιν,
365 3831 390 3877 ct
410 3822 493 3875 aliast
510 3820 644 3889 amimam,
663 3819 692 3874 rb
711 3823 923 3893 κεχωρισμένον.
949 3823 1024 3875 Nom
1053 3829 1187 3896 perpetua
1205 3828 1233 3876 et
1251 3821 1445 3892 inseparabilis
1463 3820 1585 3892 corperis
1601 3823 1768 3893 proprietas.
1804 3827 1886 3899 Atqui

189 3910 341 3969 abstractio
356 3910 429 3982 fltrfi
443 3905 541 3978 νοήσει,
560 3916 657 3974 mente,
675 3908 724 3959 abi
736 3924 782 3960 rea
796 3908 1027 3976 maaetiatepra5
1053 3906 1241 3966 circumscribi
1265 3906 1327 3961 loco
1352 3913 1464 3961 externo
1487 3923 1538 3977 per
1557 3906 1681 3962 divinam
1701 3911 1884 3980 potentianus

189 3997 300 4055 amicis
328 4004 419 4049 cirtem
437 3995 468 4058 tt
486 3994 516 4045 ia
532 4009 563 4045 re
582 4000 608 4045 st
627 3996 662 4061 τῷ
683 3995 769 4061 νοητῷ
788 3991 944 4062 πράγματι,
969 4012 1026 4062 qaia
1053 4012 1167 4066 corpore
1191 3994 1268 4049 salva
1291 3991 1416 4063 ejusdem
1440 3993 1560 4047 essentia
1583 3995 1708 4064 separari
1729 4003 1839 4066 potest,
1861 4008 1887 4053 nt

189 4104 234 4142 ree
255 4083 409 4139 destruitur
429 4088 456 4133 et
475 4080 504 4131 in
520 4085 621 4148 partas
635 4079 821 4146 dmtritrsr'mr,
840 4078 924 4132 cliucl
936 4097 1025 4149 porro
1053 4085 1081 4138 in
1100 4081 1225 4152 proxima
1241 4079 1404 4150 quaestione
1418 4078 1677 4136 demonstrabimus.
1706 4081 1800 4155 Er303
1821 4087 1887 4139 tat

190 4179 230 4227 est
249 4168 411 4226 abaraham
432 4175 457 4219 at
475 4166 656 4232 dessonare.
1054 4168 1239 4238 exemplorum
1257 4166 1404 4219 euidentia.
1441 4165 1472 4218 Si
1489 4165 1678 4222 circumscribi
1698 4167 1763 4224 loco
1781 4180 1886 4227 exterm

224 4264 282 4314 274,
319 4256 371 4321 Qu.
396 4258 418 4309 3.
456 4252 503 4304 An
529 4250 741 4304 communicatio
768 4251 926 4305 diuinorum
953 4253 1025 4307 idio·
1053 4260 1126 4311 esset
1156 4257 1291 4323 perpetua
1325 4255 1354 4304 ss
1380 4249 1574 4320 inseparabilis
1601 4253 1742 4326 cujusque
1769 4257 1886 4328 corporis

152 4334 163 4347 ⁸
189 4351 295 4399 matam
325 4340 407 4395 carni
427 4340 513 4406 facta
533 4353 589 4404 per
618 4336 781 4388 enceladum
808 4337 950 4406 efficieris
977 4341 1025 4393 de·
1052 4341 1218 4413 proprietas,
1244 4342 1303 4392 tum
1325 4336 1434 4392 nullum
1458 4336 1571 4392 daretur
1593 4354 1708 4409 corpas,
1735 4345 1816 4414 qnod
1838 4360 1884 4399 non

73 4422 82 4437 “
192 4431 279 4484 scrobi
298 4427 412 4498 possit?
439 4422 570 4479 Brentius
596 4423 625 4476 in
641 4420 688 4476 lib.
708 4422 743 4476 de
761 4424 907 4493 maJ'estate
924 4424 1025 4480 Christi
1052 4432 1126 4484 esset
1148 4426 1209 4481 loco
1230 4431 1342 4480 externo
1365 4429 1430 4477 acta
1455 4423 1700 4495 circumscriptum.
1746 4419 1807 4485 Sed
1830 4448 1893 4486 son.

193 4516 290 4574 eodem
303 4513 414 4584 saepius
424 4511 521 4578 utitur,
540 4526 594 4580 quo
607 4507 948 4579 nomineEutychianismi
963 4528 1026 4568 reus
1052 4529 1170 4585 sequens
1201 4516 1243 4566 est
1268 4509 1378 4565 falsum
1422 4509 1494 4564 Nam
1523 4516 1544 4565 i.
1572 4511 1681 4566 coelum
1706 4514 1840 4575 extimum
1860 4523 1884 4569 ct

191 4618 209 4659 a
225 4598 396 4659 calvinianis
420 4595 572 4668 peragitur.
608 4593 663 4650 Sed
688 4594 852 4664 notandum,
877 4598 952 4668 quod
970 4614 1025 4653 uon
1052 4614 1188 4655 summum
1203 4599 1286 4668 juxta
1297 4595 1457 4650 Aristotelis
1473 4595 1641 4666 hypotheses
1656 4613 1716 4653 non
1728 4606 1774 4656 est
1785 4602 1813 4656 in
1824 4602 1883 4656 loeo

189 4689 328 4759 intelligat
353 4685 500 4755 physicam
534 4681 674 4753 quandam
703 4684 937 4748 tramsmiouem,
971 4700 1026 4755 qua
1053 4686 1098 4744 Sic
1122 4685 1196 4740 enim
1220 4682 1330 4740 disserit
1354 4681 1534 4752 philosophus
1559 4681 1597 4736 lib
1623 4683 1802 4743 aduocato
1817 4705 1838 4743 c
1854 4692 1883 4742 e:

188 4773 303 4847 propria
329 4788 345 4826 e
372 4771 497 4840 subjecto
526 4769 556 4822 in
582 4768 658 4823 aliud
688 4768 843 4840 subjectum
873 4775 1026 4841 transeunt,
1052 4775 1146 4842 Δῆλον
1169 4771 1210 4826 b'rs
1238 4768 1303 4824 οὐδὲ
1324 4766 1409 4829 τόπος
1428 4767 1494 4823 οὐδὲ
1512 4770 1593 4824 κενὸν
1612 4767 1677 4824 οὐδὲ
1691 4772 1799 4847 χρόνος
1812 4775 1885 4839 torar

189 4864 262 4917 sicut
284 4874 358 4930 aqua
384 4875 417 4912 err
442 4874 498 4911 uno
524 4873 590 4911 vase
607 4856 636 4910 in
656 4855 733 4909 aliud
753 4855 917 4926 effunditur,
941 4856 1026 4912 talem
1053 4861 1103 4924 ἔξω
1124 4859 1171 4914 τοῦ
1190 4855 1318 4930 οὐρανοῦ.
1356 4854 1463 4929 Διόπερ
1482 4853 1536 4910 οὔτ’
1557 4857 1587 4910 tr
1602 4855 1682 4927 τόπῳ
1704 4859 1883 4933 rdxctrtpu-

192 4962 311 5019 namque
331 4944 494 5001 effruionem
513 4942 621 4997 disertis
637 4941 729 4996 verbis
748 4941 914 5012 aliquotiens
934 4951 1026 5014 negat,
1054 4964 1102 5002 κεν
1129 4944 1190 4999 οὔτε
1214 4941 1316 5017 χρόνος
1343 4941 1411 4997 αὐτὰ
1440 4949 1516 4997 nosci
1537 4941 1706 5015 γηράσκειν,
1736 4954 1791 5002 etc.
1818 4947 1884 5005 soal.

189 5051 241 5091 nec
255 5032 368 5089 modum
387 5028 641 5086 communicationis
661 5027 714 5082 hac
732 5026 826 5098 phrasi
844 5028 963 5084 voluerit
982 5046 1026 5084 ex·
1053 5050 1141 5090 erere.
1167 5038 1190 5086 5.
1214 5033 1280 5084 sect.
1306 5036 1333 5085 1:
1360 5030 1486 5083 Primam
1504 5030 1610 5084 coetum
1627 5031 1657 5084 r's
1676 5031 1741 5086 loco
1760 5048 1818 5089 sorr
1832 5051 1885 5088 eres

188 5122 321 5193 primore,
356 5119 404 5173 sed
437 5131 487 5186 per
515 5115 684 5169 idiotismum
715 5113 851 5168 Hebraeis
883 5116 1026 5185 proprium
1051 5136 1103 5191 pro
1129 5117 1258 5174 confesso
1283 5115 1424 5185 accipiunt
1447 5133 1552 5183 omues,
1576 5118 1653 5185 praed
1675 5124 1773 5173 tamea
1791 5134 1885 5190 empus

190 5207 331 5263 effusionis
356 5204 466 5260 nomine
484 5201 615 5273 intelligit
632 5202 735 5257 realem
753 5205 782 5254 et
799 5199 951 5276 plenariam
969 5218 1026 5255 ma·
1052 5207 1172 5259 oliorum
1193 5218 1342 5271 comosum
1359 5203 1460 5270 reputa
1479 5210 1526 5255 est.
1564 5207 1586 5257 2.
1606 5201 1716 5274 Corpus
1735 5205 1785 5261 die
1802 5207 1884 5278 primo

186 5293 299 5366 jestatis
335 5289 612 5347 communicationem
650 5305 683 5342 ac
713 5286 942 5341 inhabitationem
972 5303 1026 5342 non
1052 5292 1175 5346 meatum
1194 5304 1289 5343 verum
1307 5287 1362 5341 tuit
1381 5302 1492 5358 corpus,
1508 5302 1559 5342 nec
1577 5295 1671 5342 tamen
1690 5289 1746 5346 thit
1763 5292 1825 5348 loco
1843 5309 1883 5346 er-

189 5380 347 5452 particulae
365 5380 521 5450 cujusdam,
541 5378 590 5431 sed
608 5377 692 5432 totius
711 5375 892 5447 plenitudinis
915 5377 1026 5432 deitatis
1051 5383 1129 5431 terno
1154 5388 1286 5444 corporeo
1309 5373 1562 5443 circumscriptum,
1591 5372 1657 5444 qnia
1683 5378 1884 5445 praeteribat

190 5467 218 5521 in
238 5472 360 5521 assumta
380 5483 476 5531 carne3
496 5470 524 5518 et
542 5463 656 5534 respicit
678 5461 819 5516 effusionis
837 5479 919 5517 voce:
945 5468 968 5516 1.
987 5465 1028 5516 ad
1050 5476 1105 5514 non
1141 5459 1194 5517 fuit
1228 5459 1304 5514 aliud
1334 5464 1465 5513 creatum.
1520 5463 1544 5512 3.
1577 5456 1705 5530 Corpora
1733 5458 1885 5533 glorificata

191 5553 326 5607 arsamis
359 5553 491 5621 pmticm.
542 5550 627 5604 Pater
657 5548 783 5604 coelestis
815 5548 962 5619 ἐχαρίσατο
993 5564 1027 5604 ex
1051 5546 1187 5604 ssssnea
1216 5545 1325 5602 ratibus
1352 5551 1436 5601 unns
1462 5558 1529 5599 vera
1555 5558 1686 5617 corpora,
1717 5560 1773 5605 nso
1797 5555 1885 5606 turm
