3984 6022
204 282 265 339 406
893 274 1017 335 LOCUS
1034 275 1198 334 TERTIUS

204 428 333 484 Ambros.
353 447 431 485 serm.
452 433 501 483 21:
528 431 618 483 Aded
637 431 718 483 Deus
736 431 835 493 Pater,
861 446 922 483 cum
947 430 1037 500 bapti·
1097 436 1138 488 82.
1174 430 1326 501 Excipiunt
1344 429 1502 487 Photiuiaui
1527 435 1551 485 1.
1575 449 1632 488 non
1645 433 1772 502 praem·
1792 448 1823 488 sn
1844 434 1895 487 boc

204 524 285 571 satur
309 516 461 581 Dominus,
485 517 566 569 adest
589 515 715 586 Spiritus
743 534 764 568 a.
801 519 841 570 Et
865 516 933 583 quin
956 517 1036 569 Deus
1063 518 1123 571 leco
1142 525 1197 571 tres
1215 517 1282 571 illos
1301 534 1359 571 esse
1376 518 1459 571 unsis
1482 518 1623 572 amiram
1644 518 1784 581 nemim
1799 537 1894 589 perso-

205 602 298 655 uideri
309 619 365 654 non
372 609 474 670 potest,
496 600 622 670 Spin'tns
634 602 664 654 in
677 602 810 670 columba,
828 602 915 656 Pater
927 605 1037 656 descen-
1063 621 1124 657 nos.
1160 603 1271 658 Goslav.
1291 608 1378 660 coum.
1399 602 1546 659 Keckerm.
1568 623 1596 676 p
1616 610 1656 661 42.
1682 612 1754 676 part.
1778 611 1801 662 1.
1827 622 1852 660 c.
1872 612 1896 662 t

206 690 249 742 dit
261 689 290 741 in
304 703 367 740 cose
380 688 508 755 quodque
519 688 610 741 solunt
622 689 664 741 ed
674 690 878 743 adstruendam
888 689 978 756 fidem
990 688 1036 741 bo·
1063 690 1146 762 Resp.
1164 689 1220 743 imo
1237 705 1302 744 vero
1320 689 1343 744 si
1361 689 1397 743 de
1413 689 1515 759 Patre,
1532 689 1604 745 Filio
1621 698 1650 746 et
1668 689 1776 762 Spiritu
1794 710 1832 759 a,
1850 689 1897 764 qui

206 775 324 828 minibus
343 775 530 827 necessarium
548 781 625 843 mot,
642 774 748 828 mbibet
765 775 948 838 eductorem,
962 775 1038 844 fides
1063 778 1093 830 in
1106 775 1159 830 hac
1171 781 1326 847 θεοφανείᾳ
1344 791 1404 831 sese
1421 775 1606 840 manifestant,
1623 793 1689 832 vore
1708 776 1851 835 affirmare
1866 793 1898 834 ec

205 860 277 914 esaim
295 867 391 913 nostre
410 860 467 913 nisi
484 861 585 913 cudda
610 879 666 914 nnn
690 869 798 914 conwtet
823 869 849 915 et
872 861 948 927 uisu,
972 861 1037 914 ideo
1063 862 1178 918 firmiter
1192 862 1380 917 demonstrare
1396 863 1557 931 possumus,
1575 864 1650 933 quod
1668 863 1787 934 quilibet
1804 880 1899 922 eom

205 963 235 1000 se
252 945 377 1014 Spiritus
395 946 426 998 in
445 945 571 1000 columbo
591 945 680 999 oculis
696 947 804 1015 subdu,
822 948 908 1000 Pater
927 949 957 1000 in
973 962 1039 999 noce
1065 949 1101 1005 sit
1114 965 1196 1003 verus
1210 947 1288 1003 Deus
1301 952 1330 1003 et
1344 964 1410 1003 vcro
1423 965 1456 1003 ex
1473 947 1536 1002 aliis
1552 948 1711 1019 Scriptum
1728 947 1800 1004 locis
1817 949 1897 1006 adeo·

111 1068 115 1074 -
205 1050 235 1086 se
255 1033 371 1085 numius
387 1032 588 1085 subministrat.
614 1034 689 1086 Nam
706 1033 765 1086 nisi
776 1041 897 1102 propter
915 1040 1040 1087 nostram
1066 1051 1120 1107 que
1138 1051 1173 1089 ex
1190 1033 1252 1104 ipsa
1268 1032 1488 1090 adversariorum
1505 1035 1681 1091 concessione
1697 1051 1755 1089 non
1778 1042 1823 1091 est
1846 1037 1897 1092 uiri

201 1120 289 1188 fidem
308 1119 364 1172 abta
376 1118 446 1187 fieri
463 1119 640 1188 moderaret,
652 1119 746 1187 ponis
765 1119 855 1172 Pater
871 1127 897 1172 et
916 1119 1040 1189 Spiritus
1065 1137 1137 1176 nnus
1148 1136 1243 1174 -rerns
1261 1119 1354 1187 Deus,
1381 1136 1414 1173 ex
1435 1134 1467 1175 eo
1491 1118 1602 1175 immoto
1623 1120 1779 1193 colligitur,
1800 1120 1897 1176 harum

206 1224 227 1258 s.
249 1213 384 1273 mrsquons
402 1205 552 1259 inuisibilis
572 1207 652 1259 Deua
670 1207 712 1258 cd
733 1205 849 1258 Verbum
867 1205 974 1259 steten
998 1206 1040 1259 in·
1065 1205 1147 1261 trium
1176 1221 1356 1276 personarum
1384 1222 1444 1262 esse
1475 1222 1560 1261 unam
1589 1205 1712 1261 divinam
1742 1207 1896 1264 esoenfiem.

206 1291 312 1344 visibili
343 1291 529 1360 prolapsione
567 1293 742 1346 descendere.
797 1292 890 1360 Ipitur
923 1299 1040 1361 propser
1066 1291 1266 1364 conjungimus
1308 1298 1401 1347 autem
1442 1309 1494 1363 pro
1536 1290 1674 1366 ipoouolp
1719 1310 1817 1350 earum
1852 1294 1896 1349 de

207 1386 331 1432 andrum
349 1379 438 1446 fidem
460 1386 559 1447 aperto
585 1378 662 1431 coelo
687 1378 811 1446 Spsiritus
832 1380 873 1432 nd
892 1378 1038 1445 Christum,
1067 1378 1245 1434 mentuenda
1277 1378 1359 1434 etiam
1392 1378 1501 1451 reliqua
1536 1379 1695 1450 scripturae
1736 1381 1815 1436 dicta
1850 1397 1897 1435 suo

207 1465 473 1531 PoterodFitium,
492 1481 544 1517 noa
559 1463 703 1517 deseendit
720 1465 762 1517 od
777 1464 903 1530 Verbum,
926 1465 1040 1518 Verbum
1065 1466 1127 1520 loco
1160 1471 1327 1520 enumerata
1379 1464 1491 1520 Patrem
1524 1481 1585 1521 esse
1614 1483 1710 1521 verum
1746 1466 1841 1522 Deum
1871 1472 1898 1522 et

207 1551 280 1603 enim
294 1549 421 1603 Christus
439 1558 486 1614 est,
506 1558 535 1602 nt
557 1551 622 1602 bene
640 1551 730 1602 Pater
748 1566 800 1603 uos
820 1557 846 1603 et
864 1549 959 1604 Filius
974 1550 1029 1604 Ver
1067 1549 1225 1608 distinctom
1259 1570 1277 1608 a
1309 1551 1382 1608 Filio
1423 1567 1568 1625 personam
1611 1551 1768 1607 concedunt
1805 1552 1899 1607 Photi-

145 1702 152 1721 .
210 1637 271 1689 bem
286 1637 400 1704 dicitur,
420 1638 487 1705 quia
504 1636 687 1690 Verbnrnnon
700 1637 757 1690 crisi
772 1638 807 1690 de
825 1652 888 1690 uoce
902 1636 1041 1706 procedit.
1065 1637 1158 1706 niani;
1195 1637 1296 1693 Filium
1327 1655 1387 1694 esse
1411 1638 1569 1693 duunstm
1600 1654 1619 1692 a
1643 1639 1729 1693 Patre
1753 1655 1900 1709 personam

207 1722 327 1794 August.
355 1722 402 1777 lib.
431 1728 455 1778 1.
484 1722 520 1777 de
545 1721 644 1778 Trinit.
672 1738 695 1776 e.
724 1728 768 1777 lo:
795 1723 893 1775 Petris
915 1739 1041 1791 persono
1067 1723 1236 1788 concedunt,
1257 1741 1354 1779 verum
1376 1729 1405 1779 et
1426 1729 1570 1779 aeternum
1589 1723 1683 1780 Deum
1704 1741 1767 1780 ease
1789 1731 1900 1796 negent,

208 1809 364 1863 ostenditur
381 1809 411 1861 in
432 1808 487 1861 illo
504 1825 576 1862 voce.
614 1808 670 1860 Hie
689 1815 728 1861 est
742 1808 837 1861 iilius
860 1825 952 1876 meus,
980 1814 1041 1873 etc,
1069 1807 1201 1880 Spiritum
1218 1828 1239 1863 s.
1260 1826 1319 1865 esse
1343 1810 1471 1865 virtutem
1488 1809 1543 1866 Dei
1568 1810 1741 1877 csucednnt,
1770 1809 1822 1865 sed
1842 1827 1900 1867 erse

125 1897 127 1907 ⁴
208 1915 264 1949 non
281 1894 348 1963 quio
359 1895 427 1963 fieri
440 1894 535 1963 potuit
552 1912 603 1946 voe
625 1894 685 1947 sine
709 1911 793 1962 opere
808 1895 882 1948 Filii
905 1902 930 1947 st
950 1895 1041 1963 Spiri-
1066 1912 1212 1966 personam
1231 1896 1344 1951 aPatre
1362 1895 1473 1951 etFilio
1491 1895 1649 1950 distinctam
1667 1901 1782 1966 negant.
1810 1895 1897 1961 Quod·

210 1991 254 2035 tus
288 2000 308 2035 s.
345 1982 489 2056 (trinitas,
506 1981 609 2051 qnippe
640 1982 868 2050 inseparabiliter
896 1983 1041 2051 operate),
1068 1983 1175 2052 siergo
1193 1982 1410 2038 demonstratum
1427 1981 1526 2045 fucrit,
1551 1980 1654 2035 Filium
1672 1998 1734 2036 esse
1754 1998 1852 2037 rerum
1873 1988 1899 2037 et

209 2070 262 2121 sed
279 2069 347 2136 quin
371 2085 405 2119 eu
428 2085 480 2119 roe
495 2068 583 2133 sucta
605 2075 660 2134 est,
688 2084 758 2135 quae
781 2067 869 2121 solius
888 2084 1041 2136 personum
1069 2072 1210 2122 actmnum
1221 2067 1321 2135 Deum,
1340 2067 1473 2139 Spiritum
1486 2086 1508 2123 s.
1530 2083 1589 2122 esse
1607 2083 1756 2138 personam
1774 2067 1899 2135 divinam,

210 2154 309 2206 Patris
327 2154 490 2220 ostenderet,
507 2152 579 2205 sicut
598 2151 748 2205 lunanum
767 2152 990 2219 iliumsormcm
1010 2170 1043 2207 sn
1068 2152 1186 2222 probata
1202 2153 1255 2208 erit
1273 2153 1370 2209 horum
1387 2153 1471 2207 trium
1489 2152 1633 2227 ὀμοουσία.
1667 2152 1829 2224 Utrumque
1844 2160 1899 2208 tum

209 2239 317 2307 cirpine
335 2239 437 2293 Maria
454 2239 566 2291 trinitus
584 2247 700 2307 operatu
719 2247 774 2302 est,
798 2240 851 2290 sed
865 2239 953 2292 solius
971 2239 1044 2292 situ
1068 2255 1102 2293 ex
1120 2237 1265 2295 collatione
1283 2239 1365 2309 hujus
1384 2237 1437 2294 loci
1460 2254 1523 2293 cum
1546 2238 1608 2293 aliis
1627 2238 1792 2307 scripturae
1816 2238 1899 2307 dces

205 2342 331 2395 persone
347 2333 396 2379 est.
426 2325 567 2381 Visibilern
586 2343 705 2394 nuruique
722 2326 811 2378 solius
824 2325 897 2378 Filii
912 2333 1043 2379 amaram
1068 2326 1104 2379 ad
1123 2339 1194 2395 quae
1215 2325 1244 2378 in
1263 2323 1316 2379 hac
1334 2323 1395 2395 ipsa
1413 2330 1568 2393 teopnurip
1585 2323 1769 2388 remittimur,
1795 2331 1854 2380 urm
1869 2341 1900 2379 eu

209 2412 358 2465 invisibilis
373 2411 487 2464 trinitas
500 2420 616 2481 operato
631 2419 677 2464 est.
708 2409 826 2481 Spiritus
838 2428 860 2468 s.
873 2428 929 2465 non
939 2426 1043 2465 assum
1067 2409 1129 2479 ipsa
1143 2408 1411 2465 circumstantiarum
1423 2410 1642 2466 consideratione
1653 2409 1899 2466 demonstravimus

210 2497 246 2551 sit
269 2496 405 2553 visibilem
429 2497 506 2552 illam
531 2496 652 2567 speciem
678 2495 822 2551 columbae
851 2496 880 2549 in
908 2512 1043 2566 personae
1068 2495 1209 2566 superius,
1229 2500 1256 2549 2.
1277 2514 1333 2549 nou
1347 2514 1431 2565 posse
1450 2514 1482 2550 ss
1500 2497 1551 2550 boc
1567 2497 1629 2551 loco
1641 2497 1764 2565 probari
1779 2497 1900 2566 Spiritu

67 2636 73 2652 ,
146 2615 149 2618 ,
209 2600 275 2638 suae
288 2583 432 2651 unitatem,
449 2583 521 2637 sicat
535 2581 622 2636 Filius
633 2587 784 2636 assumtam
796 2598 914 2648 carnem,
932 2581 1042 2638 interim
1068 2600 1089 2635 s.
1108 2598 1166 2635 esse
1188 2600 1350 2650 personam.
1386 2581 1496 2636 Goslav.
1522 2582 1549 2636 d.
1572 2582 1589 2635 l.
1617 2601 1674 2635 non
1695 2591 1821 2652 oppos-et
1843 2583 1899 2636 liu

210 2673 303 2722 tamen
322 2669 351 2722 in
367 2669 417 2723 illa
439 2668 624 2739 patefactione
647 2666 734 2721 voluit
757 2666 841 2722 etiam
861 2665 920 2737 ipse
943 2666 972 2721 in
994 2684 1041 2737 pe·
1070 2668 1195 2737 Spiritus
1222 2687 1244 2720 s.
1266 2684 1323 2721 esse
1342 2685 1500 2736 pesonam.
1528 2667 1580 2737 (At
1604 2668 1696 2723 undae
1723 2668 1822 2724 virtuti
1850 2683 1900 2721 uon

210 2754 309 2809 culiari
326 2754 418 2825 specie
435 2753 472 2807 ad
492 2758 600 2823 tempus
625 2758 748 2808 assumta
764 2770 794 2808 se
817 2752 1042 2823 conspiciendum
1069 2753 1201 2824 competit
1220 2753 1391 2823 corporalem
1409 2755 1529 2826 speciem
1548 2771 1701 2822 assumere,
1721 2754 1751 2809 in
1768 2771 1804 2810 ea
1820 2770 1899 2825 appa·

211 2839 354 2908 exhibere,
381 2845 412 2892 ut
431 2837 570 2893 distinctio
587 2853 767 2911 personarum
794 2837 928 2892 illustrius
953 2843 1043 2902 osten·
1069 2856 1129 2896 rere
1148 2846 1176 2896 et
1193 2840 1368 2909 descendere,
1389 2841 1451 2912 quis
1464 2841 1537 2896 enim
1553 2834 1769 2913 unquam'lcgit,
1788 2839 1897 2902 audivit,

210 2925 329 2981 deretur.
365 2931 388 2980 3.
409 2923 505 2978 Trium
525 2925 673 2993 distinctae
698 2925 820 2978 actiosus
844 2923 1043 2979 describuntur.
1067 2927 1137 2982 vidit
1154 2925 1208 2981 Dei
1226 2927 1455 2997 misericordiam,
1481 2927 1646 2998 sapientiam
1665 2932 1720 2983 etc.
1740 2927 1770 2983 in
1788 2935 1896 2985 exterus

210 3012 291 3067 Alius
302 3019 352 3082 est,
373 3011 422 3083 qui
441 3011 476 3067 de
488 3011 564 3066 coelo
583 3010 692 3065 clamat.
718 3012 774 3064 Hic
793 3018 832 3064 est
847 3012 940 3064 Filius
959 3027 1043 3079 murs,
1070 3013 1188 3083 quadam
1206 3013 1296 3067 forma
1314 3020 1437 3068 assumta
1455 3013 1679 3084 comparentem?
1710 3014 1761 3070 sed
1786 3023 1831 3070 est
1852 3014 1899 3068 rir-

210 3117 282 3171 quae
301 3099 388 3154 verba
405 3116 461 3155 non
478 3104 594 3169 possunt
612 3114 644 3151 eo
662 3114 745 3153 sensu
765 3098 800 3151 ad
819 3097 921 3152 Filium
939 3097 1044 3165 referri,
1069 3099 1137 3153 tutis
1156 3115 1206 3169 per
1225 3115 1254 3154 se
1281 3099 1464 3169 subsistentis,
1489 3100 1518 3154 id
1542 3105 1600 3168 est,
1626 3105 1719 3157 certae
1744 3102 1898 3172 persensa)

209 3186 288 3260 quasi
307 3185 393 3257 ipsius
412 3184 496 3241 etiam
519 3183 588 3239 haec
610 3202 662 3238 vor
681 3184 782 3254 fuerit,
806 3183 874 3238 alias
902 3190 974 3238 esset
1000 3184 1043 3237 sui
1070 3184 1250 3240 Schmaltnius
1279 3185 1368 3240 tribus
1397 3184 1551 3240 rationibus
1580 3185 1750 3241 corbanum
1780 3186 1901 3242 enneae

210 3274 297 3344 ipsius
315 3271 398 3341 filius,
415 3289 466 3328 nec
478 3271 515 3326 ad
527 3270 661 3342 Spiritum
673 3289 695 3324 s.
712 3270 781 3325 alias
801 3276 873 3326 esset
891 3269 1010 3341 Spiritus
1021 3288 1042 3325 s.
1070 3275 1193 3337 conatur,
1212 3271 1354 3340 primaest
1366 3289 1385 3324 a
1402 3272 1528 3342 simplici
1538 3273 1684 3340 nepotiane
1701 3273 1804 3328 ducta:
1826 3272 1900 3335 Quod

209 3361 290 3416 filius.
319 3360 400 3414 Alius
413 3364 464 3426 est,
482 3359 529 3429 qni
542 3357 643 3428 inripa
661 3357 791 3413 iordanis
803 3362 867 3427 post
884 3362 1043 3426 susceptum
1071 3357 1196 3427 Spiritus
1209 3374 1230 3409 s.
1243 3357 1444 3426 subpeculieri
1459 3358 1600 3411 columboe
1618 3358 1710 3427 specie
1726 3375 1815 3429 super
1827 3356 1900 3412 curt

209 3446 377 3518 baptismum
395 3452 472 3514 orat;
499 3444 581 3497 Alius
603 3444 650 3515 qui
669 3444 697 3497 in
717 3443 809 3514 specie
829 3443 974 3498 columbae
996 3444 1044 3499 de·
1069 3451 1141 3497 dum
1157 3443 1337 3511 appenserit,
1363 3460 1412 3495 nec
1433 3451 1521 3496 tectus
1538 3445 1629 3511 docet,
1657 3460 1708 3496 nec
1732 3444 1778 3499 rei
1802 3445 1900 3498 essu

210 3533 317 3588 scandit
334 3538 361 3588 et
380 3549 463 3603 super
481 3531 620 3586 Christum
639 3537 740 3586 manet
775 3531 818 3598 Is,
838 3532 918 3600 cujus
936 3547 989 3585 vox
1008 3531 1044 3584 de
1068 3530 1136 3592 fert.
1173 3526 1277 3582 Contra
1296 3528 1443 3582 Frentaius
1460 3546 1487 3598 p.
1508 3534 1548 3582 35.
1584 3528 1624 3582 At
1642 3527 1711 3599 quid
1730 3529 1900 3585 manitatius

210 3619 287 3674 coelo
307 3624 403 3683 sonat,
426 3617 554 3684 auditur,
576 3605 632 3670 non
648 3616 775 3683 videtin,
799 3616 822 3669 is
841 3616 888 3685 qui
905 3616 934 3671 in
952 3616 1043 3686 specie
1070 3614 1160 3670 verbis
1176 3613 1232 3668 illis
1249 3613 1488 3686 evangelistarum.
1519 3616 1594 3668 Vidit
1606 3615 1753 3670 Jonannsr
1767 3615 1901 3686 Spiritu

213 3705 357 3762 columbae
376 3702 535 3769 descendit,
562 3703 688 3770 videtur,
713 3702 762 3757 sed
787 3719 842 3756 non
863 3701 992 3770 auditur3
1012 3702 1043 3769 is,
1070 3700 1129 3752 Dei
1146 3702 1353 3754 descendentem
1372 3707 1505 3768 terpiton
1522 3701 1675 3755 columbam
1701 3709 1728 3754 et
1751 3702 1900 3756 uniames

214 3793 261 3864 qui
280 3793 309 3845 in
327 3790 449 3847 Jordane
466 3788 624 3858 baptizatus
642 3789 671 3842 in
696 3788 757 3859 ripa
780 3787 912 3854 consistit,
934 3787 1044 3843 videtur
1072 3803 1157 3855 super
1181 3787 1271 3856 speum
1296 3784 1458 3855 (Christum)
1481 3784 1581 3841 Matth.
1599 3792 1630 3853 3,
1653 3804 1678 3839 ι.
1699 3791 1739 3842 16.
1775 3785 1862 3843 Marc.
1881 3791 1901 3850 l,

213 3879 242 3935 in
258 3883 382 3933 assumta
396 3892 485 3943 carne,
502 3874 798 3929 auditurinorationis
811 3891 885 3928 voce.
912 3880 936 3929 4.
948 3873 1043 3928 Trium
1071 3889 1096 3923 v.
1119 3878 1157 3927 111.
1194 3870 1347 3926 Descendit
1367 3873 1491 3942 Spiritus
1508 3890 1530 3925 s.
1547 3872 1693 3942 corpordi
1710 3873 1804 3942 specie
1825 3872 1902 3944 quusi

211 3965 586 4032 distinctarumpersonarum
597 3960 940 4030 beneficiodcscribuntur
960 3961 1044 4015 Pater
1070 3959 1197 4012 columbo
1215 3960 1244 4011 in
1262 3960 1362 4028 ipsum.
1392 3958 1461 4012 Luc.
1476 3963 1499 4020 3,
1516 3976 1542 4010 ι.
1559 3963 1600 4014 22.
1627 3956 1757 4014 Secunda
1776 3958 1901 4030 spissari

209 4052 312 4108 Filium
333 4066 412 4103 suum
431 4047 563 4103 dilectum
581 4047 610 4101 in
629 4047 703 4101 hunc
723 4048 856 4101 muudum
881 4046 969 4111 misit,
994 4064 1044 4116 per
1070 4045 1262 4113 eranpetntae.
1300 4044 1424 4112 Spiritus
1441 4063 1473 4112 a,
1498 4043 1548 4112 qui
1564 4045 1605 4097 ito
1623 4045 1779 4115 desceadit,
1798 4055 1829 4100 ut
1847 4063 1898 4100 m

210 4155 292 4210 quem
314 4138 425 4191 locatus
444 4140 487 4188 est
502 4151 566 4188 cum
584 4150 685 4205 genere
709 4133 830 4187 humano
851 4150 884 4187 ae
906 4126 956 4204 per
977 4150 1043 4188 eun·
1069 4139 1145 4185 nord
1156 4149 1240 4200 super
1254 4131 1393 4186 Christum
1405 4128 1525 4185 Johann.
1540 4136 1562 4197 1,
1578 4147 1604 4183 v.
1618 4134 1660 4185 33.
1682 4129 1899 4202 Quornodoper-

137 4211 141 4220 ¹
210 4227 273 4281 dem
300 4223 434 4278 mundum
462 4221 516 4276 sibi
545 4208 742 4275 reconciliavit.
779 4219 867 4274 Filius
894 4219 1043 4275 humanam
1069 4236 1139 4272 eorm
1156 4233 1214 4271 esse
1227 4225 1329 4287 potest,
1346 4235 1408 4270 cuns
1426 4218 1461 4269 de
1475 4233 1608 4284 persona,
1629 4218 1729 4286 miska
1747 4227 1816 4272 sunt
1826 4220 1900 4273 Dour

208 4317 336 4368 naturam
366 4309 396 4364 in
425 4322 558 4378 personae
586 4307 719 4362 unitatem
749 4306 893 4373 assumsit,
923 4307 1045 4378 suscepit
1070 4312 1095 4358 et
1115 4304 1249 4372 Christis,
1267 4320 1404 4372 nusquam
1418 4303 1533 4370 bpntur,
1551 4304 1628 4371 pund
1646 4305 1900 4361 momntoslsiat

211 4399 395 4454 nostricausa
405 4394 573 4464 baptismum
590 4401 622 4449 ut
635 4393 763 4464 impleret
779 4393 1041 4465 omnemjustitiam.
1070 4408 1154 4459 super
1171 4391 1309 4460 aliquem,
1338 4392 1572 4459 quemadmodum
1588 4392 1625 4444 do
1643 4391 1726 4444 rebius
1748 4409 1849 4462 nempe
1868 4393 1900 4445 de

143 4532 145 4539 ,
211 4485 329 4555 Spiritus
340 4503 360 4537 s.
370 4500 453 4552 super
465 4480 605 4536 Christum
616 4479 763 4535 visibiliter
775 4480 918 4535 descendit
926 4497 1044 4550 eumque
1071 4478 1117 4530 ira
1131 4477 1202 4544 Dei,
1217 4479 1332 4546 depone
1346 4484 1370 4529 et
1383 4477 1579 4530 miserimrdia
1596 4476 1629 4530 id
1646 4476 1773 4545 issimus.
1804 4478 1901 4535 Contra

157 4565 161 4571 ’
211 4569 387 4626 invisibiliter
405 4569 497 4637 unsit,
515 4575 545 4620 ut
562 4567 741 4620 annuntiaret
759 4567 877 4635 captiuis
895 4566 1043 4634 indulpsn·
1071 4561 1189 4633 Schopp.
1210 4563 1245 4618 de
1257 4562 1333 4618 min.
1349 4580 1375 4634 p.
1387 4569 1428 4619 34.
1454 4563 1537 4633 Besp.
1556 4580 1611 4617 non
1631 4562 1666 4617 de
1683 4561 1799 4621 Christo
1817 4563 1900 4620 mlum

210 4659 295 4725 tiam,
324 4655 431 4709 ctnuss's
457 4654 630 4722 apertionem
649 4652 715 4707 Esa.
736 4657 787 4721 ot,
814 4669 840 4705 v.
859 4658 883 4721 3,
910 4650 961 4707 hoc
990 4656 1042 4716 est,
1069 4648 1244 4717 iohannis,
1262 4647 1472 4705 v.10.dicitur:
1492 4649 1627 4703 Peterin
1648 4664 1690 4702 ms
1713 4649 1900 4720 monenripas

210 4743 329 4814 Spiritus
353 4757 373 4793 s.
400 4757 449 4810 per
473 4738 655 4793 ministerium
678 4738 817 4809 evangelii
842 4755 860 4792 a
882 4737 990 4792 Christo
1015 4738 1043 4793 in
1063 4736 1143 4803 saoit
1161 4753 1256 4806 opera
1273 4735 1323 4791 sed
1340 4734 1422 4790 enam
1439 4734 1474 4791 ds
1491 4734 1544 4806 piis
1563 4733 1631 4789 dicit
1648 4733 1778 4791 Christus
1794 4734 1900 4801 Jolnt,

210 4828 323 4900 propria
337 4840 455 4898 persona
468 4823 628 4879 inchoatum
642 4829 671 4877 et
683 4823 816 4894 apostolis
824 4823 1044 4879 commendatum
1069 4839 1096 4876 v.
1117 4828 1161 4879 56:
1185 4822 1240 4884 Qui
1256 4823 1408 4875 munducat
1425 4839 1536 4875 curnem
1552 4837 1641 4875 neom
1662 4828 1688 4873 et
1707 4821 1900 4891 bibitampai·

85 4922 123 4961 ¹¹¹·
137 4917 184 4963 ²¹&
211 4914 353 4972 distribuit
368 4910 505 4968 beneficia
522 4909 625 4966 Christi
641 4910 769 4980 passione
787 4927 821 4966 ac
840 4910 936 4965 merito
955 4915 1057 4981 parta,
1071 4926 1131 4962 nem
1148 4925 1245 4972 meum,
1263 4909 1293 4962 in
1310 4925 1352 4960 me
1369 4915 1461 4961 nannet
1479 4914 1504 4960 et
1523 4924 1572 4975 epo
1589 4907 1619 4959 in
1636 4905 1696 4960 ilio.
1727 4906 1900 4971 iohannis

211 5002 258 5057 Ad
276 5001 345 5056 haec
365 4997 496 5053 disfincta
515 4994 597 5050 trium
623 4994 775 5050 divinitatis
796 5009 975 5066 personarum
996 4984 1056 5050 bel
1069 5012 1094 5048 v.
1115 5000 1160 5050 16:
1189 4994 1313 5063 Spiritus
1337 5014 1358 5046 s.
1376 4993 1496 5047 manebit
1517 4990 1579 5065 μεθ’
1604 4990 1694 5060 ἡμῶν,
1721 5009 1747 5046 v.
1776 5000 1815 5050 17.
1838 4992 1897 5064 παρ’

211 5087 311 5144 neficia
328 5087 357 5141 in
374 5083 538 5141 adunanda
557 5082 608 5138 ills
624 5087 779 5156 θεοφανείᾳ
799 5082 879 5138 nobis
903 5050 1058 5154 propositai
1073 5081 1146 5154 ὑμῖν.
1163 5080 1197 5137 V.
1209 5086 1254 5136 23:
1273 5080 1308 5136 Si
1316 5081 1379 5150 quis
1390 5080 1486 5148 ditipit
1503 5096 1553 5147 ιιιι,
1572 5094 1727 5134 sermonem
1739 5097 1832 5135 muns
1846 5096 1900 5135 ser

211 5173 241 5227 iu
265 5172 438 5229 invocatione
459 5169 596 5241 respicere
620 5170 753 5226 debemus
778 5177 806 5225 et
829 5174 925 5226 contra
949 5183 1044 5224 omues
1055 5161 1058 5209 l
1070 5167 1153 5234 aoid,
1172 5175 1198 5220 et
1216 5169 1304 5220 Pater
1323 5181 1399 5220 mesu
1417 5166 1518 5234 dilipet
1538 5183 1608 5234 uam,
1629 5172 1654 5217 st
1673 5167 1715 5219 cd
1733 5181 1796 5220 enm
1814 5166 1900 5220 ossis

211 5258 429 5314 edissenorum
450 5256 574 5327 argutias
590 5255 654 5312 fidei
673 5255 849 5326 simplicitate
872 5254 901 5310 in
925 5253 978 5311 hac
1002 5271 1044 5310 re·
1069 5271 1130 5306 mus
1153 5253 1310 5326 sulpuris
1334 5250 1395 5321 παρ’
1423 5250 1496 5320 αὐτῷ
1518 5249 1681 5318 ποιήσομεν.
1703 5249 1736 5307 C·
1760 5257 1809 5322 15,
1824 5269 1850 5306 r.
1871 5257 1900 5308 4:

211 5344 348 5400 velatione
364 5343 556 5415 acquiescere,
585 5342 656 5397 sicut
678 5341 718 5413 pii
740 5349 846 5398 veteres
869 5340 981 5396 dicunt:
1011 5340 1046 5395 Si
1069 5347 1178 5393 monete
1189 5340 1219 5394 in
1230 5356 1281 5408 nse,
1300 5347 1326 5392 et
1340 5356 1389 5407 epo
1405 5339 1434 5391 in
1445 5339 1530 5392 rona.
1557 5336 1800 5403 Quemadmodum
1818 5337 1900 5410 igitir

210 5448 267 5486 non
285 5431 376 5485 medis
395 5432 562 5499 tmsdntem,
590 5430 723 5485 condere
739 5430 899 5484 Jobennem
917 5429 958 5482 ad
975 5428 1043 5482 Jor-
1069 5422 1235 5496 phrasisilla
1253 5424 1288 5479 de
1298 5423 1384 5479 Patre
1400 5429 1540 5494 usurpate,
1557 5422 1633 5495 quod
1648 5430 1764 5477 nonest
1774 5425 1806 5478 in
1819 5424 1900 5491 liiiio,

138 5509 141 5515 ’
211 5520 313 5574 danem
330 5523 356 5570 et
372 5517 487 5572 osdebss
1054 5502 1148 5581 lpseod
1157 5512 1194 5566 sit
1206 5510 1325 5566 iustus
1337 5508 1456 5569 Jobauu
1473 5514 1512 5576 lt,
1526 5526 1552 5562 s.
1570 5514 1612 5580 111,
1628 5513 1709 5565 nont
1719 5510 1900 5575 arctimimam
