3984 6022
607 247 610 253 ’
631 287 684 342 nu
699 286 875 347 Perseus
894 284 945 341 nu
964 283 1115 361 orarem
1136 289 1297 397 suanm.
1759 305 1818 363 σοι

127 441 249 496 omnium
261 441 457 498 recludendam
475 456 546 510 esse,
562 459 625 497 cum
643 442 768 512 ejusdem
784 443 822 497 ait
839 444 958 513 primum
985 449 1114 500 naturam
1132 446 1259 503 Christus
1277 455 1319 504 eat
1337 448 1392 505 Dei
1408 447 1511 516 Filius,
1536 449 1619 519 juxta
1640 450 1756 506 medem
1780 458 1822 507 est

126 536 156 582 et
173 529 350 600 praecipuum
365 528 581 584 fundamentum.
619 528 739 592 Quodsi
757 530 958 601 omnipraeseu·
986 529 1015 586 in
1043 534 1133 589 medio
1164 536 1354 605 precantium,
1382 542 1413 591 ut
1444 534 1566 591 ostendit
1589 535 1729 605 particula
1756 537 1818 611 γάρ.

124 615 183 668 tiae
209 616 307 670 vocula
335 616 363 669 in
389 614 480 685 priore
504 614 706 687 significatione
734 622 883 687 usurpetur
909 634 959 687 pro
986 618 1050 676 lam
1069 638 1134 678 vero
1157 623 1239 693 juxta
1263 628 1408 695 utramque
1433 627 1561 678 natumm
1586 628 1630 677 est
1646 621 1700 679 Dei
1717 623 1821 695 Filius;

124 698 292 771 ἀόιαστιισίᾳ
309 702 399 756 carnis
415 708 445 758 ‘et
456 702 556 771 Λόγου
574 719 608 758 ex
624 702 805 776 περιχωρήσει
821 702 960 777 personali
986 710 1011 764 3.
1029 723 1129 763 nomen
1145 708 1247 765 Christi
1264 715 1342 765 notat
1361 726 1417 764 non
1433 708 1521 764 solum
1540 714 1668 764 naturam
1687 709 1820 777 divinam,

125 792 199 855 orta,
224 794 281 840 tum
301 788 366 842 unio
385 807 440 844 non
459 795 569 844 tautum
588 787 706 859 primum
725 797 754 844 et
771 790 960 861 praecipuum,
986 794 1036 848 sed
1056 794 1142 850 totius
1155 795 1267 860 Christi,
1282 795 1336 850 Dei
1353 801 1381 852 et
1401 795 1527 865 hominis,
1547 796 1707 853 mediatoris
1724 802 1753 852 et
1764 798 1818 852 sal-
1834 799 1879 842 111·
1892 797 1938 842 ⁵⁰⁰·

125 873 278 927 sedetiam
296 874 421 939 unicum,
448 873 640 930 immediatum
655 881 684 931 et
709 876 895 947 adaequatum
919 882 962 930 est
986 881 1089 935 satoris
1108 882 1209 949 nostri,
1234 882 1395 937 mandatum
1414 889 1443 939 et
1461 882 1600 939 fiduciam.
1634 882 1722 938 Juxta
1734 901 1818 956 quam

125 959 250 1028 ejusdem
271 959 490 1017 fundamentum.
524 962 597 1019 Nam
620 968 767 1033 postquam
790 963 855 1016 unio
881 968 960 1016 natu·
987 975 1113 1022 naturam
1131 966 1256 1024 Christus
1274 976 1316 1024 est
1333 960 1577 1026 nosmr'meuiator
1594 975 1623 1024 et
1643 987 1694 1024 nos
1710 972 1818 1040 precari

123 1063 217 1100 rarum
241 1046 335 1115 sacta,
363 1048 392 1101 in
415 1053 555 1118 posterum
580 1064 613 1103 ea
637 1064 688 1103 nec
712 1048 781 1103 solvi
801 1065 852 1103 nec
873 1048 962 1103 dividi
983 1053 1069 1122 jussit
1085 1061 1113 1109 et
1130 1055 1333 1110 exauditionem
1358 1056 1483 1129 promisit
1506 1064 1534 1111 et
1557 1074 1576 1112 a
1600 1056 1681 1112 nobis
1705 1057 1819 1114 fiducia-

125 1136 247 1202 unquam
257 1139 357 1203 potest,
377 1134 493 1204 proinde
504 1133 518 1189 ὁ
531 1133 629 1204 Λόγος
641 1152 782 1206 nunquam
795 1143 824 1190 et
834 1135 962 1205 nuspiam
986 1138 1050 1194 liter
1067 1140 1293 1211 apprehenditur,
1309 1144 1391 1212 juxte
1411 1143 1527 1199 eandem
1544 1141 1625 1198 nobis
1642 1143 1821 1213 precantibus
1886 1136 1888 1142 ’

125 1218 205 1273 abest
222 1235 240 1273 s
257 1237 309 1274 sua
326 1236 410 1275 carne
426 1238 479 1277 nec
495 1238 561 1278 caro
578 1238 596 1276 a
613 1222 715 1292 Λόγῳ,
739 1223 789 1276 sed
803 1221 962 1293 ubicunque
987 1242 1116 1296 praesens
1126 1228 1221 1282 adest.
1257 1228 1321 1284 Jam
1338 1246 1406 1285 vero
1422 1231 1504 1299 juxte
1522 1237 1668 1301 utramque
1693 1236 1821 1286 naturam

124 1312 168 1360 ast
184 1304 199 1359 ό
218 1303 329 1376 Λόγος,
347 1306 387 1361 ihi
404 1314 518 1363 estnon
536 1306 666 1382 όσαριιος,
684 1308 733 1364 sed
752 1309 894 1379 ἕνοαριιος,
913 1307 961 1362 ha·
987 1317 1031 1367 est
1047 1319 1141 1367 noster
1164 1314 1300 1370 mediator
1318 1318 1369 1370 etc.
1404 1314 1468 1371 Hoc
1492 1316 1582 1387 ipsum
1604 1315 1707 1385 probat
1727 1317 1822 1371 arctis·

123 1392 216 1447 hitans
236 1392 265 1446 iu
284 1409 336 1447 sua
353 1410 435 1450 carne
460 1394 641 1465 personaliter
664 1394 717 1450 sibi
737 1395 831 1463 unita,
855 1402 883 1451 et
901 1395 961 1450 ubi·
987 1397 1059 1453 sima
1083 1405 1244 1454 naturarum
1272 1402 1345 1457 unio.
1395 1402 1468 1458 Tota
1492 1401 1679 1476 θιανθριόποο
1705 1418 1824 1474 persona

123 1495 234 1550 cunque
253 1487 296 1534 est
311 1479 412 1550 Λόγου
431 1481 595 1551 ὑπόστασις,
620 1481 661 1536 ibi
679 1481 763 1538 etiam
782 1489 824 1537 est
841 1481 962 1536 humana
987 1500 1043 1539 non
1062 1492 1155 1555 potest
1173 1486 1229 1541 dici
1249 1504 1390 1558 praesens,
1409 1487 1458 1543 ubi
1471 1487 1552 1544 abest
1567 1488 1733 1557 humanitas,
1750 1504 1823 1559 quae

123 1573 223 1619 natura
240 1566 269 1620 in
290 1567 442 1622 ὑπόστασιν
459 1567 536 1622 illam
554 1574 666 1635 evecta,
690 1584 754 1621 cum
771 1584 806 1623 ea
826 1574 960 1623 nonatan·
987 1577 1050 1641 post
1067 1570 1170 1626 mem
1186 1573 1404 1630 incarnationem
1421 1579 1463 1630 est
1485 1574 1560 1629 illius
1585 1580 1721 1645 personae
1742 1575 1823 1647 quasi

123 1658 183 1704 tum
201 1651 325 1722 divinae,
349 1653 398 1708 sed
422 1653 505 1707 etiam
525 1660 664 1709 msumtae
689 1652 827 1708 humanae
844 1660 961 1712 naturae
988 1657 1126 1729 quaedam
1149 1650 1227 1728 pars.'
1258 1659 1373 1725 Quoties
1397 1676 1463 1732 ergo
1489 1660 1525 1716 de
1543 1659 1653 1716 Christo
1678 1660 1822 1716 mannate

125 1737 336 1800 ιὶ1ὑπόσιασις.
371 1739 505 1795 assume
521 1755 586 1796 caro
605 1746 647 1795 ast
666 1739 808 1810 proprium
833 1742 882 1795 τοὺ
899 1739 961 1795 Λό-
988 1744 1146 1812 praesentia
1157 1745 1343 1815 praedicatur,
1362 1746 1524 1817 praedicata
1536 1746 1585 1801 illa
1596 1751 1758 1816 competunt
1768 1747 1826 1818 ipsi¹
1870 1753 1873 1760 ’

125 1845 178 1894 γοο
195 1826 336 1895 templum,
355 1831 434 1881 extra
450 1827 525 1897 quod
541 1843 684 1899 nunquam
704 1833 732 1881 et
751 1825 879 1897 nuspiam
897 1833 961 1897 post
987 1828 1140 1884 secundum
1158 1837 1304 1904 utramque
1320 1838 1456 1901 monam,
1473 1832 1539 1887 licet
1555 1848 1611 1887 non
1629 1832 1727 1889 eodem
1740 1833 1821 1889 modo

125 1911 228 1967 iactam
252 1913 382 1968 unionem
400 1919 442 1968 est
460 1913 505 1970 vel
527 1930 587 1972 esse
612 1912 735 1985 potestd
754 1912 865 1984 Λόγος,
891 1913 960 1968 alias
986 1931 1037 1970 nec
1056 1931 1090 1970 ex
1107 1916 1204 1972 eodem
1222 1917 1367 1988 principio.
1395 1917 1563 1989 Ubicunque
1574 1934 1630 1973 non
1648 1919 1822 1976 esthumana

125 1999 278 2054 solveretur
302 1999 368 2053 unio
391 2017 424 2055 ac
442 2000 537 2070 Λόγος
554 2001 643 2072 magis
660 2017 792 2070 praesens
808 2005 881 2054 esset
899 1998 960 2053 aliis
987 2001 1089 2057 Christi
1115 2009 1235 2070 natura,
1264 2002 1304 2059 ibi
1329 2002 1413 2058 etiam
1436 2002 1562 2060 christus
1586 2022 1641 2060 non
1664 2013 1706 2062 est
1731 2006 1821 2076 homo,
1856 2000 1858 2004 ’

125 2086 257 2140 creaturis
287 2103 371 2157 quam
397 2092 535 2142 assumtae
563 2086 648 2143 carni.
689 2085 785 2156 Λόγος
813 2102 843 2141 se
869 2085 960 2156 ipsum
987 2089 1041 2143 nisi
1060 2089 1122 2161 quis
1141 2088 1235 2144 dicere
1253 2088 1334 2157 velit,
1356 2088 1498 2148 Christum
1519 2092 1623 2147 alicubi
1641 2093 1748 2165 absque
1770 2091 1820 2147 hu·

84 2170 92 2198 *
124 2179 213 2227 totum
231 2189 295 2226 cum
312 2172 387 2228 omni
403 2171 576 2245 plenitudine
600 2189 634 2227 ac
659 2178 747 2227 totam
770 2189 849 2228 suam
872 2170 960 2242 hypo
988 2191 1071 2230 mana
1091 2182 1192 2231 nanus
1215 2191 1276 2230 esse
1302 2173 1448 2231 hominem.
1483 2176 1614 2233 Notanda
1641 2179 1727 2251 igitur
1752 2177 1821 2233 haec
1932 2242 1937 2253 .

125 2259 213 2313 stasin
240 2259 317 2314 carni
336 2258 561 2314 communicavit.
611 2257 686 2329 Ergo
713 2257 829 2330 cogitari
854 2258 960 2329 nequit,
987 2260 1135 2316 distinctio.
1171 2260 1288 2326 Quando
1306 2261 1341 2316 de
1358 2261 1547 2332 passionibus,
1566 2265 1774 2336 operationibus
1792 2270 1822 2321 et

125 2346 201 2417 quod
213 2363 287 2415 pars
306 2345 441 2416 quaedam
462 2344 641 2405 ὑποστάσεως
665 2345 701 2399 sit
725 2344 858 2400 creaturis
881 2361 959 2416 prae·
986 2346 1179 2409 affectionibus
1198 2347 1283 2403 totius
1307 2348 1433 2418 quaestio
1452 2356 1508 2415 est,
1531 2350 1572 2405 ibi
1594 2367 1650 2406 non
1675 2368 1821 2424 sempera

125 2449 188 2487 aens
209 2439 286 2487 extra
309 2448 436 2501 mmem,
461 2450 532 2502 pars
549 2448 614 2486 vero
635 2431 711 2486 carni
736 2448 882 2503 praesens,
909 2431 959 2487 sed
985 2439 1045 2489 toto
1063 2434 1099 2489 ad
1118 2433 1245 2506 singulas
1262 2441 1355 2504 partes
1373 2435 1449 2491 valet
1459 2434 1556 2504 illatio,
1573 2435 1640 2506 quia
1658 2444 1747 2492 totum
1760 2438 1820 2508 agit

125 2518 283 2590 ubicunqne
295 2517 445 2589 estAdyov
457 2517 614 2587 ὑπόσιοσις,
627 2518 667 2574 ibi
678 2519 759 2574 adest
772 2524 805 2573 ut
816 2517 960 2588 utriusque
984 2537 1018 2574 ac
1037 2520 1143 2591 patitur
1162 2521 1299 2591 quaedam
1318 2522 1470 2577 secundnm
1488 2521 1663 2588 alterutram,
1681 2523 1818 2594 quaedam

124 2612 240 2661 naturae
257 2603 415 2673 ὑπόστασις,
432 2622 466 2660 ac
483 2604 598 2677 proinde
616 2604 700 2659 mam
717 2605 756 2660 ibi
774 2621 830 2658 non
846 2621 958 2674 possum
985 2608 1136 2662 secuudum
1155 2613 1301 2680 utramque
1319 2615 1435 2679 partem.
1472 2607 1517 2664 Sic
1535 2614 1610 2664 totus
1630 2608 1712 2664 homo
1738 2609 1818 2665 intel·
1891 2603 1894 2612 ’

124 2711 208 2748 unam
225 2699 353 2748 naturam
368 2710 471 2764 ponere
489 2700 567 2748 ertm
583 2693 714 2761 alteram;
743 2695 770 2745 2.
791 2708 823 2745 ea
835 2691 957 2761 promis·
984 2693 1061 2765 ligit,
1085 2695 1135 2748 sed
1157 2701 1287 2766 respectu
1312 2695 1393 2750 unius
1419 2694 1521 2767 partis,
1546 2695 1676 2751 videlicet
1702 2696 1817 2765 animae,

123 2781 208 2834 αιὀιια.
244 2780 342 2835 Matth.
357 2784 396 2849 18,
414 2797 440 2835 v.
452 2786 497 2836 20:
519 2779 571 2833 Ubi
588 2781 646 2833 duo
663 2778 779 2832 veltres
798 2777 960 2846 coaprepati
983 2786 1057 2836 totns
1075 2780 1243 2851 malueram,
1261 2782 1310 2837 sed
1328 2785 1456 2853 respectu
1473 2781 1555 2836 unius
1574 2780 1671 2853 partis,
1689 2780 1819 2838 videlicet

122 2869 152 2921 ia
170 2869 282 2922 nomiae
300 2886 368 2937 meo,
388 2869 562 2936 ibieposnm
577 2868 607 2921 in
620 2867 712 2922 medio
726 2882 829 2920 eoram.
859 2864 956 2920 Matth.
984 2866 1113 2937 corporis.
1160 2867 1279 2933 Quando
1307 2885 1373 2924 vero
1403 2871 1440 2922 de
1465 2869 1632 2938 praesertin
1661 2868 1744 2922 lotias
1776 2873 1819 2922 est

122 2961 163 3020 28,
182 2973 210 3010 r.
229 2961 275 3010 2οε
295 2955 376 3023 Ecce,
394 2971 443 3024 spo
459 2955 598 3008 enimcum
609 2973 671 3008 sum
682 2966 768 3023 usqae
781 2955 955 3007 adsensum·
983 2953 1123 3023 quaestio,
1151 2960 1218 3009 tunc
1237 2971 1255 3009 a
1272 2960 1330 3010 toto
1350 2954 1387 3009 ad
1406 2971 1500 3010 omnes
1517 2958 1611 3025 partes
1628 2959 1704 3010 recte
1721 2969 1817 3024 proca·

121 3042 271 3096 marimum
287 3041 383 3095 secati
416 3039 479 3095 Joh.
499 3045 545 3109 11,
564 3059 588 3095 v.
608 3046 656 3096 23:
676 3040 711 3094 aa·
727 3041 789 3109 quis
806 3039 956 3107 dilips'tma
982 3040 1070 3109 ditur,
1095 3040 1161 3112 quia
1174 3049 1275 3110 partes
1291 3050 1322 3095 at
1340 3042 1412 3096 tales
1431 3057 1540 3111 semper
1564 3049 1628 3094 ram
1654 3048 1681 3094 et
1706 3047 1817 3094 emnam

121 3133 173 3182 etc.
210 3130 274 3196 Εγο
296 3136 322 3182 et
339 3128 427 3180 Pater
444 3129 486 3181 ad
502 3130 568 3180 eam'
582 3127 719 3181 veniemm
739 3134 764 3180 at
782 3126 955 3180 mansionem
982 3145 1043 3180 cam
1060 3134 1119 3180 toto
1139 3127 1251 3196 sanstae,
1273 3143 1345 3198 quae
1362 3126 1429 3181 unio
1448 3127 1551 3182 realem
1574 3127 1714 3183 unitorum
1737 3143 1816 3198 prae·
1869 3198 1871 3202 ἱ

120 3217 201 3284 apud
226 3232 288 3269 eam
313 3215 459 3279 faciamte.
499 3209 535 3270 V.
562 3216 601 3270 18.
632 3232 688 3268 aon
723 3213 882 3280 relinquam
906 3229 954 3265 vos
982 3213 1099 3268 sentiam
1113 3213 1206 3270 infert.
1233 3212 1278 3269 Sic
1298 3213 1365 3285 quia
1381 3213 1474 3268 anima
1486 3219 1514 3268 et
1531 3229 1631 3285 corpus
1649 3218 1715 3269 sunt
1726 3231 1816 3271 essen·
1909 3225 1911 3229 '

121 3301 275 3372 orphanos,
305 3302 412 3355 asaiam
436 3303 477 3356 ad
500 3319 556 3356 vos.
602 3299 657 3354 Hic
680 3299 803 3371 loquitur
828 3297 955 3354 Christus
982 3300 1085 3354 tialiter
1103 3299 1133 3354 in
1150 3299 1260 3357 homine
1284 3301 1380 3369 unita,
1403 3301 1467 3356 ideo
1493 3300 1610 3356 durante
1633 3300 1683 3356 illa
1704 3301 1814 3367 unione,

121 3387 313 3459 ὑιόνθροιπος,
331 3388 468 3459 promittit
483 3405 551 3459 ergo
561 3385 746 3458 praesentiam
757 3401 835 3440 suam
852 3385 953 3456 gratio·
981 3386 1141 3458 uhicunque
1160 3393 1203 3442 est
1220 3392 1296 3442 totus
1314 3386 1413 3453 homo,
1432 3386 1472 3442 ibi
1491 3386 1574 3443 etiam
1592 3393 1635 3442 est
1651 3405 1708 3442 non
1725 3387 1814 3443 solum

120 3493 193 3545 sam,
219 3474 281 3531 non'
292 3482 401 3531 tantum
418 3475 570 3531 secundum
589 3474 725 3540 divinam,
743 3473 792 3528 sed
812 3473 895 3527 etiam
912 3489 953 3527 se·
981 3473 1081 3543 anima,
1101 3473 1149 3528 sed
1169 3473 1251 3529 etiam
1270 3490 1378 3545 corpus.
1414 3473 1478 3529 Pari
1496 3472 1616 3544 ratione,
1636 3474 1702 3545 qnia
1720 3474 1814 3528 divina

119 3563 242 3618 cundum
258 3563 407 3619 humanam
424 3569 559 3616 naturam.
593 3561 750 3616 Pronomen
774 3577 824 3628 ογο
852 3565 895 3614 est
914 3566 954 3614 to
981 3560 1141 3617 ethumana
1152 3559 1414 3616 uaturainchristo
1431 3567 1496 3616 sunt
1511 3560 1692 3631 personaliter
1708 3560 1813 3630 unitae,

118 3651 174 3705 tius
199 3667 333 3721 personae
359 3667 465 3705 nomen.
498 3649 574 3719 Ergo
601 3647 684 3702 etiam
710 3647 795 3702 totius
820 3662 953 3718 personae
980 3647 1043 3702 ideo
1063 3647 1180 3702 durante
1199 3647 1250 3702 illa
1266 3647 1382 3717 unione,
1405 3645 1565 3719 ubicunqne
1583 3652 1626 3703 est
1641 3652 1718 3703 totus
1735 3645 1812 3702 Chri-

119 3738 272 3792 secundum
305 3744 451 3808 utramque
482 3741 609 3790 naturam
642 3733 826 3805 praesentiam
862 3733 952 3788 infert.
979 3740 1046 3802 stus,
1064 3733 1104 3788 ibi
1123 3733 1207 3788 etiam
1227 3740 1269 3790 est
1285 3750 1341 3789 non
1359 3733 1448 3788 solum
1468 3732 1577 3802 divina,
1594 3733 1644 3789 red
1661 3733 1744 3788 edam
1762 3732 1811 3787 hn-

119 3824 269 3896 Excipiunt
285 3827 320 3878 de
333 3824 397 3878 sola
409 3823 513 3877 deitate
531 3822 604 3875 banc
619 3821 832 3890 promissionem
850 3821 953 3874 imalla'-
979 3837 1061 3875 mana
1080 3827 1192 3891 natura,
1217 3821 1321 3893 qnippe
1339 3836 1402 3875 cum
1425 3820 1481 3875 sint
1503 3819 1583 3891 quasi
1608 3825 1702 3891 partes
1726 3818 1811 3874 tetius

118 3914 247 3981 pendam.
282 3910 383 3966 Piscat
406 3909 438 3963 in
459 3907 551 3964 schol.
575 3906 674 3963 Matth.
694 3914 718 3963 2.
743 3925 770 3979 p.
792 3912 848 3963 135.
868 3908 952 3977 ettad,
979 3923 1130 3978 personae,
1156 3924 1229 3979 quae
1251 3925 1285 3963 ex
1311 3913 1429 3978 utraque
1458 3911 1487 3962 et
1512 3906 1543 3961 in
1568 3912 1687 3978 atraque
1712 3914 1813 3962 nanus

120 4000 198 4070 φιοό
214 4001 268 4053 toti
282 3999 431 4066 tribuiter,
456 4013 513 4050 mom
536 3996 631 4050 statim
655 4004 808 4065 omnpetm
832 3994 953 4063 simpatia
980 3993 1113 4049 subsistit.
1150 3994 1273 4061 Quodsi
1291 3995 1453 4066 ergojuxta
1470 4009 1555 4049 unam
1574 3994 1710 4049 duntaxat
1731 3999 1811 4048 natu·

115 4091 263 4159 portiom,
285 4107 346 4143 cam
367 4089 452 4142 alind
468 4087 507 4140 οὑ
524 4085 599 4155 ὅλος,
624 4084 699 4138 aliud
725 4099 790 4138 vero
815 4082 881 4136 litor
906 4083 952 4137 do
979 4097 1038 4135 ram
1058 4080 1184 4136 Christus
1206 4080 1288 4138 nobis
1305 4088 1377 4137 esset
1392 4096 1540 4152 praesens,
1568 4096 1624 4137 non
1648 4080 1810 4136 haberemus

119 4183 199 4233 cente
218 4177 347 4231 Damaso.
367 4174 416 4230 lib.
433 4179 457 4230 3.
476 4174 511 4229 de
529 4171 635 4228 orthod.
652 4169 699 4225 fid.
715 4189 740 4226 c.
762 4177 791 4226 t:
828 4171 862 4224 Ut
887 4187 952 4239 erpo
978 4174 1067 4223 totum
1083 4174 1112 4223 et
1137 4168 1276 4239 integrum
1299 4166 1438 4222 Christum
1461 4166 1541 4224 nobis
1565 4172 1744 4237 praesentem.
1781 4165 1810 4223 si

118 4283 176 4319 παπ
195 4265 332 4331 sequitur,
357 4269 429 4315 totas
448 4261 527 4314 homo
546 4258 693 4327 tatalls‘pa‘t,
716 4275 780 4327 arpo
800 4265 826 4312 et
843 4265 953 4321 semen
974 4255 1056 4324 juxta
1076 4254 1198 4309 divinam
1215 4260 1322 4309 tantum
1336 4260 1464 4308 naturam
1480 4253 1561 4309 nobis
1579 4269 1710 4324 praesens
1727 4259 1808 4317 esset,

116 4353 161 4406 s‘ta
183 4366 290 4418 quoqne
309 4349 414 4418 infami
429 4349 536 4418 aequit,
564 4354 638 4401 totas
656 4344 784 4398 Christis
804 4353 845 4398 art
866 4342 951 4397 omm‘-
977 4347 1044 4396 tunc
1059 4343 1140 4412 juxta
1158 4356 1219 4397 eam
1238 4346 1378 4409 nanuum,
1394 4342 1475 4412 juxta
1492 4356 1576 4412 quam
1595 4346 1637 4395 est
1654 4338 1726 4411 ignis
1745 4355 1808 4394 con·

113 4451 261 4507 praeseus,
271 4435 431 4502 erposts'om
438 4431 780 4501 matmnipsiushmnaaa.
806 4429 951 4486 Keckerm.
978 4445 1104 4498 sumens,
1127 4427 1207 4484 nobis
1227 4417 1351 4495 adesset,
1371 4426 1420 4481 sed
1432 4428 1515 4498 juxta
1532 4442 1593 4481 eam
1609 4432 1749 4497 naturam,
1766 4444 1808 4482 ra-

117 4523 166 4578 lib.
191 4534 211 4576 1.
241 4522 359 4592 system.
376 4521 430 4592 log.
450 4538 473 4578 c.
490 4527 531 4576 20.
549 4525 590 4575 22.
616 4505 664 4573 hh.
679 4524 704 4573 3.
730 4517 848 4588 System.
868 4517 949 4572 theol.
977 4515 1052 4570 tione
1078 4515 1158 4584 cujus
1188 4519 1230 4569 est
1256 4514 1341 4568 frater
1368 4520 1476 4584 noster,
1502 4512 1661 4585 longissime
1688 4531 1705 4567 a
1730 4515 1809 4570 nobis

118 4628 142 4666 c.
164 4618 186 4666 2.
208 4627 233 4680 p.
253 4613 311 4664 318.
338 4606 560 4679 Respondemus:
577 4605 715 4676 Discipuli
734 4620 766 4660 eo
780 4604 891 4659 nomine
907 4603 951 4659 vel
978 4601 1094 4658 abesset.
1130 4600 1210 4665 Quae
1228 4600 1313 4672 igitur
1332 4600 1480 4656 consolatio
1505 4599 1608 4654 exilia
1628 4600 1807 4671 promissione

119 4698 237 4755 maxime
263 4695 512 4764 contristabantur,
538 4694 612 4764 quod
634 4692 775 4749 Christum
801 4692 951 4747 secundum
977 4689 1081 4744 hauriri
1095 4687 1208 4758 posset?
1234 4687 1330 4758 Atqui,
1349 4686 1486 4758 inquiunt,
1503 4684 1567 4741 Jola
1585 4691 1611 4756 8,
1628 4704 1653 4740 v.
1671 4693 1717 4743 55:
1735 4689 1807 4741 Pro-

118 4786 267 4840 humanam
286 4789 413 4838 naturam
431 4781 570 4837 abiturum
590 4779 718 4835 audirent
734 4777 797 4834 Joh.
817 4784 950 4849 15,·σ.1;
978 4793 1075 4830 amnem
1086 4778 1151 4843 Epo
1163 4775 1199 4827 ds
1211 4774 1308 4827 divina
1325 4780 1433 4826 tantam
1450 4780 1555 4826 aalma
1572 4773 1718 4843 sosptem.
1752 4771 1807 4827 Re·

119 4874 198 4928 hisce
215 4888 282 4944 ergo
300 4869 517 4941 cogitationibus
536 4866 571 4923 de
588 4866 745 4922 omnimoda
765 4864 851 4936 ipsius
869 4866 952 4936 juxta
978 4863 1145 4936 spondemus
1162 4876 1222 4915 esse
1239 4860 1373 4915 rationem
1390 4859 1536 4929 disparem.
1568 4858 1612 4914 Ibi
1630 4858 1703 4915 enim
1718 4875 1807 4914 sermo

119 4966 247 5015 naturam
266 4959 415 5012 humanam
435 4955 561 5012 absentia
582 4953 710 5025 opposita
732 4958 776 5007 est
798 4953 866 5008 haec
888 4968 951 5022 pro-
978 4957 1020 5004 est
1038 4949 1074 5003 de
1089 4948 1176 5020 Λόγῳ
1194 4946 1322 5019 ἀσόρκῳ,
1348 4945 1470 5000 nondum
1495 4945 1638 5000 incarnato
1665 4945 1724 5001 sive
1745 4962 1807 5016 per·

120 5046 227 5114 missio,
252 5060 323 5117 quse
348 5042 446 5097 nititur
464 5041 555 5097 verbis
574 5041 697 5113 proxime
718 5036 950 5110 praecedentibus
978 5053 1046 5092 sona
1063 5035 1195 5105 simplice,
1212 5034 1257 5089 hic
1271 5049 1339 5088 vero
1354 5031 1446 5104 agitur
1463 5032 1497 5088 de
1509 5032 1596 5103 Λόγῳ
1615 5030 1748 5107 όνσόρτιῳ,
1765 5032 1806 5087 in-

120 5135 155 5188 de
173 5139 310 5204 potestate
329 5131 357 5185 in
382 5129 458 5185 coelo
483 5134 613 5183 aeterra
636 5127 746 5182 Christo
775 5127 848 5183 data
885 5125 949 5183 dam
978 5129 1090 5180 cameto
1109 5140 1142 5177 ac
1161 5122 1197 5177 da
1213 5136 1331 5193 persona
1346 5118 1506 5197 composita
1524 5117 1560 5176 de
1576 5118 1726 5173 ὑποστόσιι
1742 5134 1806 5175 σον·
1901 5138 1904 5144 ’

119 5235 185 5275 vero
205 5219 253 5274 illa
270 5222 393 5290 potestas
413 5214 563 5271 secundum
581 5214 731 5269 humanam
750 5219 878 5268 naturam
896 5213 950 5285 ipsi
976 5214 1058 5280 θέτο,
1073 5225 1145 5281 quae
1155 5213 1301 5279 utramque
1313 5211 1440 5276 naturam
1452 5204 1651 5274 complectitur,
1667 5204 1807 5263 ibisermo

120 5307 195 5361 data.
229 5305 305 5377 Ergo
322 5303 392 5360 haec
411 5301 555 5374 promissio
578 5292 661 5356 etiam
683 5300 830 5355 hammam
848 5299 950 5355 Christi
975 5303 1018 5352 est
1036 5295 1071 5350 ds
1082 5302 1195 5350 aeterna
1206 5292 1306 5364 Λόγου
1323 5291 1408 5346 etiam
1423 5296 1488 5348 ante
1502 5290 1718 5348 incarnationem
1736 5294 1805 5348 exsi-

118 5400 246 5448 naturam
264 5390 464 5463 complectitur.
500 5387 577 5443 ldem
593 5387 705 5459 probari
724 5392 816 5458 potest
835 5403 868 5441 ex
888 5387 949 5442 loco
975 5383 1093 5449 atentia,
1122 5382 1167 5437 hic
1196 5398 1261 5437 vero
1290 5380 1325 5435 de
1352 5378 1451 5450 Λόγου
1476 5376 1611 5451 ἔνσόραοο
1643 5380 1718 5450 apud
1744 5380 1806 5452 pios

118 5479 218 5535 Matth.
241 5486 279 5549 ta,
297 5497 321 5535 v.
342 5486 390 5535 20:
410 5484 432 5534 1.
451 5475 563 5547 ponitur
579 5490 680 5530 nomen
697 5473 781 5530 totius
799 5491 949 5544 personas.-
973 5469 1139 5541 praesentia
1175 5465 1277 5523 Confer
1292 5465 1388 5522 Harm
1405 5465 1441 5521 de
1459 5482 1558 5523 resurr.
1578 5482 1602 5522 c.
1625 5471 1663 5522 12.
1681 5484 1708 5537 p.
1727 5473 1784 5524 411.

117 5553 841 5646 03032additur,lietill'mal²atremeo;juxta
861 5578 946 5636 qnam
1009 5555 1406 5625 ithdfflaadscsasioac.
1439 5551 1565 5611 (lirisbra
1588 5553 1630 5611 ita
1655 5554 1686 5610 in
1714 5554 1805 5610 coelos
