3984 6022
190 263 255 324 ‘524
877 253 1000 313 Locus
1019 254 1198 318 QUARTUS

201 412 340 485 telligitur
354 411 400 466 hic
419 411 501 465 homo
519 408 622 464 Maiiae
641 407 730 477 filius,
757 409 881 479 quamvis
899 408 1037 481 particula
1062 407 1151 478 ticeps
1169 407 1245 462 facta
1263 413 1305 463 est
1324 407 1373 460 inv.
1380 407 1499 470 στάσεως
1518 410 1565 463 roi
1578 409 1684 479 Λόγου,
1703 408 1805 480 utique
1818 408 1896 464 stiam

199 498 320 566 δεικτικὴ
356 517 411 554 non
445 513 554 568 semper
591 497 717 552 addatur.
769 496 866 551 ibam.
902 502 973 566 part.
1010 501 1024 549 3
1060 493 1185 549 Christus
1206 495 1359 550 secundum
1383 494 1530 549 humanam
1546 504 1675 550 naturam
1692 511 1760 550 vere
1779 494 1832 551 erit
1847 494 1897 550 Dei

201 591 306 657 quaest
326 592 350 642 t.
369 584 446 639 artic.
468 590 496 639 3:
529 584 592 637 Hoc
610 600 708 636 nomen
727 582 807 637 borno
827 584 967 652 sipnificat
985 583 1033 635 liu-
1058 581 1160 644 Filius,
1187 581 1294 636 scilicet
1320 580 1513 641 insusurrabis.
1549 581 1578 638 Si
1606 587 1649 637 est
1671 598 1740 636 vera
1765 587 1795 635 et
1820 580 1897 635 realis

199 690 310 726 mariam
327 679 474 736 naturam,
495 677 583 739 prout
606 678 674 722 nata
695 676 736 721 est
753 669 781 721 in
800 669 946 738 siipposita
967 685 1031 722 esse.
1062 667 1275 723 communicatio
1303 667 1376 722 inter
1402 667 1524 722 divinam
1550 675 1578 723 et
1594 667 1747 722 humanam
1763 674 1896 735 naturam,

197 756 289 811 Homo
316 756 346 811 in
375 754 500 825 subjecto
522 772 577 809 non
600 753 739 826 significat
758 753 861 807 nudam
878 754 1032 808 humanita·
1059 754 1155 823 ntique
1180 753 1263 808 etiam
1283 753 1408 808 Christus
1432 752 1584 808 secundum
1604 753 1756 808 humanam
1773 759 1896 807 naturam

196 847 267 911 tem,
296 843 345 896 sed
369 842 569 896 humanitatem
586 840 782 895 subsistentem
801 840 829 892 in
847 857 964 910 persona
984 844 1032 892 τοῦ
1058 856 1124 894 vere
1143 839 1195 895 erit
1214 838 1305 908 Deus,
1328 839 1395 910 quia
1417 838 1577 910 hypostasis
1601 838 1650 892 filii
1669 845 1698 894 et
1718 845 1823 894 natura
1841 839 1897 909 ejus

196 927 310 995 Λόγου,
337 944 409 999 quae
433 944 564 999 persona,
593 926 660 997 quia'
681 943 745 981 vere
765 924 857 994 Deus,
883 926 946 980 ideo
972 926 1032 980 sine
1059 926 1153 980 divina
1171 943 1225 980 non
1246 925 1379 980 differunt
1397 925 1514 980 realiter.
1551 924 1581 982 Si
1595 924 1723 979 Christus
1740 924 1896 980 homovcra

196 1013 270 1068 omni
295 1019 376 1085 tropo
403 1019 431 1068 et
459 1012 529 1068 citra
555 1012 631 1067 illam
657 1011 848 1083 synecdochen
875 1012 904 1066 in
923 1011 1031 1082 praedi·
1060 1019 1101 1067 est
1117 1010 1210 1076 Deus,
1231 1011 1328 1083 utique
1348 1010 1432 1066 etiam
1451 1010 1577 1066 Christus
1599 1011 1754 1065 secundum
1775 1010 1896 1065 humani

195 1106 257 1155 cato
277 1099 313 1153 de
332 1116 363 1156 eo
383 1098 498 1166 dicitur,
519 1100 593 1169 quod
612 1097 648 1153 sit
666 1098 751 1153 Deus.
1059 1102 1145 1153 tatem
1168 1115 1232 1154 vere
1257 1103 1299 1153 est
1325 1097 1415 1166 Deus,
1447 1097 1514 1168 quia
1538 1096 1620 1151 homo
1642 1112 1700 1151 non
1727 1103 1771 1152 est
1794 1096 1896 1168 absque

1059 1183 1239 1240 humanitate.
1276 1182 1305 1239 Si
1324 1183 1449 1239 Christus
1473 1183 1626 1238 seeundum
1649 1182 1804 1237 humanam
1820 1189 1896 1237 natu·

196 1323 325 1380 causales
356 1333 383 1378 et
411 1342 468 1378 non
495 1333 641 1378 constare·
656 1341 688 1377 ea
714 1324 887 1393 disparatis,
922 1324 975 1375 sed
1000 1338 1033 1374 ea
1059 1277 1179 1411 ἓξὲξ
1195 1270 1325 1410 3ξὲἓῖ
1342 1267 1895 1425 ῗὲεῇἔῗέῗὶξὲᾝῗῖἒῗοᾞ

196 1429 284 1510 “suia
311 1420 336 1463 ‘t
360 1413 463 1481 ΨΜ·
500 1410 588 1481 Ami
611 1417 633 1466 ¹¹
652 1410 750 1508 ”⁹5⁸⁶
768 1409 877 1479 neqnit’
903 1411 1031 1461 naturam
1058 1460 1124 1497 num
1144 1443 1214 1514 legis
1234 1449 1262 1497 et
1281 1458 1340 1498 essa
1359 1441 1412 1496 Dei
1430 1441 1532 1496 Filium
1549 1441 1579 1495 in
1596 1457 1719 1511 persona
1737 1439 1841 1495 Christi
1857 1440 1893 1495 iu·

197 1498 328 1596 (humi,
348 1505 378 1553 et
404 1497 555 1552 humanam
582 1513 640 1552 ³⁸⁸⁰
669 1497 826 1594 dmiasmi
860 1494 1031 1595 ²‘,⁰a¹¹⁸⁸l⁸⁸
1059 1529 1166 1584 divulso
1186 1545 1258 1583 nexu
1276 1528 1431 1597 cohaerent,
1450 1527 1498 1582 ubi
1512 1534 1604 1582 tamen
1621 1532 1689 1581 nota
1702 1525 1733 1580 rii
1746 1529 1894 1580 sumendum

194 1590 397 1656 propositiones
426 1602 491 1683 nou¹
514 1591 578 1638 sunt
593 1582 818 1683 convertibiles,
850 1599 917 1679 quia
946 1597 1031 1635 causa
1059 1633 1113 1670 non
1133 1615 1285 1684 exprimere
1302 1631 1431 1676 mmm,
1458 1605 1538 1684 quasi
1562 1612 1670 1668 scilicet
1691 1613 1756 1683 ipsa
1776 1613 1895 1666 hamam

194 1686 249 1724 non
265 1669 302 1768 'fit
318 1669 535 1768 effectusillius,
553 1687 640 1767 cuyus.
653 1677 695 1724 est
713 1685 806 1735 causa,
825 1676 852 1722 et
869 1684 928 1722 vice
939 1682 1031 1764 uersa,
1059 1707 1158 1756 natm
1176 1700 1213 1754 sit
1230 1717 1323 1766 caum
1342 1706 1455 1770 propter
1473 1715 1557 1770 quam
1575 1698 1703 1753 Christus
1723 1699 1760 1753 sit
1778 1705 1807 1753 et
1823 1697 1894 1751 diu·

196 1761 219 1813 δ’
239 1756 328 1810 mm
353 1755 407 1810 Dm
434 1756 500 1853 md?
527 1762 611 1825 atque
632 1755 696 1809 ¹d⁸⁰
725 1760 767 1808 “t
792 1754 886 1822 h⁰m⁰’
912 1769 978 1826 qma
1002 1770 1029 1806 ¹¹¹
1057 1796 1103 1842 tur
1122 1786 1175 1841 Dei
1193 1783 1296 1854 Filius,
1316 1802 1367 1840 nec
1385 1787 1506 1853 madum,
1525 1784 1604 1856 quasi
1616 1784 1748 1839 Christus
1768 1791 1801 1839 ut
1817 1784 1893 1839 homo

193 1858 328 1912 personae
353 1859 420 1898 suae
446 1846 582 1895 unitatem
606 1840 755 1893 humanam
778 1847 906 1893 naturam
925 1856 1029 1893 assum·
1057 1874 1115 1928 'ive
1139 1873 1290 1927 secundum
1315 1870 1464 1925 humanam
1482 1877 1610 1925 naturam
1628 1871 1665 1925 nit
1684 1870 1790 1929 DEUS
1808 1887 1892 1925 emn-

194 1927 246 1996 'it’
264 1945 347 2026 ‘ium
365 1927 563 2025 hffinanimoem
583 1945 647 1981 eum
666 1927 728 2024 59⁸⁸,
744 1925 759 1980 ὁ
778 1926 873 1995 ‘¹67⁰‘
892 1942 949 1979 una
966 1942 1028 1979 eum
1057 1959 1173 2026 tialiter,
1191 1958 1241 2013 sed
1258 1957 1472 2028 praedicationis
1489 1959 1654 2027 subjectum,
1675 1958 1754 2028 quod
1772 1955 1892 2013 Christus

193 2015 278 2070 Patre
297 2021 326 2068 et
344 2013 451 2083 Spiritu
471 2019 566 2068 sancto
585 2011 757 2080 formaverit,
777 2012 910 2066 hactenus
932 2017 959 2066 et
977 2010 1028 2065 hoc
1057 2053 1088 2099 ut
1106 2045 1187 2098 homo
1207 2044 1244 2097 git
1259 2043 1352 2107 Deus,
1379 2042 1408 2096 id
1426 2050 1481 2112 est,
1507 2043 1582 2114 quod
1607 2043 1777 2098 noanum
1795 2030 1893 2097 dem

193 2103 322 2170 mim
341 2098 402 2168 ⁰3⁰⁸
422 2113 512 2197 ⁰⁸⁰3.
526 2097 579 2153 dici
597 2103 703 2169 p⁰t⁰⁸t'
723 2098 772 2152 “d
789 2098 912 2194 ,himma
930 2103 1030 2151 natum
1058 2148 1108 2184 sua
1126 2131 1162 2184 sit
1180 2131 1258 2185 Deus
1277 2128 1475 2194 essentialiter,
1502 2129 1551 2183 sed
1572 2128 1648 2200 quod
1666 2128 1756 2183 etiam
1774 2127 1934 2182 humani-m

193 2184 270 2238 nullo
300 2188 428 2253 respectu
458 2184 513 2237 dici
539 2190 631 2253 potest
657 2199 742 2239 causa
768 2182 879 2237 divinae
897 2189 1029 2282 naturaeq
1057 2220 1114 2271 tate
1132 2233 1182 2270 sua
1202 2216 1238 2270 sit
1255 2216 1332 2270 Deu⁸
1351 2214 1539 2285 personaliter,

232 1242 288 1292 166.
327 1243 351 1294 9.
380 1236 499 1301 Quidam
528 1238 699 1292 contendunt
733 1254 793 1292 esse
824 1236 1032 1307 propositiones

1558 2215 1625 2287 quia
1643 2215 1754 2270 scilicet
1772 2213 1893 2268 humaui-

195 2277 220 2326 t.
238 2271 267 2323 in
291 2268 525 2340 propositionibus
553 2268 744 2339 personalibus
768 2286 824 2324 non
844 2275 900 2324 tani
918 2285 1029 2339 respici·
1057 2308 1100 2356 m
1130 2308 1172 2355 est
1198 2301 1227 2355 in
1250 2302 1350 2371 Λόγον
1380 2305 1502 2355 mum
1528 2308 1556 2354 et
1582 2318 1644 2355 cum
1672 2300 1774 2355 divim
1800 2306 1894 2354 mn

1057 2388 1239 2460 personaliter
1259 2388 1344 2442 unita.

1095 2480 1149 2530 163.
1186 2475 1335 2540 Quaeritur
1357 2473 1500 2529 hocloco:
1528 2479 1551 2529 1.
1574 2473 1720 2536 Quomodo
1741 2469 1942 2560 conmeatus&

195 2364 241 2411 tur
268 2355 304 2410 ad
333 2359 450 2410 naturae
475 2355 613 2410 humanae
632 2356 853 2423 formationem,
885 2371 957 2425 quae
980 2356 1031 2409 toti

194 2440 313 2496 trinitati
332 2441 483 2496 communis
504 2447 559 2507 est,
590 2457 673 2511 quam
699 2440 735 2495 ad
755 2440 879 2510 ejusdam
900 2441 1030 2493 maninu-

196 2528 311 2591 tionem,
337 2527 366 2581 id
390 2532 432 2582 cst
456 2527 485 2580 in
508 2527 598 2597 ipsam
622 2531 671 2581 τοῦ
696 2526 795 2595 Λόγου
818 2525 971 2581 ὑπόστασιν
988 2543 1031 2580 as-

196 2613 368 2682 sumnonem,
387 2630 458 2684 quae
478 2613 550 2668 Filio
567 2613 622 2668 Dei
641 2620 684 2669 est
701 2613 821 2684 propria.
1059 2569 1084 2614 et
1101 2561 1271 2613 abstractam
1293 2560 1322 2612 in
1343 2560 1581 2628 propositionibus
1599 2559 1808 2628 personalibus
1828 2558 1942 2620 assim

1054 2648 1194 2715 piantur!
1222 2644 1457 2716 Πολοθρὺλλητον
1473 2662 1507 2700 ac
1525 2644 1692 2699 tralatitium
1711 2651 1770 2709 eat,
1790 2643 1820 2698 in
1837 2625 1942 2725 proffl

234 2738 290 2787 167.
328 2738 368 2787 lt.
397 2731 467 2787 Cum
490 2733 519 2786 in
544 2732 645 2788 unione
665 2740 693 2788 et
714 2732 963 2788 communicatione
983 2750 1031 2788 na·
1058 2731 1241 2802 positionibus
1255 2732 1446 2802 personalibus
1463 2738 1623 2786 concretum
1640 2738 1762 2785 naturae
1782 2731 1819 2785 de
1837 2727 1942 2784 con-¹¹⁸¹*

192 2823 321 2873 turarum
349 2834 381 2872 ac
410 2834 475 2872 vero
501 2819 686 2887 personalium
713 2818 930 2890 propositionum
949 2835 1031 2873 sensu
1057 2826 1133 2874 creto
1152 2824 1266 2873 naturae
1283 2818 1446 2889 praedicari,
1465 2817 1683 2888 velquodidem
1699 2824 1752 2886 est,
1771 2825 1893 2872 natam

196 2905 287 2960 minua
313 2909 389 2959 recte
418 2909 554 2971 statuant,
580 2903 645 2959 inde
669 2912 785 2975 negant,
813 2903 953 2958 Christum
972 2921 1030 2957 esse
1059 2905 1093 2960 de
1111 2909 1211 2959 natura
1228 2904 1384 2973 praedicari
1401 2904 1431 2957 in
1451 2910 1587 2972 concreto,
1605 2919 1661 2957 non
1679 2909 1780 2958 autem
1796 2903 1892 2958 inabs-

194 2990 303 3045 Filium
318 2991 376 3044 Dei
391 2991 542 3043 secundnm
559 2990 755 3044 inmanitatem
772 2991 961 3058 personaliter
974 2992 1031 3045 sive
1057 2998 1160 3060 hacto,
1188 2990 1487 3061 explicandumigitur
1504 2996 1560 3059 ast,
1580 2984 1647 3061 quid
1668 2989 1811 3056 concreti,
1830 2986 1892 3060 quid

190 3094 245 3146 per
270 3085 296 3130 et
318 3083 439 3146 propter
465 3076 595 3129 unionem
618 3076 805 3145 personalem.
846 3076 973 3130 Piscator
1001 3078 1030 3130 in
1057 3076 1189 3131 abstracti
1208 3076 1317 3131 nomine
1334 3076 1385 3130 hoc
1403 3076 1464 3130 loco
1481 3074 1658 3146 intelligatur.
1686 3072 1892 3129 Praetermisais

194 3168 249 3216 not
278 3161 314 3216 ad
340 3161 419 3214 amic.
448 3160 539 3215 collat.
566 3160 670 3216 Vorstii
699 3180 725 3231 p.
758 3167 814 3216 191.
850 3161 972 3215 Paraeus
1001 3161 1029 3215 in
1056 3170 1148 3217 autem
1161 3161 1360 3233 philosophicis
1377 3161 1499 3216 concreti
1517 3166 1545 3215 et
1563 3158 1696 3214 abstracti
1715 3159 1890 3232 significatio

193 3247 266 3303 Iren.
296 3264 319 3304 ο.
347 3236 388 3302 33.
414 3253 464 3301 art.
495 3253 533 3302 11.
559 3253 610 3302 etc.
655 3247 743 3319 Atqui
769 3248 933 3319 opponimus
958 3247 1027 3301 illis:
1056 3249 1146 3312 nibus,
1167 3264 1222 3311 eas,
1242 3264 1313 3319 qnae
1331 3247 1413 3318 hujus
1431 3246 1485 3301 loci
1499 3245 1627 3316 propriae
1640 3251 1715 3312 sunt,
1735 3245 1890 3300 considera·

194 3340 218 3388 1.
240 3333 406 3403 Scripturas
428 3335 519 3400 ἀίοιο,
538 3332 607 3388 Luc.
630 3339 657 3402 l,
674 3352 698 3388 v.
719 3339 767 3389 35:
787 3336 869 3401 ,quod
886 3351 918 3386 en
936 3342 961 3386 te
979 3353 1028 3386 aa·
1056 3334 1153 3388 bimus.
1190 3333 1361 3405 (Philosophi
1386 3332 1491 3387 habent
1518 3331 1683 3403 quintuplex
1709 3330 1890 3386 abstractum:

193 3428 298 3484 semar,
334 3420 426 3472 Filias
451 3419 511 3472 Dei
533 3420 691 3487 uocabdnr,
724 3419 849 3475 Christus
877 3420 1028 3474 secundum
1061 3427 1081 3476 1.
1099 3422 1327 3489 prominulam,-
1358 3419 1637 3487 arianimirum
1668 3419 1695 3471 3.
1721 3419 1890 3472 mathemati-

193 3504 391 3561 humanitatem
419 3512 461 3559 est
488 3522 520 3559 ex
546 3504 635 3560 Maria
658 3513 747 3560 natus.
782 3505 857 3576 Ergo
878 3506 1027 3560 secundum
1056 3525 1136 3571 sum;
1162 3510 1186 3558 t.
1203 3506 1367 3575 physicam
1392 3509 1418 3558 ὁ.
1435 3505 1568 3572 topicam,
1599 3503 1673 3573 quod
1698 3510 1742 3558 ast
1768 3505 1892 3559 acciden-

193 3590 393 3647 humanitatem
424 3597 466 3646 est
493 3590 549 3644 Dei
575 3591 679 3655 Filius,
709 3591 817 3646 scilicet
839 3592 1028 3661 personaliter.
1055 3593 1111 3647 tale
1129 3592 1173 3646 vel
1192 3590 1382 3657 substantiale,
1398 3590 1473 3660 quod
1491 3579 1627 3660 posterius
1639 3588 1686 3643 vel
1704 3606 1888 3661 synonymum

193 3677 292 3732 Matth.
317 3681 363 3744 16,
381 3694 406 3729 v.
428 3681 473 3731 lt:
505 3677 600 3730 bilius
626 3677 745 3730 bominis
769 3686 808 3731 est
832 3678 927 3732 bilitas
950 3680 1032 3732 DEI
1055 3679 1099 3733 vel
1121 3681 1324 3748 paronymum.)
1359 3676 1521 3732 scholastici
1541 3677 1715 3728 abstractam
1735 3683 1892 3746 supponunt

193 3762 315 3817 sinentis.
351 3761 440 3832 Atqui
460 3761 548 3816 Filius
574 3760 692 3817 hominis
727 3778 782 3815 non
814 3768 856 3816 est
886 3780 936 3817 nec
968 3781 1028 3819 esse
1054 3783 1107 3835 pro
1132 3772 1249 3830 natura,
1278 3769 1310 3816 ut
1329 3763 1431 3829 deitas,
1458 3760 1628 3830 humanitem
1658 3771 1822 3816 concretum
1840 3778 1892 3831 pro

193 3854 286 3919 potest
303 3847 409 3918 absque
429 3865 480 3903 sua
496 3847 676 3904 humanitate.
711 3848 787 3919 Ergo
806 3849 894 3903 Filius
911 3849 1029 3906 hominis
1053 3868 1193 3920 persona,
1215 3857 1247 3904 ut
1265 3847 1355 3917 Deus,
1378 3848 1468 3902 hoino.
1505 3846 1624 3911 Quidam
1643 3846 1750 3917 duplex
1771 3853 1893 3903 statuunt

193 3934 345 3990 secundum
365 3950 443 3988 suain
461 3933 662 3989 humanitatem
683 3941 725 3989 est
742 3935 795 3990 Dei
808 3935 905 4004 Filius,
924 3936 1029 3990 scilicet
1056 3938 1234 4002 abstractum,
1256 3941 1288 3988 ut
1306 3941 1334 3989 et
1354 3933 1457 4003 duplex
1475 3941 1640 3997 concretum,
1658 3932 1798 3989 videlicet
1816 3943 1892 3988 mate

192 4020 388 4093 personaliter3
421 4024 446 4074 2.
472 4037 632 4074 consensum
650 4021 721 4089 piae
738 4022 928 4090 antiquitatis,
958 4038 1028 4093 quae
1055 4022 1129 4075 riale
1160 4030 1185 4074 et
1211 4020 1350 4088 formale.
1397 4021 1576 4072 abstractum
1603 4020 1756 4073 matemala
1789 4026 1892 4083 vocant,

192 4107 221 4162 in
241 4107 383 4175 Nestorio,
406 4105 501 4163 Felice
519 4105 681 4177 Orgelitsno
704 4114 731 4162 et
748 4106 886 4177 Elipando
905 4113 937 4162 ut
956 4124 1027 4162 erro-
1056 4110 1134 4177 quod
1169 4107 1336 4175 simph‘citer
1374 4107 1466 4175 ipsam
1499 4113 1630 4158 naturam
1658 4122 1726 4158 uoce
1761 4107 1894 4161 abaram

152 4206 156 4210 ’
192 4212 251 4250 rem
274 4192 428 4255 damnavit,
458 4193 532 4265 qnod
558 4192 683 4248 Christus
708 4194 859 4248 secundum
879 4193 1027 4248 humanam
1056 4194 1228 4248 enuntiatam
1260 4193 1404 4260 desipnat,
1435 4196 1466 4245 ut
1495 4190 1598 4257 deitas,
1622 4190 1802 4261 humanitas,
1837 4194 1891 4247 ahs

192 4286 320 4335 naturam
338 4295 394 4333 non
412 4278 448 4332 sit
464 4277 518 4333 Dei
538 4278 634 4333 stitus.
671 4279 755 4334 Dicta
777 4280 914 4351 quaedam
933 4297 966 4335 er
983 4296 1027 4334 ve·
1055 4289 1173 4333 tractum
1191 4278 1316 4342 formale
1337 4284 1449 4341 vocant,
1476 4277 1553 4345 quod
1571 4279 1686 4330 denotat
1704 4280 1891 4331 modumsua-

192 4365 298 4421 teribus
317 4364 443 4435 superius
462 4372 526 4419 sunt
546 4365 683 4433 adducta3
709 4368 734 4418 3.
754 4366 956 4433 consessionem
975 4369 1026 4420 ad·
1055 4366 1204 4420 siderandi
1219 4366 1338 4432 formae
1361 4364 1405 4416 vel
1426 4371 1545 4416 amarae
1568 4363 1738 4418 naturalem.
1780 4363 1890 4418 Concre-

190 4454 390 4506 eersariorum.
427 4451 469 4504 Er
488 4450 557 4521 ipsis
577 4449 746 4505 calvinianis
767 4450 922 4521 complures
943 4469 1026 4524 agno·
1054 4462 1111 4506 tum
1131 4450 1277 4504 materiale
1294 4449 1361 4519 ipsis
1380 4454 1437 4515 est,
1467 4451 1545 4517 quod
1571 4449 1701 4516 usupra
1727 4451 1891 4520 simpliciter

191 4541 274 4592 scunt
301 4553 334 4591 aa
358 4536 496 4604 fatentur,
530 4534 670 4613 Christum
700 4539 852 4590 secundnm
882 4546 1027 4608 utramque
1053 4537 1097 4591 vei
1125 4544 1257 4589 naturam
1282 4552 1337 4604 per
1368 4551 1460 4587 esocem
1491 4533 1614 4587 concreti
1642 4535 1835 4605 enuntiatam,
1863 4542 1890 4590 ul

191 4632 323 4678 naturam
342 4638 400 4675 esse
417 4638 512 4675 uerum
531 4631 556 4676 et
570 4623 722 4692 proprium
740 4625 800 4676 Dei
813 4624 928 4691 Filiam,
940 4625 1027 4693 justa
1053 4623 1144 4689 Deus,
1172 4621 1266 4690 hom03
1296 4621 1339 4674 rel
1367 4628 1452 4673 totum
1479 4620 1653 4689 suppositum
1683 4621 1888 4675 denominatum

192 4711 318 4764 diuinam
336 4716 468 4762 naturam
487 4709 682 4777 essentialiter,
694 4712 781 4778 juata
798 4712 948 4764 humanam
962 4728 1027 4780 per·
1053 4728 1126 4763 nune
1143 4727 1162 4761 a
1180 4716 1283 4761 natura
1301 4707 1453 4769 alternare,
1472 4687 1529 4760 eihs
1548 4705 1659 4772 desitne,
1678 4714 1708 4759 ut
1725 4709 1818 4776 Deus,
1836 4707 1889 4759 sios

191 4796 334 4851 sonaliter.
370 4792 479 4850 Calain.
509 4794 571 4849 libr.
599 4800 623 4851 2.
652 4794 774 4849 Institut
803 4814 826 4851 c.
853 4802 892 4852 lt.
918 4803 983 4851 sect.
1004 4804 1026 4852 t.
1053 4796 1185 4858 hamana,
1201 4802 1233 4846 nt
1248 4793 1343 4861 bomo,
1361 4810 1435 4845 nunc
1453 4794 1488 4846 ab
1507 4800 1638 4860 astraque,
1656 4799 1688 4844 iit
1704 4792 1795 4847 Jesus
1814 4791 1889 4845 Obri-

191 4881 293 4939 Zanch.
311 4884 382 4952 part.
405 4886 425 4935 1.
445 4879 506 4934 libr.
526 4887 548 4935 5.
567 4881 601 4935 de
618 4880 708 4935 tribus
725 4880 834 4936 Elohim
850 4898 873 4936 c.
891 4889 911 4938 1.
927 4900 954 4952 p.
968 4888 1026 4939 263.
1053 4890 1119 4935 atus.
1156 4879 1321 4934 Concretnm
1339 4878 1465 4942 formale
1489 4876 1556 4947 ipsis
1573 4881 1629 4943 est,
1655 4879 1735 4945 quod
1763 4878 1889 4946 desipiat

190 4969 287 5023 Polan.
314 4967 343 5021 in
367 4964 461 5037 partit
481 4965 602 5038 theolog.
626 4985 652 5038 p.
672 4971 711 5021 37.
747 4965 898 5023 Chassanio
917 4967 980 5023 libr.
1003 4974 1025 5022 2.
1053 4976 1109 5020 tum
1128 4975 1246 5020 naturas
1263 4972 1321 5017 tum
1338 4978 1497 5031 personam,
1515 4979 1570 5015 non
1583 4962 1661 5028 inae,
1679 4964 1732 5015 ssd
1750 4965 1889 5017 inerim

190 5055 272 5110 locor.
291 5069 360 5108 com.
384 5070 407 5108 ο.
429 5058 450 5107 t.
474 5056 540 5107 sect.
561 5059 589 5121 3,
609 5052 735 5124 quamvis
753 5053 782 5107 in
801 5071 833 5108 eo
854 5054 966 5125 quidam
983 5071 1026 5109 eo·
1053 5061 1079 5106 et
1106 5060 1232 5121 respectu
1256 5049 1368 5103 unionis
1396 5049 1612 5101 consideratam.
1648 5046 1758 5117 Estque
1782 5049 1889 5118 duplex,

191 5158 252 5194 rum
269 5157 287 5194 a
305 5138 430 5194 raritatis
448 5138 559 5194 tramite
577 5138 721 5203 aberrent,
741 5139 816 5209 quod
834 5155 959 5208 cansam,
977 5159 1027 5195 cur
1052 5139 1096 5193 vel
1115 5145 1271 5192 coemamus
1287 5143 1420 5203 nataae,
1438 5139 1470 5189 ut
1488 5133 1580 5200 Deus,
1597 5132 1695 5201 homo,
1718 5133 1766 5189 vel
1792 5151 1888 5204 perso

190 5225 314 5280 christus
334 5225 486 5280 secundum
509 5225 709 5281 humanitatem
733 5223 769 5278 sit
787 5224 878 5288 Deus,
906 5225 1027 5297 allegent
1052 5243 1113 5292 nae,
1132 5224 1248 5295 ejusque
1268 5227 1328 5276 tum
1345 5220 1490 5290 simplicis,
1509 5227 1541 5274 ut
1553 5219 1677 5274 Verbum
1699 5235 1768 5274 caro
1785 5220 1888 5275 iactum

191 5311 274 5367 etiam
300 5311 508 5381 conceptionem
539 5327 572 5364 ex
598 5311 703 5382 Spiritu
731 5318 842 5380 sancto,
873 5327 936 5365 cnm
965 5313 1025 5383 eJas
1053 5318 1108 5379 est,
1138 5317 1197 5364 tuin
1225 5313 1362 5363 συνθέτου
1390 5307 1597 5374 denominatae,
1621 5305 1667 5359 rel
1689 5306 1725 5358 ab
1751 5307 1887 5360 mersae

189 5410 275 5451 causa
293 5394 352 5449 sola
370 5402 455 5466 atque
471 5396 554 5451 unica
572 5396 609 5450 sit
626 5396 691 5451 unio
709 5397 879 5468 personalis3
898 5402 921 5450 t.
937 5399 1024 5451 ratio·
1052 5406 1169 5458 amara,
1196 5402 1228 5451 ut
1245 5393 1322 5453 Deus
1342 5400 1384 5448 est
1401 5410 1516 5463 passus,
1534 5391 1578 5446 iel
1598 5391 1633 5444 ab
1652 5399 1778 5460 utraque
1796 5393 1886 5458 simul,

188 5498 247 5539 nes.
282 5477 312 5535 Si
329 5479 449 5538 humana
466 5481 569 5538 Christi
586 5485 688 5538 natum
704 5498 769 5538 vere
786 5500 820 5539 ac
836 5483 949 5537 realiter
961 5499 1023 5554 par-
1053 5488 1085 5538 ut
1111 5481 1236 5537 Christum
1260 5486 1303 5536 est
1328 5485 1465 5536 aeterum.
1500 5476 1589 5534 Nobis
1613 5475 1665 5533 hoc
1691 5476 1755 5534 loco
1775 5478 1812 5534 ad
1830 5494 1888 5551 per·
