3968 6024
191 255 254 317 tte
760 289 764 301 ι
837 263 841 273 ·
893 247 1016 306 DOCUS
1033 246 1177 305 emmas

191 400 307 457 verbum
326 398 380 456 Dei
405 399 435 455 in
461 399 556 456 literas
581 401 725 458 redactam
748 401 787 455 ad
811 400 918 457 animas
939 400 1024 459 bami-
1051 410 1092 455 ert
1108 401 1231 455 indebita
1243 401 1390 470 perfectio.
1416 397 1499 471 Bcsp.
1516 417 1659 474 negamus,
1676 401 1749 458 hanc
1767 418 1827 459 esse
1842 400 1880 457 in·

191 503 257 542 num
278 486 478 543 convertendas
500 493 528 542 et
548 487 715 558 sapientiam
739 491 858 559 (σοφίαν
883 493 921 548 eir
941 505 1025 555 carp
1050 486 1172 543 debitam
1198 487 1356 558 Scripturae
1382 486 1592 558 perfectionem,
1622 496 1682 544 tum
1711 487 1780 560 quia
1806 487 1880 544 Deus

191 579 255 642 plac
290 578 313 628 2.
331 572 402 627 Tim.
426 579 451 641 3,
477 589 502 627 v.
528 575 577 639 15.)
606 573 674 643 ipsis
698 572 894 644 praestandam
919 573 1026 629 dicatur
1050 573 1109 643 ipse
1138 573 1167 627 in
1193 573 1342 645 Scripturis
1373 574 1582 645 promulgandis
1611 574 1687 631 hunc
1716 573 1804 631 finem
1832 574 1881 629 sibi

190 658 328 729 perfecta,
364 657 488 729 profecto
522 657 591 713 nihil
630 659 848 715 necessariorum
877 661 903 715 ei
930 661 1025 716 deesse
1049 659 1147 715 habuit
1177 660 1357 732 propositum,
1391 665 1424 715 ut
1453 659 1574 731 perfecte
1605 661 1635 716 in
1664 660 1721 716 illis
1754 659 1879 723 traderet,

191 746 299 816 poterit
333 745 483 802 Praeterea
505 745 570 801 libri
592 746 686 801 biblici
709 763 759 818 per
778 752 864 801 totam
880 746 1024 802 ecclesiam
1050 753 1202 816 quaesunt
1219 746 1256 800 ad
1273 746 1390 802 salutem
1409 746 1481 802 scitu
1498 747 1667 817 necessaria,
1693 754 1755 802 tum
1773 746 1881 818 quirin

190 839 323 889 vocantur
347 833 416 887 libri
436 834 466 886 V.
484 839 510 886 et
529 833 566 886 N.
588 833 617 888 T.
645 834 764 894 παλαιᾶς
787 837 833 886 και
853 835 945 899 καινῆς
963 834 1023 886 tta·
1049 829 1116 900 ipsis
1140 830 1287 902 Scripturis
1311 833 1347 887 de
1369 831 1421 886 tali
1442 849 1538 888 earum
1561 832 1732 904 perfectione
1756 837 1879 894 teetmur,

190 918 276 986 θήκης
306 924 330 974 2.
349 917 425 975 (ἴοι.
441 923 465 986 3,
491 935 517 971 v.
545 923 584 974 14.
615 935 648 974 ex
674 935 729 989 quo
755 917 795 972 sic
821 918 1023 973 concludimus:
1049 923 1108 970 tum
1135 917 1202 989 quia
1226 917 1255 972 in
1283 918 1376 989 specie
1402 919 1510 974 ostendi
1539 924 1644 991 potest,
1674 919 1782 988 omnia,
1812 933 1879 988 quae

191 1004 280 1061 Omne
313 1009 506 1060 testamentum
540 1004 665 1075 legitime
700 1004 804 1058 factum
836 1009 865 1060 et
901 1020 1023 1074 compro·
1048 1003 1093 1057 vel
1116 1004 1152 1058 sd
1175 1003 1258 1058 fidem
1281 1005 1325 1060 vel
1348 1005 1385 1059 ad
1402 1022 1491 1061 mores
1511 1007 1661 1077 pertinent,
1684 1006 1715 1060 in
1733 1003 1880 1074 Scriptuxis

191 1091 287 1147 hatum
319 1089 432 1160 plenam
460 1091 599 1147 testatoris
626 1089 796 1145 voluntatem
822 1089 958 1157 continet,
992 1096 1023 1144 ut
1049 1089 1171 1160 proponi
1218 1094 1244 1144 3.
1274 1091 1500 1158 dietinpaeadam
1535 1108 1593 1145 ease
1622 1091 1693 1165 fater
1724 1091 1881 1144 doctrinam

190 1177 293 1234 nemini
315 1175 619 1232 maerensmaerens
636 1173 698 1230 Gal.
717 1183 743 1245 ³,
759 1193 785 1228 ι.
806 1182 844 1232 15.
863 1176 980 1230 maxime
999 1174 1022 1229 si
1049 1177 1205 1242 peneralem
1225 1184 1250 1230 et
1268 1177 1424 1246 epecialcm.
1456 1177 1606 1247 saraptam
1624 1185 1664 1231 ert
1678 1179 1812 1247 perfoeta
1830 1192 1883 1231 non

191 1280 225 1321 ea
250 1262 336 1318 fuerit
358 1262 497 1319 testatoris
520 1261 669 1333 sapientia,
696 1268 729 1316 ut
751 1261 843 1316 omnia
859 1266 1022 1319 testamento
1049 1263 1116 1331 qaia
1135 1263 1163 1314 ia
1180 1263 1271 1332 speeie
1289 1274 1381 1316 omma
1394 1264 1468 1333 fidei
1479 1263 1614 1317 maiouim
1631 1263 1730 1330 made,
1748 1264 1801 1317 aad
1818 1262 1882 1331 qais

190 1347 424 1421 comprehendere
447 1348 578 1419 potuerit,
603 1349 681 1419 isque
702 1348 825 1412 ammas,
849 1355 881 1402 ut
898 1347 1023 1402 voluerit
1051 1349 1080 1400 in
1102 1365 1201 1417 perere
1225 1350 1319 1409 docet,
1345 1351 1419 1402 ande
1437 1350 1548 1419 reliqua
1565 1349 1621 1402 ciat
1636 1350 1770 1418 petenda.
1801 1347 1883 1418 Bssp.

192 1433 247 1490 Sed
274 1434 338 1489 libri
363 1433 458 1489 biblici
482 1433 624 1489 continent
641 1433 777 1504 ejusmodi
795 1439 1024 1488 testamentums
1049 1434 1091 1488 ita
1115 1450 1178 1488 vero
1196 1432 1335 1488 sufficiens
1353 1433 1466 1503 fuisset,
1490 1435 1574 1490 scribi
1591 1435 1728 1490 dunmxst
1742 1434 1813 1489 haec
1829 1433 1882 1489 duo

191 1526 323 1579 testatore
348 1518 550 1591 sapientissimo
573 1528 601 1576 ot
622 1520 719 1575 salutis
744 1519 880 1576 humanae
901 1518 1023 1590 cupidis·
1049 1519 1148 1575 verba:
1176 1521 1234 1573 Dic
1258 1521 1405 1589 melariae,
1430 1538 1464 1576 ex
1488 1520 1542 1575 illis
1566 1521 1639 1577 enim
1662 1520 1792 1576 evincere
1812 1527 1881 1580 sats·

190 1607 260 1662 simo
286 1605 448 1677 profectum
490 1605 566 1676 Ergo
590 1605 729 1662 testatoris
752 1605 922 1660 voluntatem
942 1605 1023 1675 plene
1049 1614 1132 1677 gunt,
1156 1605 1299 1661 ecclesiam
1318 1605 1472 1663 Romanam
1495 1608 1524 1662 in
1548 1606 1676 1662 omnibus
1693 1623 1727 1662 ac
1745 1605 1782 1662 de
1799 1605 1880 1662 amni·

191 1700 219 1749 et
234 1691 357 1763 perfecte
374 1698 522 1763 exponunt
556 1691 685 1762 Denique
703 1690 845 1762 Scriptura
860 1707 940 1745 sacra
957 1690 1023 1745 dici-
1050 1693 1101 1747 bus
1120 1707 1180 1746 esso
1196 1692 1377 1752 audiendam.
1404 1692 1463 1748 sive
1485 1693 1591 1764 scripta
1609 1709 1642 1748 ea
1659 1692 1728 1760 sint,
1750 1691 1814 1755 aive
1830 1709 1882 1748 non

190 1785 236 1834 tur
253 1780 390 1832 aaronica
410 1793 444 1833 ex
461 1776 506 1831 Pe.
526 1783 567 1846 19,
585 1795 612 1831 v.
630 1785 654 1833 ι.
674 1775 736 1833 Gal
752 1783 776 1844 6,
794 1794 819 1831 v.
841 1784 879 1833 lt.
899 1778 974 1848 quod
989 1795 1024 1833 ne
1049 1777 1105 1832 sint
1130 1776 1241 1847 scripta.
1288 1777 1368 1843 Quod
1395 1778 1419 1832 si
1443 1779 1488 1834 hic
1513 1779 1576 1834 finis
1600 1778 1699 1834 fuisset
1725 1775 1881 1849 Scripturae

190 1863 244 1936 ipsi
276 1865 388 1936 quidem
414 1861 553 1918 Pontificii
583 1880 687 1935 negare
719 1869 849 1934 possunt,
878 1864 919 1919 sic
950 1863 1023 1920 enim
1049 1861 1154 1931 editae,
1179 1880 1229 1917 cur
1246 1863 1276 1917 in
1293 1865 1384 1934 specie
1403 1863 1468 1919 fidei
1485 1864 1596 1919 articuli
1614 1871 1642 1920 et
1658 1872 1811 1935 praecepta
1827 1880 1880 1919 mo·

190 1949 287 2005 scribit
303 1948 488 2004 Bellarminus
509 1947 557 2003 lib.
585 1955 605 2004 1.
630 1949 664 2004 de
685 1949 770 2004 verbo
787 1949 840 2004 Dei
860 1965 884 2006 c.
904 1956 931 2006 1:
950 1949 1022 2004 Pro·
1049 1966 1109 2002 rum
1127 1949 1154 2006 in
1173 1949 1228 2005 illis
1245 1949 1461 2020 explicarentur,
1481 1968 1543 2005 cum
1562 1950 1639 2005 brevi
1656 1950 1731 2006 linea
1747 1952 1879 2021 potuisse

185 2036 294 2106 piratici
318 2044 344 2089 et
368 2034 518 2105 apostotici
541 2035 609 2087 libri
629 2043 694 2089 cam
717 2053 812 2088 aeram
829 2037 888 2089 Dei
903 2036 1021 2103 amdam,
1048 2034 1312 2091 musadecclesiam
1325 2035 1447 2091 remitti?
1467 2042 1491 2094 t.
1504 2038 1732 2105 dratiapaeadam
1741 2039 1946 2091 mumurati

190 2139 225 2176 ac
242 2129 318 2174 certa
336 2128 362 2174 et
381 2121 491 2176 rubilia
507 2121 606 2188 rapula
618 2121 700 2187 fidei.
732 2120 798 2177 Jam
814 2137 879 2176 vero
895 2119 1021 2192 regulum
1048 2121 1174 2188 repaiam
1198 2122 1310 2174 totalem
1333 2130 1357 2175 et
1375 2123 1546 2192 partialem
1574 2122 1752 2192 Scriptorum
1769 2140 1879 2177 caeram

189 2206 255 2262 fidei
275 2212 384 2277 oportet
401 2222 461 2261 esse
478 2205 640 2276 perlectam,
658 2205 727 2260 alias
744 2222 779 2260 ne
796 2206 908 2277 quidem
924 2205 1022 2276 regula
1048 2223 1106 2258 cese
1124 2207 1234 2276 quidem
1245 2207 1321 2273 fidei
1335 2207 1476 2274 repetam,
1501 2210 1553 2261 red
1570 2225 1626 2262 noa
1644 2208 1771 2273 totalem,
1789 2227 1879 2262 verum

189 2292 250 2348 erit
276 2291 362 2347 Basil.
380 2291 716 2348 lib.1.ecutraEunom
754 2292 851 2346 Canon
875 2301 902 2345 et
923 2291 1022 2359 reputa
1045 2293 1207 2362 partialem.
1249 2291 1332 2363 Resp.
1362 2294 1460 2364 regula
1485 2293 1610 2364 partialis
1639 2309 1674 2348 ne
1700 2293 1814 2365 quidem
1840 2312 1878 2351 re

190 2380 325 2448 qaaatdia
350 2379 377 2432 ei
402 2378 475 2433 nibil
499 2380 573 2433 deest
598 2380 702 2447 adid,
728 2387 758 2431 at
775 2380 812 2432 eit
829 2396 918 2433 caran
936 2386 961 2432 et
980 2394 1021 2431 re·
1048 2378 1131 2450 gulae
1155 2378 1310 2434 encomium
1334 2379 1469 2434 sustinere
1487 2386 1592 2450 potest,
1614 2383 1647 2433 at
1663 2395 1697 2434 ex
1716 2379 1800 2435 dictis
1818 2396 1879 2435 cou-

189 2465 264 2535 pula,
280 2465 390 2520 nudam
401 2464 501 2534 recipit
513 2465 695 2533 additionem,
713 2482 770 2533 qua
788 2465 947 2518 accuratior
963 2465 1021 2529 fiat,
1048 2469 1117 2533 stat,
1142 2471 1170 2519 et
1189 2481 1238 2518 suo
1256 2464 1315 2518 loco
1334 2463 1443 2535 plenius
1461 2463 1702 2521 demonstrabitur.
1738 2466 1800 2520 Aut
1816 2483 1879 2539 ergo

190 2553 302 2607 additio
319 2552 392 2606 enim
408 2552 444 2621 fit
456 2558 576 2620 propter
593 2552 740 2612 defectam.
769 2549 918 2621 Excipiunt
934 2557 959 2607 1.
978 2551 1021 2604 di·
1048 2549 1130 2620 plane
1161 2549 1333 2621 negandum,
1368 2549 1539 2621 Scripturam
1565 2567 1625 2606 esse
1654 2549 1720 2606 fidei
1745 2551 1879 2623 regulam,

189 2638 384 2706 atinpaeadam
417 2653 476 2689 eece
504 2637 576 2689 tuter
603 2636 760 2691 dacctmm
786 2637 969 2706 apostolicam
996 2644 1022 2689 et
1048 2642 1097 2690 aut
1113 2634 1321 2690 concedendum
1338 2651 1398 2691 esse
1415 2637 1540 2708 regulam
1556 2636 1685 2706 totalem,
1709 2636 1821 2708 plenam
1840 2645 1878 2693 at·

191 2724 368 2793 Scriptaram
404 2721 606 2790 aposcolicam,
645 2723 717 2775 fater
752 2724 862 2777 amdam
898 2723 957 2779 Dei
993 2725 1021 2777 in
1045 2738 1103 2793 que
1120 2722 1264 2793 integram.

189 2825 290 2879 perere
306 2816 331 2863 et
347 2809 459 2861 verbam
475 2807 618 2878 scriptam.
653 2808 823 2863 Doctriaam
839 2811 1022 2879 apoetolicam
1084 2813 1142 2864 369.
1170 2813 1194 2862 2.
1221 2807 1246 2860 A
1269 2823 1355 2859 caera
1380 2806 1519 2871 efficiente
1540 2805 1711 2876 princepali,
1741 2823 1814 2878 quae
1840 2812 1946 2861 estam

190 2911 248 2950 sese
260 2896 432 2964 perfectam,
451 2894 561 2948 verbam
580 2895 638 2949 Dei
656 2912 713 2948 ease
726 2897 898 2966 perfectam,
922 2899 1022 2950 aeder
1050 2893 1125 2948 Deus
1162 2892 1380 2965 sapientissimus
1411 2899 1440 2946 et
1470 2891 1691 2962 perfectissimus.
1740 2892 1767 2947 A
1798 2909 1880 2947 caum
1891 2866 1946 2970 {iffi

190 2998 222 3035 eo
240 2999 295 3034 noa
311 2981 405 3034 rtatim
422 2981 530 3045 inferri
543 2998 632 3051 poree,
651 2982 825 3052 Scripturam
838 2984 1022 3053 apostolicam
1048 2980 1173 3051 perfecta
1201 2977 1357 3034 voluntaria
1386 2977 1539 3049 perfectum
1570 2977 1698 3035 effectum
1727 2980 1880 3051 producere
1891 2972 1933 3022 ⁹⁸¹²

191 3076 216 3122 et
239 3069 373 3137 comptam
392 3069 453 3121 Dei
468 3069 578 3122 verbam
597 3085 655 3123 ecee
670 3070 834 3138 perfectam.
873 3068 956 3140 Resp.
974 3088 1021 3141 pe·
1048 3067 1157 3123 volente
1181 3072 1209 3122 et
1228 3082 1283 3120 non
1301 3065 1435 3136 impedite
1453 3065 1593 3136 perfectus
1611 3064 1737 3138 procedit
1755 3065 1879 3121 effectus.

81 3170 84 3179 ·
189 3154 257 3210 titur
275 3154 440 3225 principium
458 3154 488 3207 in
505 3171 551 3223 eo,
578 3141 736 3226 quod'post
752 3156 857 3212 editum
875 3155 910 3213 N.
926 3156 958 3211 T.
977 3173 1021 3211 ca
1048 3153 1125 3208 Talis
1153 3151 1312 3223 Scripturae
1340 3168 1424 3205 causa
1449 3160 1491 3207 est
1516 3150 1606 3222 Deus,
1634 3169 1667 3207 eo
1694 3152 1799 3223 quippe
1826 3151 1881 3208 fine

191 3256 292 3295 nonem
315 3240 452 3312 quaedem
476 3241 602 3297 doctina
626 3242 777 3312 apostolica
800 3251 877 3297 extra
900 3242 1022 3312 Scriptu·
1049 3239 1206 3310 Scripturas
1236 3237 1343 3293 exarari
1373 3244 1402 3292 et
1433 3243 1539 3292 exstare
1571 3237 1670 3306 voluit,
1702 3246 1734 3292 ut
1765 3238 1801 3293 de
1832 3255 1882 3293 sua

190 3341 249 3382 ram
274 3327 455 3396 apostolicam
481 3334 509 3382 et
531 3327 647 3384 uerbum
671 3327 726 3382 Dei
754 3336 831 3384 extra
853 3329 1022 3400 Scripturam
1049 3325 1169 3380 essentia
1192 3330 1219 3378 et
1241 3324 1382 3378 voluntate
1400 3323 1484 3393 plene
1507 3323 1543 3377 ad
1567 3323 1683 3378 salutem
1707 3341 1757 3378 nos
1781 3325 1880 3379 instru-

190 3413 379 3485 quaersndum
401 3413 538 3468 statuitur.
574 3413 811 3478 Quemadmodum
834 3422 897 3485 post
919 3415 1022 3470 editum
1050 3417 1134 3479 erent,
1153 3426 1244 3481 neque
1261 3409 1347 3463 ullum
1366 3409 1594 3479 impedimentum
1609 3408 1674 3463 huic
1691 3409 1806 3465 effectus
1820 3427 1881 3480 pro

191 3497 228 3556 V.
243 3498 276 3553 T.
294 3515 427 3555 canonem
453 3499 579 3555 doctrina
594 3500 757 3571 prophetica
774 3518 828 3556 uon
846 3508 955 3572 poterat
971 3519 1024 3558 nec
1050 3496 1172 3552 duodoni
1206 3495 1353 3550 intervenit
1385 3495 1430 3548 vel
1464 3495 1629 3550 intervenire
1662 3496 1759 3565 potuit
1807 3497 1881 3568 Ergo

193 3583 315 3647 debebat
330 3584 426 3656 quaeri
444 3590 521 3639 extra
537 3585 692 3656 Scripturas
711 3586 900 3658 propheticas,
926 3596 958 3643 ut
974 3605 1022 3660 ap·
1050 3584 1201 3654 Scriptura,
1218 3589 1313 3653 utpote
1332 3580 1473 3652 perfectae
1493 3580 1627 3650 ejusmodi
1647 3582 1881 3652 oausaeeffeotus‚

192 3678 273 3745 paret
297 3687 331 3727 er
355 3669 503 3726 collatione
520 3670 588 3725 Luc.
612 3677 653 3739 24,
675 3690 699 3725 v.
723 3679 754 3728 25
773 3679 802 3727 et
824 3678 863 3729 27.
907 3673 979 3729 Rom
1001 3682 1023 3744 1,
1050 3677 1092 3725 est
1117 3668 1249 3740 perseam.
1274 3669 1346 3722 Iron.
1365 3666 1415 3721 lib.
1434 3673 1458 3722 2.
1483 3666 1545 3720 adv.
1563 3665 1668 3723 haeres.
1689 3686 1712 3723 c.
1733 3676 1780 3724 st:
1807 3671 1881 3724 Scri-

192 3777 218 3815 r.
242 3764 257 3814 2
283 3774 347 3813 cum
371 3763 395 3812 2.
415 3757 476 3812 Pet.
500 3763 530 3826 l,
552 3776 579 3814 v.
607 3765 652 3826 ¹93
679 3758 720 3813 ita
736 3765 800 3830 post
815 3759 920 3814 editum
937 3760 971 3817 N.
989 3761 1023 3816 T.
1046 3766 1149 3825 pturae
1161 3757 1307 3825 perfectae
1324 3762 1394 3821 scat,
1413 3754 1516 3823 quippe
1533 3771 1552 3806 a
1569 3755 1651 3809 aerbo
1664 3756 1723 3809 Dei
1735 3757 1883 3826 etSpiritu

191 3861 325 3903 maenam
350 3843 476 3899 doctrina
499 3843 652 3914 apostolica
672 3862 727 3900 nou
751 3852 843 3915 potest
867 3863 918 3901 neo
942 3846 1025 3902 debet
1051 3845 1111 3911 ojao
1135 3843 1263 3898 dictatae.
1299 3838 1395 3895 Solent
1416 3840 1486 3894 alias
1503 3839 1644 3894 Pontificii
1662 3857 1776 3910 operum
1793 3841 1881 3912 perfe·

192 3931 289 4006 quaeri
315 3936 393 3987 extra
411 3928 569 4000 Scripturas
590 3931 772 4001 apostolicas,
797 3932 863 3987 inde
878 3932 979 4004 Ephes.
1000 3940 1023 4003 2,
1050 3929 1168 3982 ctionem
1204 3927 1321 3998 probare
1356 3942 1389 3980 ex
1423 3927 1592 3997 perfectione
1622 3944 1722 3982 causae
1753 3927 1882 3985 videlicet

190 4037 217 4076 s.
238 4024 268 4075 ro
287 4017 417 4072 mmacti
439 4015 557 4073 dicimur
577 4034 660 4087 rapa·
672 4020 890 4086 fundamentum
902 4020 1024 4089 prople-
1050 4014 1169 4085 Spiritus
1186 4014 1290 4082 sancti,
1317 4030 1335 4067 a
1361 4029 1417 4085 quo
1440 4014 1578 4083 oriuntur,
1604 4031 1668 4068 cum
1693 4021 1794 4069 tamem
1813 4015 1881 4071 haec

192 4113 285 4161 taram
303 4112 329 4159 et
344 4103 550 4173 apostoloram,
570 4102 597 4158 h.
615 4120 639 4159 e.
657 4121 740 4175 super
758 4104 911 4160 doctrinam
927 4123 945 4160 a
962 4121 1023 4175 pro·
1049 4117 1134 4155 causa
1151 4097 1317 4172 impediatur
1336 4116 1386 4171 per
1405 4098 1592 4156 infirmitatem
1613 4100 1703 4156 carnis
1723 4101 1752 4155 in
1769 4103 1880 4171 renatis,

190 4191 281 4263 phe‘ds
305 4196 334 4245 et
356 4188 488 4259 apostolis
509 4189 693 4260 propositam,
722 4206 755 4245 ac
781 4190 875 4246 divitis
900 4192 1024 4263 epulonis
1049 4187 1195 4260 quominus
1219 4185 1372 4257 perfectum
1401 4186 1536 4256 producat
1559 4187 1696 4243 effectum.
1750 4187 1831 4244 Rom.
1858 4192 1881 4256 8,

190 4275 290 4333 hatres
310 4274 446 4345 jubentur
468 4277 570 4331 audire
589 4275 709 4344 Moprea
732 4285 757 4330 et
778 4278 932 4346 prophetae
954 4277 1023 4332 Luc.
1049 4293 1074 4330 v.
1100 4280 1123 4329 3.
1149 4280 1253 4344 quanto
1270 4289 1319 4326 nos
1337 4273 1441 4326 rectius
1462 4287 1494 4325 ex
1513 4272 1682 4343 perfectione
1701 4290 1803 4329 causae
1820 4291 1880 4345 per·

193 4365 234 4430 lt,
258 4378 283 4414 v.
304 4366 345 4430 29,
370 4376 439 4432 quos
463 4376 518 4416 non
540 4360 594 4417 nisi
617 4359 647 4416 in
664 4361 773 4431 scriptis
790 4361 911 4431 ipsorum
928 4364 1024 4420 audire
1048 4361 1138 4417 fectae
1167 4357 1322 4429 perfectum
1351 4357 1479 4411 effectum
1511 4359 1663 4428 producere
1691 4360 1822 4429 volentis,
1853 4367 1881 4417 et

190 4452 327 4517 poterant.
364 4447 602 4513 Quemadmodum
625 4446 742 4503 ecclesia
766 4446 864 4501 nititur
891 4448 1026 4505 duntaxat
1050 4464 1104 4503 nou
1122 4444 1279 4516 impeditae,
1298 4443 1495 4514 perfectionem
1512 4446 1671 4516 Scripturac
1688 4446 1853 4519 colligimus.

191 4533 294 4603 scripta
316 4533 512 4604 prophetarum
537 4532 663 4589 doctrina
683 4533 768 4603 (quod
786 4540 922 4604 cogrmtur
938 4552 1023 4606 agno·
1084 4539 1143 4588 370.
1167 4537 1191 4587 3.
1219 4532 1246 4584 Α
1270 4533 1396 4584 materia.
1427 4531 1614 4604 Quaecunque
1631 4532 1775 4602 Scriptura
1800 4531 1946 4624 omnessr}t

80 4612 83 4620 '
191 4634 267 4674 rcere
281 4617 438 4689 Pontificii,
460 4619 515 4673 nisi
532 4618 664 4675 iudaeae
682 4616 859 4682 traditiones,
886 4636 954 4689 quas
972 4639 1023 4691 pro
1049 4617 1193 4673 consilium
1207 4615 1263 4671 Dei
1289 4617 1324 4671 de
1346 4617 1436 4672 salute
1460 4626 1554 4673 nostra
1570 4619 1713 4690 proponit,
1741 4626 1769 4674 et
1786 4637 1880 4676 omnes

191 4702 314 4760 hlosaica
332 4711 361 4762 et
376 4703 539 4777 prophetica
557 4704 683 4760 doctrina
701 4703 858 4772 venditant,
879 4712 1024 4773 acceptare
1050 4703 1250 4761 Christianismi
1274 4711 1366 4773 partes
1390 4703 1429 4759 ita
1446 4705 1580 4776 explieat,
1606 4713 1637 4760 ut
1654 4722 1706 4760 nec
1723 4706 1802 4775 addi,
1830 4724 1881 4763 nec

191 4790 288 4858 velint)
313 4790 354 4847 ita
371 4805 482 4862 qaoque
499 4789 603 4861 scripta
620 4790 753 4844 duntaxat
771 4788 957 4860 apostolorum
976 4790 1022 4845 do
1050 4792 1156 4846 detrahi
1180 4791 1331 4863 quidquam
1354 4791 1467 4857 debeat,
1493 4793 1542 4846 illa
1564 4800 1605 4846 est
1627 4791 1761 4862 perfecta.
1797 4792 1880 4849 Ratio

76 4932 80 4937 ,
192 4877 282 4934 ctrina
304 4875 402 4933 nititur
429 4879 458 4932 et
480 4893 564 4946 super
587 4891 649 4930 eam
673 4872 841 4930 aedificabat.
878 4879 907 4933 2.
925 4876 1022 4928 distin-
1049 4879 1223 4935 connexionis
1248 4885 1291 4934 est
1312 4878 1476 4946 manifesta,
1501 4879 1568 4949 quia
1585 4878 1619 4933 de
1638 4879 1774 4948 ejusmodi
1790 4878 1881 4949 perfe-

89 4974 92 4979 ·
190 4963 329 5034 quendum
357 4979 415 5016 eree
438 4962 511 5015 diter
533 4961 730 5033 perfectionem
756 4961 875 5015 debitam
898 4969 924 5016 et
947 4961 1023 5015 inde·
1048 4963 1139 5019 ctione
1161 4964 1214 5020 hcc
1237 4965 1298 5021 loco
1321 4966 1431 5037 proprie
1457 4965 1606 5037 quaeritur.
1640 4964 1705 5018 dam
1724 4981 1789 5020 vero
1810 4965 1880 5022 Scri·

75 5042 95 5095 '..·
192 5049 286 5104 bitem.
320 5048 411 5103 Illam
437 5047 601 5118 Scripturae
625 5065 680 5101 aon
704 5048 852 5116 deceperi,
878 5049 929 5102 aed
952 5048 1024 5103 lare
1050 5050 1412 5119 pturasacrateinmuorac
1420 5050 1589 5121 propheticis
1601 5051 1793 5122 etapostolicis
1803 5051 1881 5106 libris

187 5134 380 5205 portarioram.
420 5135 455 5188 Ut
468 5135 640 5203 perfectioni
658 5133 792 5203 hominis,
816 5133 960 5204 inquiunt,
983 5135 1024 5189 ιιι·-
1050 5134 1249 5205 comprehema
1270 5154 1351 5194 omno
1374 5137 1519 5193 consilium
1541 5136 1596 5191 Dei
1618 5137 1653 5192 de
1678 5137 1766 5192 salute
1787 5146 1881 5193 nosue

191 5219 233 5276 td
258 5221 389 5291 deropat,
419 5222 496 5291 qaod
522 5221 680 5275 dcetitaitm
704 5220 846 5290 amnicae,
872 5222 940 5291 qaia
956 5221 1025 5277 laec
1049 5220 1185 5292 proponit,
1203 5229 1232 5276 et
1248 5238 1342 5279 omnes
1362 5222 1563 5278 Christianismi
1582 5232 1673 5292 partes
1691 5222 1731 5277 ita
1749 5224 1880 5294 explicat,

193 5315 233 5363 art
261 5307 385 5362 indebita
413 5308 567 5378 perfectio:
597 5308 639 5361 ita
661 5307 835 5376 perfectioni
862 5307 1026 5382 Scriptaae
1050 5313 1081 5362 ut
1107 5323 1160 5361 nec
1181 5305 1248 5360 addi
1270 5325 1321 5364 nee
1346 5306 1456 5364 detrahi
1480 5309 1627 5379 quicquam
1651 5309 1760 5364 debeat
1804 5310 1881 5381 Ergo

191 5392 265 5448 achil
286 5394 453 5463 drepana,
480 5393 507 5446 ei
529 5392 574 5446 oei
594 5393 714 5451 marimo
737 5410 792 5447 non
815 5395 953 5449 cantarat
970 5413 1025 5450 om·
1050 5390 1193 5463 Scriptura
1224 5407 1303 5447 sacra
1336 5399 1379 5448 est
1411 5390 1539 5458 perfecta.
1588 5394 1702 5448 Minoris
1731 5396 1784 5449 tria
1816 5401 1881 5450 sunt

192 5480 256 5551 aia,
281 5497 353 5551 qaae
376 5481 418 5534 ad
432 5480 523 5552 fidem
546 5487 572 5532 et
588 5495 679 5539 morer
693 5480 847 5550 pertinent,
872 5480 940 5549 qaia
956 5481 1024 5535 haec
1049 5476 1187 5543 membra:
1227 5482 1250 5530 1.
1276 5480 1351 5549 quod
1370 5473 1515 5542 Scriptura
1536 5497 1614 5535 sacra
1638 5497 1719 5535 omne
1735 5481 1881 5537 consilium
