3984 6022
53 220 56 227 ’
164 278 254 338 ,4⁸2
477 275 485 285 ·
809 240 812 247 '
887 265 1009 325 nocua
1027 266 1206 331 ouranos

196 425 317 482 rationis
333 425 363 478 oi
379 431 405 477 et
421 423 537 490 actione,
556 438 628 490 quur
646 422 765 476 bominir
778 424 901 492 propris
919 431 972 492 ert,
988 439 1031 491 pr
1060 423 1148 486 teria,
1180 441 1263 492 ouum
1289 431 1402 479 nortrue
1426 423 1619 492 prnerutioner
1635 428 1809 491 mppoaant,
1831 422 1898 475 iude

198 513 260 568 ns'to
276 514 383 581 sainct,
402 512 478 580 guod
497 518 587 564 tanen
604 511 775 580 institorum
789 511 964 578 pmerotione
977 528 1034 564 non
1061 517 1112 573 rat,
1134 512 1211 578 quod
1227 518 1339 564 uocetur
1361 509 1474 564 erectio.
1509 508 1591 581 Hanc
1610 508 1714 565 Hilarii
1736 507 1897 567 aurnum

190 601 244 669 fit,
271 600 321 669 orsi
340 615 395 653 non
418 597 619 661 intellectuali,
646 600 698 652 red
724 614 861 668 corporeo
883 596 1034 666 repetentis
1060 596 1233 651 commendat
1259 595 1391 653 Bellarm.
1415 595 1464 651 lib.
1491 601 1512 651 1.
1539 595 1574 650 de
1598 594 1710 652 Christo
1736 611 1762 649 c.
1785 599 1829 661 18,
1849 595 1896 651 sed

197 686 308 741 onirnce
332 685 504 754 operatione,
535 700 608 753 quur
638 683 737 747 infimo
771 685 883 737 animae
913 692 1034 738 nostrae»
1060 681 1261 754 imprudentem
1288 700 1361 739 nam.
1383 690 1405 740 1.
1423 682 1565 754 Scriptum
1588 681 1720 754 nuspiam
1746 682 1896 754 generatio

192 772 291 842 portio
308 779 357 841 ret,
377 779 541 840 ponentur,-
558 778 590 823 ot
607 787 669 824 cum
688 771 719 824 in
732 788 838 824 rummo
855 771 1034 825 DEOnuiio
1060 786 1123 824 nem
1147 769 1212 824 Filii
1239 777 1322 825 vocat
1346 769 1528 831 creationem
1569 774 1593 824 ν.
1616 768 1641 824 si
1664 768 1815 840 generatio
1837 767 1896 823 Filii

197 858 377 913 diseimilium
390 859 519 927 portium
540 859 703 928 competitio
721 858 766 925 rit,
779 858 869 927 silius,
886 858 937 926 pui
952 874 984 911 er
1002 874 1034 911 eo
1062 862 1104 910 est
1120 862 1149 910 ct
1165 855 1222 911 <lici
1239 861 1332 926 potest
1343 856 1456 924 creabo,
1473 855 1571 928 utiquo
1582 855 1667 911 etiam
1680 854 1774 911 Filius
1786 853 1895 910 utDcm

197 945 335 1012 norn'tur,
359 961 422 998 rere
440 944 552 999 DEUS
574 962 606 999 ec
623 945 723 1014 ΠΕΟ,
750 944 841 997 lumen
871 945 907 998 rie
931 944 1035 997 lumine
1061 941 1117 995 dici
1138 942 1239 1012 poterit
1266 947 1407 1012 creatura,
1433 942 1462 998 id
1486 942 1560 1014 quod
1577 941 1643 998 totis
1662 940 1772 997 viribus
1791 947 1894 998 contu

197 1031 344 1101 spirituaii
364 1031 487 1098 actione,
513 1033 547 1084 id
568 1039 612 1085 ert
631 1031 777 1102 spirituali
797 1031 843 1084 rui
863 1030 952 1099 iprim
971 1048 1033 1084 ron·
1061 1028 1161 1084 derunt
1174 1029 1281 1087 Ariani.
1301 1035 1325 1086 3.
1342 1028 1498 1085 Esseutinle
1516 1045 1550 1085 ac
1565 1034 1735 1100 perpetuum
1753 1027 1894 1084 disuimm

197 1099 385 1188 rmpiretrrr,
406 1135 478 1186 puae
496 1119 615 1172 monime
627 1119 750 1187 proprio
765 1118 825 1172 Dei
841 1125 888 1186 eet,
903 1119 1035 1188 procedit
1061 1121 1103 1170 eat
1115 1114 1188 1170 inter
1204 1115 1370 1171 creationem
1387 1122 1416 1171 et
1433 1114 1639 1188 generationem
1655 1114 1773 1186 propr'u
1790 1114 1894 1170 dietam

84 1215 122 1254 ni.
138 1210 184 1254 aas.
197 1213 223 1260 st
241 1211 395 1273 penarum.
434 1202 503 1271 (Sed
525 1203 595 1260 haec
612 1203 694 1260 tertia
711 1203 868 1260 murmur
886 1221 949 1258 eum
967 1219 1034 1274 quc·
1061 1200 1211 1258 Generatio
1231 1207 1274 1258 est
1292 1220 1325 1259 ex
1340 1201 1497 1258 substantia
1514 1201 1656 1274 gignentis
1675 1200 1808 1272 proferri,
1825 1199 1893 1273 quod

198 1291 262 1345 dam
286 1290 396 1346 cautela
420 1290 566 1361 legenda);
594 1296 618 1347 3.
638 1291 705 1362 quia
726 1291 841 1346 docente
859 1290 1035 1346 Dmasccno
1060 1287 1186 1359 gignitur
1204 1289 1293 1344 simile
1312 1288 1464 1345 secundum
1484 1288 1684 1358 substantiam
1720 1288 1774 1345 sed
1797 1287 1893 1344 cutio

198 1376 247 1433 lib.
268 1383 289 1433 l.
317 1375 352 1432 de
371 1375 441 1432 orth.
463 1376 510 1431 fid.
531 1395 553 1431 c
573 1384 596 1434 9.
614 1394 714 1433 nomen
730 1377 921 1447 paternitatir,
937 1377 1034 1441 filioli·
1061 1380 1090 1432 et
1105 1374 1191 1431 factio
1209 1382 1251 1431 est
1267 1376 1445 1445 extrinsecus
1463 1382 1560 1431 etnon
1574 1392 1610 1431 en
1625 1374 1792 1430 substantia
1805 1390 1893 1430 mean·

186 1465 263 1518 νοεὶν
273 1459 314 1517 ὀν
330 1464 520 1533 processionir
543 1481 599 1519 non
627 1481 660 1518 ex
677 1464 757 1519 nobis
777 1464 814 1519 ad
830 1463 941 1519 beatam
958 1463 1034 1517 illam
1060 1461 1097 1514 tis
1114 1467 1143 1516 et
1155 1461 1284 1518 facientis
1301 1460 1369 1531 fieri,
1387 1462 1462 1533 quod
1474 1468 1584 1518 creatur
1596 1467 1624 1518 et
1640 1459 1767 1517 efficitur
1781 1467 1811 1517 st
1821 1459 1893 1514 dissi·

199 1548 370 1606 divinitatem
387 1551 564 1618 translatum,
590 1550 640 1605 red
657 1556 755 1605 conus
772 1549 837 1605 inde
856 1550 892 1604 ad
910 1567 959 1605 nos
978 1556 1034 1604 tra-
1061 1547 1125 1601 mile
1142 1566 1253 1618 prorsus
1273 1547 1424 1604 secundum
1444 1549 1640 1617 substantim
1663 1547 1800 1603 Damaso
1818 1547 1891 1602 libt.

200 1635 322 1693 ductum.
357 1635 498 1695 Probatur
520 1636 572 1692 hoc
597 1644 656 1692 tum
679 1654 713 1692 ex
736 1653 782 1705 co,
806 1637 872 1707 qma
892 1637 1033 1708 generatio
1060 1634 1127 1688 orth.
1147 1633 1193 1688 tid.
1212 1652 1235 1690 c.
1255 1641 1284 1691 8:
1312 1638 1439 1706 γέννησις
1459 1636 1513 1710 μέν
1539 1637 1596 1690 ἐστι
1619 1633 1650 1689 τὸ
1679 1635 1709 1688 ἐκ
1734 1638 1778 1701 τῆς
1800 1631 1894 1694 rietur

199 1720 254 1778 Dri
280 1729 323 1780 eat
347 1728 461 1779 aeterna
488 1740 596 1780 omnem
622 1723 651 1778 in
676 1723 802 1779 humanis
828 1724 1033 1794 generationem
1059 1721 1110 1773 τοῦ
1126 1722 1279 1790 γεννῶντος
1293 1721 1468 1791 προάγεσθαι
1485 1722 1515 1777 rb
1530 1721 1711 1796 γεννώμενον
1724 1720 1824 1795 ὅμοιον
1838 1718 1890 1774 rei

199 1809 380 1877 antecedens,
406 1817 465 1864 tum
491 1826 525 1865 cx
551 1809 627 1865 dicto
656 1809 774 1881 apostoli
795 1809 866 1881 Eph.
884 1815 915 1875 3,
935 1828 961 1864 v.
986 1818 1031 1867 lt:
1060 1805 1159 1864 οὐσίαν
1185 1806 1246 1873 (ubi
1264 1805 1294 1862 ni
1317 1807 1416 1881 ὅμοιον
1435 1808 1464 1864 in
1481 1808 1578 1864 laxiori
1600 1806 1805 1880 significatione
1824 1807 1890 1862 acri·

201 1894 247 1948 Er
264 1895 355 1949 Putre
377 1895 490 1951 comm
515 1897 604 1950 omnir
624 1898 784 1967 poternitur
809 1897 839 1950 in
863 1897 939 1951 coeio
961 1905 986 1951 et
1003 1898 1033 1951 in
1059 1894 1150 1965 pitur,
1172 1899 1204 1948 ut
1229 1893 1312 1950 etiam
1336 1895 1556 1951 convenientiam
1580 1895 1610 1950 in
1635 1911 1697 1961 ease
1721 1892 1891 1950 substnutisli

199 1988 278 2034 terro
290 1982 460 2036 nominetur.
481 1981 558 2037 Deus
570 1999 634 2038 vere
645 1989 768 2054 generat,
788 1982 837 2039 sed
849 2000 905 2038 non
913 1982 1032 2039 humano
1059 1984 1156 2048 notet),
1174 1986 1259 2040 κτίσις
1274 1981 1305 2035 bi
1317 1984 1363 2034 rat
1375 1987 1483 2050 ποίησις
1500 1980 1530 2036 rb
1548 1981 1660 2052 ἔξωθεν,
1678 1985 1728 2035 eri
1744 1979 1796 2035 οὐκ
1811 1982 1840 2035 ἓν
1850 1980 1891 2047 τῆς
1929 1973 1932 1979 ’

199 2067 290 2135 modo,
308 2068 615 2138 quemadmodumverr
625 2068 702 2138 vivit,
716 2069 773 2124 imo
784 2069 859 2125 solus
872 2069 1033 2140 propriavi-
1060 2065 1155 2128 οὐσίας
1174 2069 1222 2121 νοῦ
1240 2072 1374 2131 κτίζοντος
1389 2072 1436 2122 καὶ
1455 2072 1602 2129 ποιοῦντος
1623 2073 1760 2142 γίνεσθαι
1786 2065 1816 2121 ri
1843 2087 1889 2121 ru·

200 2153 249 2222 rit,
267 2153 317 2208 eod
331 2170 387 2210 non
404 2153 472 2209 vivit
483 2154 603 2211 humano
619 2156 701 2212 modo
714 2156 846 2226 spirando
857 2162 885 2210 et
897 2156 1033 2226 respiran-
1059 2154 1173 2226 ζόμενον
1190 2157 1237 2208 nul
1255 2153 1426 2220 ποιούμενον
1447 2154 1583 2230 ἀνόμοιον
1602 2157 1747 2216 παντελῶς
1771 2152 1826 2209 κατ’
1849 2152 1889 2208 rr

200 2237 250 2307 do,
268 2238 317 2295 red
332 2238 513 2312 intelligendo
526 2242 688 2298 etersendo.
713 2242 754 2299 Ut
767 2242 840 2297 enim
851 2241 1033 2312 intelligendo
1060 2246 1140 2303 οίον,
1165 2241 1240 2297 unde
1264 2241 1347 2297 infert
1362 2258 1385 2296 c.
1405 2248 1429 2298 9.
1464 2242 1567 2296 Filium
1586 2259 1646 2298 esse
1665 2240 1821 2309 ἀγένητον,
1843 2240 1886 2296 sed

199 2324 286 2394 vivit,
309 2325 350 2381 ita
371 2325 552 2397 intelligendo
577 2333 709 2399 generat,
733 2327 831 2384 Thom.
855 2346 882 2400 p.
904 2334 926 2384 t.
946 2346 972 2399 q.
992 2334 1032 2385 33.
1059 2345 1115 2383 non
1137 2327 1297 2399 ἀγέννητον.
1331 2327 1478 2383 Rationem
1503 2329 1615 2401 exponit
1637 2327 1746 2383 Athen.
1772 2326 1846 2385 Dial.
1869 2333 1888 2382 1.

199 2418 251 2469 art.
276 2419 305 2470 2:
337 2412 491 2469 Generotio
509 2431 565 2483 per
583 2415 665 2484 prius
688 2415 794 2469 dieitur
811 2418 847 2468 de
864 2417 929 2469 Deo
950 2433 1033 2485 quom
1059 2413 1205 2470 drTrinit.
1223 2432 1250 2485 p.
1268 2419 1332 2470 152:
1348 2413 1380 2469 rb
1391 2415 1445 2485 pir
1459 2414 1575 2484 γενητόν
1592 2415 1649 2471 ern
1667 2412 1699 2471 τὸ
1715 2413 1749 2468 ἐν
1764 2419 1812 2481 τῆς
1828 2412 1887 2468 rino

199 2501 237 2554 de
254 2502 405 2570 οννοοννν,
432 2501 501 2571 puio
518 2502 663 2569 generatio
682 2502 786 2571 recipit
805 2503 924 2572 rpeciem
942 2520 962 2555 o
979 2511 1033 2556 ter·
1059 2500 1178 2561 οιάοεως
1195 2499 1385 2575 γεννώμενον,
1406 2501 1435 2556 rb
1454 2502 1486 2555 bi
1504 2501 1638 2573 γεννητὸν
1655 2498 1685 2555 rb
1707 2501 1741 2555 ir
1758 2504 1805 2570 τῆς
1823 2503 1889 2563 tiru-

198 2586 287 2654 mino,
314 2587 364 2656 oui
380 2593 420 2641 ert
435 2588 534 2651 formo
551 2588 691 2656 generati,
718 2595 744 2640 et
761 2596 864 2657 precato
882 2589 928 2641 bic
940 2590 1033 2656 suerit
1059 2593 1121 2647 σίας
1139 2591 1186 2641 νοῦ
1204 2589 1434 2659 γεννεοιουργοῦς
1454 2593 1479 2646 4.
1496 2587 1571 2658 quod
1589 2587 1736 2660 genmtio
1753 2588 1783 2643 in
1802 2587 1889 2641 buma-

195 2673 387 2741 propinouier
403 2673 518 2738 formae
534 2674 703 2742 generantia
723 2683 800 2728 torto
817 2676 911 2729 uerior
929 2684 955 2730 et
968 2693 1032 2745 per·
1058 2674 1101 2729 nis
1120 2675 1320 2747 praesupponit
1339 2674 1498 2742 materiam,
1525 2689 1597 2746 quae
1614 2673 1643 2728 in
1663 2673 1764 2730 divina
1780 2688 1889 2746 ganum

199 2759 303 2822 fertior
329 2767 370 2812 ert
392 2760 552 2826 peroratio,
582 2761 654 2814 νίννν
681 2762 823 2829 penei-atio
850 2763 968 2817 univoca
993 2771 1033 2816 ert
1057 2760 1133 2815 tione
1150 2778 1206 2816 non
1225 2760 1311 2816 habet
1330 2761 1436 2830 locum,
1460 2760 1530 2816 illud
1550 2777 1606 2815 non
1621 2758 1742 2832 probat,
1762 2778 1824 2817 erm
1841 2776 1889 2814 nou

195 2845 352 2912 perfectior
372 2846 533 2914 aequivoco,
550 2864 615 2898 nom
635 2848 671 2900 de
687 2849 798 2902 ratione
811 2851 972 2916 ponerentir
984 2858 1031 2918 ert,
1058 2865 1117 2903 erse
1144 2847 1254 2920 proprie
1281 2847 1384 2904 dictam
1411 2848 1634 2919 generationem,
1664 2845 1890 2920 distinguendum

198 2932 275 3000 quod
295 2939 407 2999 pareret
430 2932 484 2984 ribi
508 2932 599 2985 rimrle
620 2935 770 2986 recaredum
792 2936 928 3003 formam,
957 2938 1031 2990 unde
1057 2935 1130 2990 enim
1147 2933 1219 2990 inter
1235 2936 1443 3004 perorationem
1456 2935 1612 3004 pbpricom,
1630 2949 1706 3005 quae
1727 2931 1761 2987 iit
1777 2933 1809 2988 in
1828 2939 1889 2987 ten-

196 3017 250 3072 Ιεον
274 3017 380 3088 pruni,
405 3019 483 3087 quod
505 3019 536 3071 in
558 3019 735 3086 generatione
757 3020 855 3074 diuino
873 3023 1031 3075 rotrudem
1056 3036 1131 3090 pore,
1150 3026 1179 3075 et
1195 3021 1426 3091 hyperpbpricum
1446 3021 1503 3075 sive
1522 3024 1678 3086 aeternam,
1708 3017 1760 3073 illa
1777 3025 1820 3074 cst
1836 3025 1926 3072 molli

195 3104 293 3167 formu
315 3105 473 3173 postmontis
495 3111 521 3159 et
542 3105 644 3173 periti,
670 3105 700 3158 in
717 3107 801 3159 rebur
818 3115 910 3161 autem
927 3109 1031 3162 creotir
1055 3105 1125 3162 tatio
1144 3106 1297 3162 essentialis
1314 3112 1343 3162 et
1359 3105 1502 3161 materiem
1520 3104 1713 3177 praerequirit,
1741 3104 1812 3160 haec
1829 3121 1887 3160 vero

196 3207 253 3245 ron
271 3199 311 3245 ert
329 3192 428 3245 eodem
446 3208 573 3255 numero,
600 3193 652 3245 red
668 3193 760 3260 speeie
777 3201 884 3247 tenuem
903 3196 1031 3263 ortrndit,
1056 3207 1165 3247 omnem
1184 3193 1381 3261 mutationem,
1408 3207 1517 3246 omnem
1538 3190 1763 3259 successionem,
1787 3207 1887 3246 omnem

196 3280 274 3346 quod
290 3278 434 3345 generatio
449 3295 505 3346 per
520 3279 602 3347 prior
618 3278 656 3330 rit
674 3278 704 3330 in
721 3279 833 3333 diuinir.
866 3280 946 3346 Quod
958 3280 1030 3335 'Pbo-
1056 3277 1198 3333 materiam
1216 3278 1338 3333 excludit
1360 3282 1389 3333 et
1412 3277 1441 3331 in
1468 3277 1527 3332 sola
1548 3275 1683 3332 marotiae
1710 3276 1888 3333 communica·

196 3380 257 3418 mrs
278 3362 371 3431 addit,
396 3363 602 3430 perorationem
621 3379 677 3432 per
694 3365 779 3432 prior
803 3366 864 3419 diri
881 3369 917 3420 de
937 3369 1030 3435 ΠΕΟ,
1055 3364 1130 3419 tione
1148 3364 1281 3432 consistit.

196 3466 281 3518 quum
292 3451 329 3502 de
340 3450 486 3518 creaturis,
498 3451 595 3519 quood
610 3466 669 3503 rem
685 3451 880 3521 ripns'firrtom,
900 3453 964 3507 licet
976 3473 1030 3508 ron
1093 3457 1133 3506 75.
1169 3450 1220 3514 Qu.
1238 3458 1262 3506 5.
1288 3452 1335 3504 An
1353 3452 1443 3504 Pater
1462 3467 1494 3503 er
1511 3467 1563 3503 suu
1582 3450 1704 3503 errantia
1721 3457 1835 3518 perteret
1845 3447 1888 3502 m·-

197 3537 293 3603 puood
317 3535 503 3602 ripnifieondi
530 3537 658 3605 modum,
688 3552 743 3591 non
772 3538 935 3607 probmm,
964 3540 1031 3611 quia
1057 3536 1147 3590 lium!
1180 3536 1339 3591 Photiniani
1357 3535 1422 3589 huic
1439 3536 1532 3607 phrasi
1551 3541 1672 3591 extreme
1696 3541 1765 3591 sunt
1787 3531 1888 3591 infensi.

197 3620 296 3674 modus
314 3619 489 3691 significandi
506 3621 655 3691 respondet
673 3621 753 3677 modo
769 3624 886 3679 essendi.
913 3630 937 3681 4.
950 3626 1029 3681 Aria·
1058 3621 1205 3680 Schmrltz.
1222 3623 1251 3677 in
1270 3639 1356 3677 exam.
1378 3629 1433 3678 157.
1452 3639 1535 3678 error.
1557 3626 1598 3678 22.
1615 3639 1642 3693 p.
1663 3628 1693 3676 9:
1728 3624 1776 3675 Er
1793 3623 1888 3692 impos·

197 3723 295 3761 norum
314 3712 342 3760 et
359 3705 588 3762 Photinianorum
607 3707 728 3775 opinioni
753 3709 829 3765 favet
846 3710 979 3780 tropicam
1003 3719 1032 3767 et
1056 3709 1186 3764 ribilibur
1204 3727 1288 3762 unum
1306 3717 1347 3763 ert
1365 3708 1493 3763 DEUM
1507 3726 1540 3761 er
1556 3725 1609 3761 ruo
1633 3708 1795 3762 mersurum
1817 3724 1888 3778 pess-

199 3790 385 3846 modificatam
400 3794 606 3864 generationem
624 3794 653 3848 in
670 3794 741 3849 Filio
760 3800 887 3852 statuere.
1056 3812 1130 3849 rure.
1168 3813 1194 3866 p.
1217 3801 1256 3851 13.
1280 3811 1330 3851 err.
1350 3801 1381 3850 ³7
1390 3813 1397 3848 :
1427 3794 1587 3849 Absortium
1606 3801 1645 3846 ert
1663 3801 1690 3846 et
1715 3801 1826 3848 tontum
1841 3811 1888 3847 ros

233 3884 274 3933 74.
309 3875 361 3941 Qu.
385 3884 409 3934 4.
445 3879 492 3932 An
515 3881 660 3946 gener-otio
678 3881 752 3935 Filii
772 3883 865 3951 poerit
886 3883 969 3937 etiam
986 3903 1031 3938 oo
1057 3880 1246 3951 blaephemum
1278 3883 1372 3935 Deum
1403 3897 1435 3933 er
1471 3897 1524 3933 νιιο
1557 3879 1715 3932 rubrtontio
1751 3896 1886 3948 penes-ure.

197 3964 261 4017 cori
282 3964 407 4018 menno!
432 3963 479 4018 Pii
499 3971 623 4031 veteres,
647 3983 710 4021 cum
734 3967 770 4021 ad
789 3968 881 4023 locum
900 3969 1030 4025 Proverb.
1059 3968 1186 4021 Omnium
1205 3969 1277 4022 enim
1294 3968 1484 4035 tbeolopomm
1497 3965 1611 4035 judicio
1634 3965 1800 4020 mbetuntia
1817 3965 1890 4020 DEI

197 4054 225 4118 8,
244 4068 269 4104 v.
288 4055 333 4105 22:
360 4048 496 4105 Dominus
515 4049 606 4105 insert
621 4070 672 4127 pr,
699 4052 729 4106 in
750 4070 805 4124 quo
823 4071 914 4110 arcem
931 4072 1032 4113 causae
1056 4057 1261 4128 persertirrimo
1273 4057 1356 4110 modo
1368 4072 1425 4108 unu
1438 4061 1486 4121 ert,
1504 4068 1602 4123 nempe
1618 4069 1744 4106 numero.
1770 4055 1888 4108 Numero

196 4137 295 4192 anani
312 4137 487 4206 statuebant,
512 4136 594 4192 aliter
610 4139 775 4209 respondere
793 4157 848 4194 non
865 4149 978 4212 possent
995 4144 1031 4198 ob
1058 4151 1148 4197 uatem
1168 4158 1227 4195 erre
1246 4160 1331 4195 unum
1348 4141 1531 4194 rubetontium
1549 4147 1722 4207 repereram
1737 4139 1851 4211 aliquid
1862 4157 1888 4192 er

111 4280 114 4286 ,
197 4224 312 4296 linguae
333 4228 447 4279 sanctae
470 4224 670 4296 ignorantiam,
694 4226 724 4280 in
743 4244 804 4282 eam
822 4228 956 4284 devenere
973 4231 1031 4301 opi·
1057 4247 1087 4284 re
1103 4229 1353 4282 contradictionem
1372 4226 1510 4281 inuoluere
1528 4235 1585 4279 tum
1603 4233 1711 4278 eertum
1730 4235 1785 4295 est,
1814 4243 1887 4297 porr

197 4311 401 4383 nionem,quod
418 4311 559 4382 generatio
576 4311 641 4366 Filii
658 4312 713 4369 Dei
730 4320 804 4369 certo
823 4323 952 4386 respectu
969 4334 1030 4388 pos-
1058 4317 1135 4386 ruod
1150 4315 1340 4368 certisrimum.
1366 4311 1510 4369 consentit
1527 4310 1655 4366 vorstius
1673 4312 1712 4367 de
1730 4311 1795 4369 Deo
1811 4331 1838 4384 p.
1853 4317 1887 4366 tt.

197 4398 233 4452 sit
250 4397 344 4454 vocari
361 4396 471 4454 creabo.
505 4397 676 4455 Athanasius
694 4407 762 4456 orat.
782 4407 804 4457 3.
824 4407 921 4457 conus
936 4403 1030 4459 Arian
1058 4409 1085 4458 et
1105 4407 1166 4457 ¹54:
1196 4402 1310 4454 Natura
1327 4400 1410 4453 DEI
1424 4416 1484 4452 rum
1503 4397 1571 4451 aliir
1584 4414 1706 4466 pror-rur
1728 4417 1789 4453 non
1804 4405 1888 4468 polea

197 4483 227 4538 in
245 4483 380 4554 principio
398 4484 535 4554 disputat,
553 4487 760 4553 perorationem
778 4488 915 4542 intcrdum
934 4492 1032 4544 vorari
1057 4488 1272 4555 communicari,
1291 4481 1341 4540 ne'c
1358 4493 1416 4539 toto
1434 4501 1483 4538 ner
1499 4500 1532 4536 rc
1544 4491 1643 4552 purte,·
1660 4501 1719 4537 non
1738 4492 1809 4555 toto,
1826 4485 1887 4554 puio

196 4573 365 4626 creationem
384 4579 409 4625 et
427 4572 596 4626 creationem
613 4574 835 4644 generationem,
855 4576 926 4629 ricut
941 4579 1030 4631 eeruir
1057 4574 1255 4636 indioiribilir,
1280 4565 1330 4626 nec
1348 4588 1380 4623 rr
1394 4577 1494 4639 purte,
1519 4570 1586 4638 quio
1604 4570 1634 4622 iu
1647 4579 1753 4638 por-ter
1771 4570 1889 4641 discerpi

196 4657 344 4711 tribuimur
361 4657 518 4726 aliquando
535 4674 633 4712 nomen
651 4658 780 4724 filiorum
797 4669 823 4714 et
840 4661 916 4729 fiiiir
931 4679 1029 4716 nornen
1056 4661 1156 4731 nequit
1193 4657 1375 4714 Consentiunt
1397 4655 1498 4712 iunius
1523 4659 1618 4709 contm
1640 4652 1790 4726 Gratim„
1811 4656 1886 4712 Sohn

196 4761 345 4799 seruorum
369 4742 580 4816 l.Reg.t,r.19.
599 4744 931 4802 Salomovocaturrerrue
939 4750 1029 4802 Dori·
1056 4749 1084 4801 in
1102 4763 1180 4818 exeg.
1204 4763 1232 4816 p.
1252 4750 1292 4800 87.
1327 4742 1474 4798 Kerkerm.
1498 4741 1528 4795 in
1550 4746 1618 4813 syst.
1645 4759 1673 4813 p.
1698 4749 1742 4799 63.
1778 4743 1886 4800 'l'ilenur

195 4832 250 4885 die.
268 4828 333 4886 Job.
344 4835 385 4898 38,
394 4845 420 4882 v.
431 4835 476 4886 2⁸:
493 4830 588 4884 rtiiius
605 4831 681 4884 roric
699 4832 762 4900 quir
772 4834 888 4900 penui!
905 4833 1028 4888 Hilarius
1055 4833 1083 4887 in
1102 4833 1175 4887 notis
1192 4831 1228 4885 ad
1246 4830 1314 4885 Bell.
1333 4835 1356 4887 1.
1374 4828 1409 4884 de
1427 4828 1536 4883 Christo
1553 4844 1576 4882 c.
1597 4834 1627 4884 9:
1654 4830 1839 4885 Commodius·
1852 4836 1887 4884 ssi

195 4917 225 4972 in
248 4916 296 4972 lib.
326 4916 361 4972 do
388 4916 502 4986 synodis
528 4933 583 4971 uon
606 4916 688 4989 longe
711 4933 730 4972 a
746 4918 895 4990 principio:
923 4922 1028 4975 lilium
1055 4920 1167 4988 locutio,
1185 4935 1245 4971 cum
1260 4916 1385 4979 dicimur,
1400 4915 1711 4982 Patremprnuirreeel
1719 4918 1886 4986 promrcisrr

195 5006 225 5058 in
246 5004 401 5073 seripturis
418 5004 561 5057 interdum
577 5004 638 5057 dici
655 5005 777 5073 punitum
794 5006 934 5062 interemi
952 5025 1028 5063 erro·
1055 5007 1163 5060 mltum
1181 5005 1211 5057 in
1230 5003 1384 5056 rubricatio
1401 5001 1445 5055 reb
1463 5001 1588 5070 cesentio,
1606 5016 1692 5069 pssum
1713 5019 1747 5056 er
1765 5004 1885 5058 πιόνων-

196 5097 262 5158 tum,
281 5098 311 5144 ut
328 5097 445 5159 utroque
461 5090 596 5144 νονοονῑο
613 5090 713 5144 metirer
725 5090 878 5160 replicetur
887 5097 1029 5163 prooemio
1054 5094 1112 5160 ria,
1139 5107 1174 5145 ne
1201 5092 1273 5144 duos
1298 5089 1359 5159 quir
1387 5087 1523 5142 errentiur
1548 5087 1720 5155 imeps‘netur
1747 5095 1804 5144 etr.
1837 5087 1886 5145 Sed

196 5178 256 5244 rjus
275 5178 399 5241 oPutre,
418 5194 490 5246 quoe
504 5195 560 5231 uno
578 5178 712 5232 οοοοὸνιὶο
729 5178 775 5232 oie
788 5187 885 5246 porret
904 5167 1185 5251 reprimi.iurgemur
1214 5174 1401 5230 definitionem
1429 5172 1613 5245 generationis
1649 5173 1763 5246 proprie
1795 5175 1886 5230 diotre

196 5261 271 5315 Nom
284 5263 430 5331 procerrio
448 5262 502 5317 tur
520 5264 626 5319 dicitnr
642 5264 793 5332 generatio,
812 5281 883 5334 quoe
901 5275 942 5320 ert
958 5285 1029 5322 com·
1059 5264 1182 5333 Gipnere
1199 5271 1240 5316 ert
1259 5279 1292 5316 er
1311 5280 1364 5314 rao
1381 5261 1537 5313 mortonem
1555 5259 1668 5327 aliquid
1679 5264 1841 5330 producere
1855 5261 1886 5313 si·

195 5348 345 5402 muneratio
367 5357 499 5412 naturae,
524 5350 592 5418 puio
613 5366 668 5420 per
694 5367 756 5405 rum
774 5351 863 5405 Potor
880 5355 1028 5407 communi·
1055 5351 1121 5404 mile
1139 5351 1290 5404 remdum
1308 5348 1466 5404 essentium.
1494 5346 1565 5401 Inde
1581 5345 1610 5400 in
1631 5347 1723 5417 symb.
1742 5348 1889 5405 Athenas:

194 5439 241 5485 cot
258 5434 336 5486 Filio
356 5437 473 5488 eundem
490 5435 647 5502 recentium,
669 5454 754 5505 prom
772 5437 949 5506 iporebubem
968 5457 1029 5492 rur-
1057 5437 1185 5492 Obrirtue
1212 5444 1252 5489 est
1274 5434 1387 5490 Deos
1406 5434 1436 5488 ἒν
1453 5436 1499 5501 cir
1516 5431 1613 5494 orietur
1631 5433 1681 5487 τοῦ
1701 5433 1816 5508 Πατρός
1831 5441 1888 5488 ore

193 5536 242 5574 ress
264 5519 333 5587 queo
351 5521 382 5572 in
404 5520 458 5573 iiio
472 5520 656 5589 procerrionr
679 5522 761 5577 nulio
781 5524 951 5592 mpprrurr
970 5541 1028 5578 mu·
1041 5528 1044 5578 Ι
1059 5524 1156 5579 seculo
1175 5523 1293 5592 ymon.
1336 5521 1461 5578 Observa
1487 5526 1579 5577 autem
1609 5526 1629 5575 1.
1652 5521 1732 5591 quot
1755 5520 1843 5580 Pater
1860 5536 1889 5576 et
