3984 6022
788 304 841 361 DE
857 302 1020 363 NATURA
1035 302 1113 363 unt
1749 310 1811 371 28³

117 458 234 516 tamam
257 458 389 516 scamno
405 476 462 532 per
481 434 627 518 mnsam.
663 458 831 532 rectamne
855 459 951 528 epar,
962 466 967 561 1
978 459 1146 531 mesum,
1165 459 1244 518 Rom.
1267 466 1299 532 1,
1323 478 1349 519 r.
1369 466 1408 519 io.
1443 458 1532 533 Atqui
1548 459 1720 517 marmium
1735 459 1814 515 illam

118 547 169 619 qui
183 546 339 615 pmmalem
357 547 417 601 Dei
431 547 638 618 procidentiam
652 553 832 617 perspectam
851 546 951 599 habue-
964 546 1144 657 'locutionem
1161 547 1302 620 apostolus
1316 548 1375 620 ipse
1393 547 1553 616 declaravit,
1571 547 1682 620 quando
1695 548 1732 602 ad
1744 563 1812 602 sem·

118 640 193 703 nent,
213 633 297 688 mmai
312 632 508 689 intellexerunt
520 636 612 689 Deam
630 632 702 687 nibil
718 632 953 703 praetermiserim,
964 666 967 719 ι
974 634 1107 702 piternae
1123 635 1236 689 virtute
1256 643 1282 689 et
1294 635 1451 690 divinitatis
1461 641 1569 707 protom
1581 634 1685 690 ibidem
1697 635 1814 691 eandem

118 727 150 773 nt
175 718 298 774 homines
321 720 412 775 sainte
439 728 555 775 aeterna
576 720 799 789 perfruerentur.
841 718 953 774 Summe
978 719 1129 793 restringit.
1165 725 1190 779 3.
1209 720 1272 777 Joh.
1298 729 1328 793 l,
1353 740 1380 776 v.
1404 727 1447 778 ³⁸.
1475 720 1511 777 de
1534 720 1666 792 apostolis
1688 718 1814 776 Christus

120 806 218 859 bonnm
237 807 329 860 Deam
347 822 406 861 esse
423 806 540 875 pentilea
556 804 770 877 comprofessi.
797 804 837 858 At
854 803 955 858 summi
980 807 1062 862 dicit:
1091 807 1156 877 Epo
1175 808 1241 862 misi
1257 826 1306 863 aas
1332 816 1449 873 metere,
1477 809 1554 878 qnod
1573 825 1630 862 non
1654 806 1815 870 laborastis,

120 892 186 945 boni
202 891 269 945 haee
286 899 326 946 at
343 900 446 946 natm
466 892 539 947 nihil
552 892 792 963 praetermittere,
817 892 893 961 qnod
914 891 956 944 ad
981 908 1046 964 ergo
1060 910 1117 962 per
1134 894 1364 947 ratiocinationes
1370 893 1606 963 philosophorum
1622 898 1717 961 penes
1726 893 1816 961 suere

118 977 242 1033 bennam
259 979 465 1050 mirandaeque
481 979 604 1034 homines
624 982 722 1045 facere
743 978 850 1047 possit,
879 978 956 1046 quod
976 988 1172 1049 praeparatae
1202 981 1243 1033 ad
1269 981 1455 1034 ministeriam
1486 979 1685 1049 apostolorum.
1725 976 1816 1050 Cingl.

118 1066 185 1119 dnm
203 1066 239 1119 de
250 1067 314 1121 Deo
321 1080 491 1135 persuasum
508 1065 670 1132 hahuerunt,
689 1064 767 1118 hand
782 1062 955 1117 incommode
980 1064 1128 1120 Peucerus.
1163 1064 1246 1137 Resp.
1267 1082 1324 1120 non
1340 1063 1512 1136 philosophi,
1538 1064 1587 1120 sed
1601 1065 1760 1134 prophetae
1776 1062 1815 1119 ibi

118 1152 202 1206 diam
229 1152 356 1223 aliquam
381 1152 490 1209 Christi
515 1152 645 1206 notitiam
670 1150 798 1205 hatinies
825 1149 956 1204 emendi
980 1167 1031 1223 per
1046 1149 1428 1223 laborantesintelliguntur,
1452 1158 1484 1206 ut
1501 1150 1562 1221 ipse
1580 1149 1711 1206 Calvinus
1731 1167 1816 1223 agno·

117 1245 187 1291 nait.
223 1237 306 1309 Resp.
337 1243 360 1294 1.
387 1254 494 1294 omnem
514 1237 624 1293 omuino
642 1235 745 1292 Christi
771 1242 800 1292 et
818 1232 955 1306 evangelii
980 1237 1041 1292 seit.
1076 1236 1122 1291 nli
1140 1237 1213 1293 enim
1231 1237 1424 1307 promissiones
1444 1237 1480 1292 de
1499 1235 1602 1292 Christi
1623 1237 1745 1293 adventu
1768 1253 1815 1292 en-

118 1321 247 1379 notitiam
272 1322 425 1397 gentilibus
451 1323 513 1378 luce
534 1323 613 1378 verbi
638 1323 777 1379 destitutis
797 1318 916 1392 Spiritus
935 1337 955 1372 s.
980 1324 1160 1390 nuntiarunt,
1180 1329 1264 1394 atque
1283 1329 1315 1378 ιιι
1331 1322 1435 1378 Christi
1452 1322 1630 1394 metaphorae
1650 1323 1816 1393 insistamus,

120 1409 243 1482 dewi·
271 1408 370 1466 Mflith·
392 1415 431 1475 16,
449 1427 474 1464 V·
496 1416 535 1468 ¹⁷·
571 1409 651 1466 R0m·
673 1415 711 1473 16,
729 1426 755 1463 v·
775 1413 816 1463 25.
851 1405 956 1462 001081·
980 1410 1021 1465 illi
1039 1427 1136 1483 agrum
1156 1409 1333 1465 Dominicum
1350 1407 1475 1465 sentibus
1493 1408 1674 1465 idololatricis
1692 1410 1816 1483 undique

121 1501 145 1566 l,
163 1513 189 1550 v.
210 1500 251 1551 26.
292 1501 312 1552 1.
332 1494 394 1551 Cor.
414 1501 446 1562 2,
463 1512 489 1549 v.
510 1501 534 1550 l.
553 1502 604 1551 ete.
641 1500 663 1549 2.
691 1492 828 1565 Implicita
846 1497 874 1547 et
892 1506 954 1546 eon·
980 1495 1117 1566 repletum
1135 1500 1339 1567 expurgarunt,
1364 1494 1496 1550 concione
1521 1494 1592 1567 legis
1621 1494 1698 1550 velut
1724 1502 1816 1552 aratro

118 1580 184 1638 tusa
201 1581 251 1637 illa
267 1581 368 1637 notitia
386 1598 443 1637 non
460 1587 502 1638 est
527 1580 668 1636 sufficiens
694 1580 731 1634 ad
753 1578 886 1647 salutem,
906 1575 956 1632 sed
981 1582 1103 1654 quodam
1123 1582 1207 1638 corda
1234 1580 1376 1637 hominum
1400 1582 1593 1652 prosciderunt
1620 1589 1648 1637 et
1665 1581 1755 1653 prima
1773 1599 1815 1638 se·

121 1666 272 1740 requiritur
290 1667 428 1737 explicata
446 1672 473 1721 et
492 1667 623 1722 distincta
640 1665 742 1721 Christi
765 1665 793 1720 in
811 1663 955 1736 evangelio
981 1669 1057 1724 mina
1085 1668 1307 1741 evangelicarum
1326 1666 1536 1739 promissionum
1553 1669 1582 1722 in
1600 1668 1717 1723 ecclesia
1740 1685 1816 1740 spar-

124 1753 259 1827 patefacti
278 1752 414 1825 cogoitic,
437 1761 470 1808 ut
485 1752 606 1824 probant
624 1752 811 1821 fundamenta
831 1748 957 1821 superius
982 1763 1084 1825 rerunt,
1103 1756 1151 1811 sed
1170 1773 1212 1825 ca,
1230 1770 1302 1827 quae
1320 1755 1349 1809 in
1367 1754 1455 1811 herba
1471 1758 1640 1823 manserunt,
1659 1755 1727 1827 quia
1739 1752 1818 1811 Chri·

126 1846 266 1895 annania.
302 1844 326 1895 3.
361 1839 390 1897 Si
415 1839 550 1910 implicita
576 1840 625 1894 illa
653 1837 756 1893 Christi
781 1836 903 1909 cognitio
928 1835 956 1889 in
983 1847 1056 1897 atum
1073 1841 1156 1914 longe
1176 1846 1240 1912 post
1257 1846 1404 1897 venturum
1429 1840 1552 1897 obscuris
1575 1841 1722 1898 verborum
1742 1841 1817 1896 invo.

123 1927 275 2000 gentilibus
293 1925 393 1983 fuisset
408 1926 549 1983 sufficiens
568 1926 753 1987 adsalutem,
774 1940 856 1979 eccur
873 1920 956 1976 tantis
982 1928 1066 1983 lucris
1083 1927 1210 1983 nonnihil
1227 1927 1417 1998 delinearunt,
1435 1927 1623 1984 maturitatem
1639 1929 1721 2000 hujus
1740 1945 1816 2001 sege·

123 2012 254 2084 periculis
276 2013 395 2085 apostoli
415 2014 545 2068 mandato
565 2011 668 2067 Christi
691 2009 815 2066 obsecuti
839 2024 957 2080 evange
982 2014 1030 2081 tis,
1054 2013 1144 2070 idest
1164 2014 1338 2071 oraculorum
1357 2015 1546 2086 impletionem
1572 2023 1601 2071 et
1625 2013 1762 2087 evangelii
1786 2013 1815 2070 in

126 2099 194 2153 lium
212 2098 283 2154 inter
301 2104 399 2172 gentes
415 2099 632 2170 praedicarunt?
651 2114 700 2152 cur
717 2097 745 2151 in
757 2096 896 2151 Christum
912 2097 957 2166 ju·
982 2109 1079 2174 gentes
1102 2100 1344 2173 propagationem,
1361 2117 1417 2155 non
1434 2100 1576 2171 viderunt,
1595 2100 1670 2172 quod
1684 2100 1816 2171 apostolis

126 2185 226 2241 bantur
244 2187 356 2242 credere
374 2185 427 2241 sub
447 2192 575 2241 aeternae
593 2184 776 2240 damnationis
795 2181 938 2258 periculo?
982 2187 1036 2242 fuit
1055 2193 1233 2243 reservatum.
1485 2240 1491 2249 ,

1018 2279 1059 2330 et.
1094 2279 1119 2328 t.
1151 2275 1275 2327 Dnritas
1301 2280 1385 2341 atone
1415 2273 1577 2326 immanitas
1603 2274 1703 2327 tetrior
1728 2272 1819 2342 nnita,

77 2416 80 2421 ⁴
161 2360 202 2411 86.
237 2356 415 2411 Potissimum
442 2373 543 2411 causae
569 2373 637 2411 suae
658 2357 742 2412 robur
765 2355 903 2410 collocant
929 2354 958 2406 in
984 2379 1068 2431 quam
1095 2359 1273 2429 sempiternis
1299 2358 1469 2413 materiem
1499 2359 1664 2427 mancipare
1695 2359 1818 2414 hominm

72 2442 74 2451 ’
125 2442 201 2498 dicto
219 2443 371 2515 apostolico
405 2443 488 2498 Rom.
509 2448 530 2513 l,
548 2460 573 2498 v.
587 2448 635 2507 20,
653 2442 700 2497 ubi
719 2444 754 2497 de
773 2442 892 2497 naturali
910 2457 957 2495 no·
981 2455 1100 2520 propter
1119 2446 1200 2501 illine
1217 2446 1287 2511 fidei
1303 2445 1461 2514 desectam,
1484 2460 1564 2513 quem
1582 2445 1715 2513 consequi
1736 2446 1819 2500 nnita

72 2480 85 2513 ic

72 2516 111 2557 ln·

72 2581 110 2610 en·

125 2530 188 2584 titia
205 2529 322 2593 dicitur,
351 2530 425 2602 quod
452 2528 572 2602 gentiles
599 2547 649 2602 per
675 2547 736 2584 eam
761 2530 871 2583 redcb'ti
895 2535 959 2580 soret
983 2536 1093 2588 ratione
1110 2540 1255 2603 poterant.
1290 2528 1460 2600 Andradiuc,
1478 2528 1608 2585 Pueoins.
1642 2529 1726 2602 Resp.
1747 2538 1769 2588 l.
1788 2532 1818 2587 in

72 2635 75 2661 t
126 2616 334 2672 inexcusabiles.
367 2615 406 2669 At
423 2617 481 2670 nisi
495 2617 640 2685 sufficiens
651 2616 758 2683 suisset
776 2615 960 2681 adsalutem,
983 2621 1080 2691 primis
1092 2617 1393 2692 parentibusomnibus
1405 2616 1562 2673 hominibus
1575 2617 1641 2673 data
1654 2617 1709 2673 fuit
1725 2619 1818 2690 imago

72 2780 106 2819 ni.

125 2720 182 2756 non
199 2703 338 2771 potuisset
362 2703 478 2770 pactiles
503 2703 623 2756 reddere
647 2702 854 2755 icmaaaoites.
894 2699 958 2767 Qui·
984 2707 1054 2776 Dei,
1080 2707 1116 2762 ad
1135 2723 1218 2778 quam
1237 2705 1359 2776 pertinet
1375 2704 1424 2759 lux
1441 2703 1571 2759 tuluwis
1592 2703 1759 2776 cognitionis
1778 2704 1818 2758 di-

126 2787 191 2843 dam
203 2795 348 2844 resumunt
361 2790 397 2844 ad
409 2793 512 2844 statum
524 2788 684 2861 primaevae
695 2788 869 2860 integritatis,
884 2786 960 2860 quod
985 2794 1065 2848 vinae
1082 2793 1112 2847 in
1130 2797 1240 2862 mente,
1266 2806 1323 2863 qua
1348 2806 1411 2846 oum
1430 2806 1460 2846 ιθ
1478 2797 1506 2846 et
1525 2794 1650 2861 postam,
1670 2790 1752 2862 primi
1769 2807 1819 2862 pa.

124 2875 261 2930 naturalis
280 2874 333 2931 Dei
353 2875 451 2931 notitia
470 2875 499 2930 in
518 2892 551 2931 eo
570 2874 654 2932 fuant
673 2874 812 2930 sufficiens
833 2874 870 2928 ad
887 2873 959 2928 salu·
986 2887 1078 2936 rentes
1095 2883 1251 2952 spontanea
1267 2877 1351 2949 culpa
1360 2876 1540 2949 privaverint,
1557 2892 1613 2932 non
1624 2882 1667 2932 est
1679 2877 1754 2948 quod
1765 2876 1819 2933 Dei

103 2960 191 3028 'tent
210 2961 255 3017 cui
274 2961 389 3018 notitiae
408 2978 471 3017 cum
490 2963 519 3017 in
541 2979 570 3018 se
594 2979 627 3018 ac
652 2979 753 3034 perse
778 2960 959 3033 perlapsum
984 2965 1147 3038 injustitiam
1173 2968 1313 3021 accusent,
1348 2962 1422 3036 Aug.
1446 2962 1525 3034 epist.
1553 2969 1609 3020 105.
1637 2963 1673 3017 ad
1698 2960 1818 3018 sixtum:

125 3046 277 3120 primum
295 3053 441 3120 Parentum
458 3047 526 3103 nihil
543 3048 698 3113 ᾶθθθδθθΐῆι
716 3049 782 3103 lieet
799 3048 828 3101 in
845 3045 960 3102 homini·
986 3051 1078 3106 Nnila
1100 3051 1264 3119 innatantia
1288 3050 1469 3103 damnatione
1492 3050 1630 3123 immunis,
1645 3056 1686 3102 est
1708 3065 1742 3102 ac
1763 3065 1819 3118 per

125 3134 181 3190 bus
199 3133 236 3189 sit
252 3134 391 3190 &minuta
407 3140 434 3191 et
451 3135 652 3201 contaminata,
672 3135 735 3190 ideo
755 3134 910 3205 apostolum
928 3148 959 3186 eo
981 3139 1037 3193 ‘leae
1059 3137 1257 3192 inexcusabile}
1279 3144 1320 3191 eat
1338 3134 1441 3203 omnia,
1465 3135 1516 3203 qni
1540 3151 1575 3187 ec
1598 3150 1633 3188 ea
1656 3135 1819 3203 peccatori

126 3238 211 3279 sensu
231 3237 264 3276 ae
282 3229 411 3294 respectu
429 3224 464 3277 de
481 3222 602 3278 naturali
619 3221 717 3277 notitia
734 3228 792 3277 tam
811 3218 961 3274 honorifice
985 3232 1068 3280 reato
1086 3224 1218 3292 atpinis,
1240 3221 1285 3275 vel
1305 3222 1498 3275 additamento
1518 3228 1545 3274 et
1556 3221 1697 3290 propriae
1721 3220 1818 3274 volun.

124 3308 204 3381 loqui
227 3307 392 3363 existimant.
428 3308 484 3364 Sed
505 3312 649 3364 contextus
673 3307 819 3363 manifesta
840 3305 960 3363 ostendit
985 3312 1062 3380 tatic,
1080 3312 1137 3364 cine
1156 3310 1304 3381 animarit,
1322 3309 1442 3377 siccam
1458 3309 1580 3376 ipnorat,
1598 3308 1656 3361 siae
1674 3308 1724 3377 qni
1737 3307 1819 3376 jndi-

126 3395 284 3467 apostolum
302 3394 380 3467 loqui
399 3393 569 3450 decennali
586 3393 693 3464 notitia,
711 3411 767 3449 non
785 3394 875 3465 qualis
894 3393 960 3449 olim
986 3406 1039 3467 cat,
1058 3397 1114 3451 sive
1131 3398 1181 3466 qni
1196 3414 1252 3451 non
1263 3395 1471 3466 judicatorio
1492 3402 1520 3449 et
1534 3396 1600 3466 ἱρεα
1613 3395 1778 3464 ipnorantia
1788 3396 1819 3448 in

124 3481 196 3552 init,
223 3480 272 3537 sed
290 3480 379 3554 qualis
396 3481 456 3551 jam
483 3487 524 3536 est
549 3480 579 3534 in
600 3479 667 3551 ipsis
691 3480 858 3553 gentilibus,
885 3478 959 3552 quod
984 3484 1053 3553 illm,
1074 3483 1124 3552 qni
1140 3482 1467 3551 intelliperenolnernnt,
1485 3483 1546 3536 aine
1565 3482 1739 3536 dubitatione
1754 3499 1818 3551 pec·

127 3568 220 3623 adhuc
236 3568 299 3623 illos
317 3567 418 3623 reddat
435 3564 641 3622 inexcusabiles.
677 3566 804 3621 Dicimus
822 3566 908 3639 igitur
926 3584 960 3622 ex
985 3579 1078 3626 catam
1098 3578 1157 3635 eet,·
1172 3569 1203 3623 in
1219 3568 1281 3623 iilic
1300 3576 1401 3638 antem
1420 3568 1470 3638 qni
1485 3569 1819 3638 intelliperenonpotne·
1925 3570 1929 3583 ¹

128 3670 169 3725 ec,
189 3655 265 3726 quod
283 3655 383 3710 notitia
396 3654 529 3710 naturalis
548 3653 666 3726 gentiles
682 3653 882 3710 inexcusabiles
899 3653 959 3708 red·
984 3664 1067 3727 rant,
1086 3673 1183 3726 paena
1202 3657 1316 3725 peccati
1339 3663 1397 3721 est,
1420 3671 1487 3725 erpo
1508 3657 1540 3709 in
1558 3654 1686 3725 utrinqne
1704 3672 1760 3709 non
1779 3663 1820 3709 est

127 3740 194 3812 dat,
219 3758 276 3797 non
293 3739 396 3796 debere
415 3756 466 3794 nec
484 3756 565 3810 posse
583 3739 693 3810 colligi,
721 3739 795 3810 quod
811 3757 861 3811 per
877 3757 907 3796 se
924 3739 960 3794 sit
980 3748 1064 3816 jacta
1076 3744 1226 3811 manatio,
1245 3743 1384 3812 sedjnsta
1395 3743 1549 3798 damnatio.
1576 3748 1600 3798 t.
1618 3740 1820 3812 imperfectioni

126 3826 269 3884 sufficiens
297 3827 334 3882 ad
363 3826 497 3895 salntem,
524 3826 573 3880 sed
601 3826 676 3897 quod
703 3825 819 3897 gentiles
846 3843 880 3882 sa
904 3844 960 3882 non
986 3830 1120 3888 naturalis
1136 3829 1251 3885 notitiae
1267 3828 1423 3885 consultum
1435 3827 1513 3884 Deus
1527 3827 1677 3900 voluitper
1693 3825 1820 3882 notitiam

126 3912 232 3971 iuennt
249 3920 323 3970 recte
342 3914 400 3984 usi,
421 3914 493 3968 sient
511 3912 572 3984 ipse
590 3912 732 3983 apostolus
748 3929 773 3968 v.
793 3929 849 3985 seq.
869 3914 960 3970 decla·
986 3918 1015 3973 in
1034 3917 1119 3974 verbo
1138 3915 1304 3984 revelatam,
1327 3931 1410 3987 quam
1434 3914 1525 3970 tribus
1548 3910 1686 3969 distncfis
1711 3906 1819 3968 vicibus

126 4007 184 4071 rat,
204 4001 271 4073 quia
289 4018 352 4056 cum
370 4000 560 4069 capnooiment
579 4001 684 4067 Deam,
701 4015 757 4052 non
776 3999 848 4053 ciant
867 4003 959 4054 Decem
986 4003 1114 4061 omnibus
1142 4002 1172 4057 in
1199 4007 1274 4056 terra
1301 3999 1457 4055 hominibus
1486 4000 1564 4055 Deus
1599 3998 1819 4067 communicavit,

126 4089 367 4159 piorificaoeront,
385 4096 434 4140 ant
450 4087 560 4155 pretias
577 4094 705 4154 eperunt,
724 4088 777 4140 aed
793 4096 961 4141 evanuerant
986 4091 1097 4146 Adamo
1114 4095 1178 4160 post
1196 4089 1324 4160 lapsum,
1341 4086 1418 4143 Noae
1436 4092 1464 4141 et
1481 4085 1568 4158 ipsius
1584 4085 1647 4140 filiis
1664 4093 1728 4157 post
1748 4085 1818 4139 dilu-

127 4175 158 4229 in
183 4175 396 4244 capitationibus
424 4173 484 4226 snio
508 4181 533 4226 et
559 4173 735 4226 obcaecatam
761 4180 800 4226 eet
827 4173 962 4242 insipiens
986 4178 1076 4245 viam,
1094 4174 1224 4248 gentibus
1243 4174 1273 4228 in
1291 4170 1450 4228 universum
1468 4170 1596 4227 omnibus
1611 4177 1735 4242 tempore
1753 4188 1818 4243 apo·

128 4278 179 4316 cor
198 4278 300 4316 eornm.
337 4260 414 4314 Deus
439 4258 492 4313 hoe
516 4258 572 4313 fine
594 4258 750 4313 naturalem
775 4258 818 4312 aui
836 4258 962 4314 notitiam
986 4263 1127 4319 stolorum.
1162 4260 1242 4328 Quod
1262 4260 1286 4314 si
1304 4259 1352 4332 qui
1369 4258 1515 4331 gentilium
1532 4258 1720 4314 destituuntur
1745 4272 1820 4313 reve-

128 4347 218 4403 voluit
235 4363 295 4402 esse
313 4346 344 4400 in
361 4344 471 4402 homine
484 4346 577 4401 adhuc
587 4345 731 4418 reliquam,
749 4352 782 4401 ut
793 4347 853 4417 ejus
866 4364 961 4402 manu·
986 4351 1044 4404 lata
1060 4349 1109 4404 illa
1126 4347 1237 4414 notitia,
1261 4344 1322 4400 sine
1344 4361 1400 4419 qua
1418 4343 1551 4400 naturalis
1577 4349 1620 4399 est
1640 4343 1677 4398 ad
1700 4343 1819 4399 salutem

129 4432 260 4489 ductione
278 4433 315 4487 ad
334 4433 519 4503 quaerendam
530 4432 689 4489 ulteriorem
700 4432 755 4487 Dei
766 4433 961 4489 revelationem
987 4433 1164 4502 insufficiens,
1183 4437 1337 4504 agnoscant
1348 4433 1483 4502 majorum
1500 4446 1611 4485 suorum
1629 4429 1749 4500 culpam,
1764 4447 1820 4485 non

126 4520 158 4575 in
176 4520 305 4590 ecclesia,
332 4520 450 4591 quaein
468 4521 569 4575 illustri
592 4521 653 4577 loco
681 4537 790 4590 semper
812 4521 961 4576 comtituta
987 4526 1118 4577 accusent
1134 4518 1189 4574 Dei
1205 4515 1427 4573 misericordiam.
1464 4521 1488 4571 3.
1513 4515 1580 4586 quin
1605 4515 1659 4570 imo
1678 4514 1707 4569 in
1729 4515 1821 4571 media

124 4605 194 4668 ruit,
220 4604 418 4668 excitarentur,
444 4604 527 4661 modo
554 4623 599 4676 eo,
626 4624 709 4680 quem
735 4605 910 4677 exposuimus
932 4606 960 4662 in
986 4605 1142 4680 gentilitate
1161 4605 1237 4659 Deus
1254 4620 1310 4658 non
1328 4601 1387 4657 sine
1407 4600 1564 4657 testimonio
1588 4618 1618 4657 se
1644 4601 1735 4672 ipsum
1757 4601 1820 4656 reli·

123 4697 206 4748 tract
224 4691 260 4746 de
279 4691 340 4746 Deo
361 4688 387 4767 ξ.
410 4698 454 4760 113
482 4691 531 4746 sed
551 4697 660 4747 tentum
679 4693 767 4761 abest,
783 4697 816 4747 ut
833 4693 869 4748 ad
887 4694 959 4749 salu·
987 4695 1063 4769 quit,
1092 4692 1141 4747 sed
1158 4690 1345 4747 manifestavit
1368 4705 1398 4745 se
1421 4706 1472 4762 per
1494 4689 1586 4762 legem
1611 4695 1744 4758 naturae,
1769 4704 1820 4762 per

123 4786 215 4835 tarem
230 4777 305 4833 hunc
321 4776 405 4833 tinem
421 4776 520 4832 notitia
532 4778 586 4833 Dei
603 4780 722 4833 naturali
739 4778 843 4835 fuerint
860 4779 912 4848 usi,
929 4787 960 4835 ut
985 4799 1067 4839 voces
1085 4785 1240 4842 creaturae,
1263 4795 1313 4848 per
1331 4775 1520 4832 celebritatem
1548 4775 1688 4831 ecclesiae.
1725 4773 1818 4840 Quare

124 4866 217 4921 lucem
235 4864 264 4919 in
280 4867 382 4918 natura
397 4863 488 4919 adhuc
507 4864 641 4936 reliquam
658 4872 836 4936 peccatorum
854 4866 959 4937 gravis·
985 4886 1047 4927 eum
1065 4873 1165 4921 natura
1182 4864 1316 4936 magistra
1328 4879 1361 4917 ac
1380 4862 1450 4918 dues
1462 4862 1564 4918 ethnici
1578 4861 1719 4934 potuerint
1733 4878 1817 4933 agno·

125 4953 259 5007 simorum
274 4951 396 5007 tenebris
416 4951 526 5022 penitus
543 4947 681 5006 suffocare
698 4950 789 5005 annisi
799 4951 902 5007 fuerint
912 4970 958 5008 ve·
985 4971 1079 5022 scere,
1097 4951 1172 5025 quod
1189 4950 1225 5005 sit
1241 4950 1318 5006 Deus
1338 4955 1367 5003 et
1383 4948 1458 5021 quod
1476 4948 1604 5020 religiose
1621 4946 1754 5003 colendus
1773 4946 1817 5017 sit,

123 5038 236 5094 ritatem
253 5036 283 5091 in
301 5036 437 5109 injustitia
454 5036 612 5100 detinendo,
630 5036 747 5108 gloriam
764 5037 825 5108 ejus
842 5037 872 5092 in
884 5037 960 5094 idola
985 5039 1146 5098 debuissent
1162 5037 1278 5092 ulterius
1295 5034 1435 5106 inquirere
1452 5050 1548 5089 verum
1560 5033 1646 5089 divim
1657 5033 1749 5089 cultus
1760 5051 1817 5090 mo·

125 5124 337 5189 commutanda,
363 5123 479 5178 vanitati
504 5122 708 5178 ratiociniorum
733 5123 904 5196 indulgendo
932 5133 960 5183 et
984 5127 1051 5183 dum
1076 5125 1106 5180 in
1133 5122 1250 5180 ecclesia
1275 5120 1461 5193 patefactum,
1491 5138 1574 5193 quam
1601 5120 1664 5176 ideo
1683 5119 1761 5176 Deus
1789 5120 1819 5176 in

125 5210 357 5282 concupiscentiis
377 5209 534 5265 carnalibus
552 5226 612 5265 sese
630 5215 702 5264 totas
722 5209 870 5282 tradendo,
896 5230 958 5283 pro·
983 5211 1084 5269 illustri
1096 5211 1157 5265 loco
1175 5206 1326 5276 constituit,
1348 5211 1377 5260 et
1391 5206 1532 5261 miraculis
1549 5205 1681 5278 plurimis,
1701 5224 1818 5279 quorum

123 5306 188 5371 pler
207 5314 290 5369 quem
308 5297 425 5353 abusum
441 5294 555 5351 montiae
570 5293 705 5349 naturalis
723 5297 863 5366 apostolus
883 5304 959 5353 recte
983 5299 1058 5355 fama
1075 5297 1148 5351 inter
1166 5293 1283 5367 gentiles
1302 5309 1413 5363 sparsa,
1434 5292 1606 5359 nobilitavit,
1624 5298 1656 5348 ut
1673 5294 1750 5348 velu't
1767 5311 1817 5365 pu·

119 5384 286 5458 pronuntiat
316 5383 432 5456 gentiles
454 5398 505 5455 per
531 5398 593 5438 eam
619 5380 698 5436 reddi
726 5380 959 5456 ἂναποιογήιους,
983 5385 1057 5442 blico
1075 5379 1224 5455 praeconio
1242 5396 1337 5437 omnes
1356 5380 1393 5435 ad
1409 5379 1554 5435 ecclesiam
1573 5384 1602 5435 et
1623 5379 1663 5434 sic
1683 5379 1720 5434 ad
1737 5386 1817 5435 natu·

124 5469 252 5545 mois
272 5470 335 5542 ipsa
353 5487 402 5541 per
420 5484 450 5525 se
463 5468 627 5524 adsalutem
639 5467 958 5527 minimssitsnfficiens.
983 5471 1048 5528 ralis
1073 5468 1148 5525 illius
1170 5465 1285 5523 notitiae
1308 5483 1388 5523 usum
1417 5464 1609 5523 invitarentur.
1643 5464 1679 5522 V.
1701 5466 1752 5521 loc.
1782 5464 1816 5519 de

124 5556 238 5633 Urgent
254 5561 278 5613 2.
295 5555 380 5628 illud,
408 5556 483 5629 quod
502 5551 533 5611 ιδ
548 5555 674 5628 γνωστὸν
698 5557 770 5611 Θεοῦ
788 5555 825 5612 sit
841 5556 958 5615 ethnicis
985 5557 1065 5615 elect.
1085 5552 1112 5632 ᾖ.
1132 5558 1189 5611 135.
