3984 6022
735 265 788 320 Da
807 263 1021 322 SCRlP'fURA
1038 264 1168 322 SACRA
1360 216 1361 226 ἵ
1734 278 1792 336 167

98 431 230 485 sperare,
250 421 375 486 44444444,
395 437 487 488 29442.
519 421 626 477 Albert
647 418 798 492 Hungerus
816 419 846 474 in
864 419 935 490 disp.
963 417 1035 475 ditos
1062 421 1196 492 quosdam
1223 421 1308 478 libros
1323 439 1428 479 ,sacros
1455 438 1545 476 canon
1571 421 1729 494 Scripturae
1754 429 1797 480 est

98 499 215 573 ingolst
245 518 309 557 ann.
339 509 380 560 82.
408 505 504 561 habita
530 505 583 561 sub
610 505 652 561 tit.
694 506 835 573 Defensio
860 505 936 560 Scri-
962 502 1153 576 imperfectus,
1185 525 1220 564 ne
1249 508 1302 579 ipsi
1333 509 1445 580 quidem
1474 507 1612 563 Pontificil
1641 509 1795 580 perfeetum
1880 509 1886 524 ⁴

93 595 200 656 942422
217 606 317 644 424424
335 599 432 645 contra
450 592 767 661 Pseudoscripturarios
784 591 935 647 42222144
961 606 1094 648 canonem
1118 591 1269 648 habebunt.
1304 594 1388 649 142144
1407 603 1457 663 est,
1478 594 1544 666 quia
1561 611 1610 665 per
1628 612 1693 651 suas
1710 597 1796 651 trudi·

99 671 252 742 Scriptura
273 692 358 730 caera
374 685 415 730 est
433 679 520 732 turris
537 679 592 732 ilia
609 680 721 748 Dauid,
746 695 818 748 quae
835 678 934 742 aedifi·
961 676 1049 732 tiones
1072 695 1128 733 non
1146 686 1263 751 possunt
1280 681 1424 736 restituere
1442 679 1527 736 libms
1547 681 1608 735 illos
1628 681 1794 753 deperditos.

97 766 165 813 catu
190 768 230 814 444
256 778 317 814 cum
338 764 575 833 propuqnccalis,
601 780 634 818 ec
659 780 716 835 922
741 764 818 818 mille
845 764 937 832 clypei
962 768 984 816 2.
1002 761 1032 817 Si
1058 764 1102 818 vel
1130 766 1247 822 maxime
1275 766 1418 837 perierunt
1443 765 1507 820 libri
1535 765 1622 837 aliqui
1649 783 1666 821 a
1692 767 1795 823 sanctis

93 847 219 916 pendent
236 849 378 918 2442449442
395 858 544 905 mnarum
553 851 687 917 sortium,
705 849 782 906 Cant.
796 856 819 906 4.
837 850 934 904 2444442
961 846 1014 902 Ι)24
1032 847 1189 906 hominibus
1207 852 1311 923 scripti,
1331 852 1373 906 illi
1390 859 1483 907 tamen
1497 869 1553 907 non
1567 852 1644 909 fuere
1658 853 1685 907 in
1698 870 1794 908 nume·

98 940 225 1002 4244224,
243 950 276 987 eu
293 952 348 1004 9442
366 937 468 992 David
483 936 596 1006 lapides
614 938 756 1001 desumit,
774 938 873 1006 quibus
889 955 933 989 su-
959 951 1020 987 rum
1040 936 1236 992 canonicorum
1254 937 1385 993 librorum
1402 939 1490 994 relati.
1525 939 1600 1010 Ergo
1617 956 1668 1010 per
1684 939 1794 995 illorum

93 1019 215 1088 perbum
237 1019 355 1075 Golicth
375 1023 539 1090 9444444244.
563 1022 634 1078 Bell.
658 1021 706 1080 lib.
730 1027 755 1079 3.
781 1023 816 1079 de
838 1021 933 1078 durtii.
960 1020 1135 1079 amissionem
1154 1023 1306 1095 integritati
1325 1025 1439 1080 canonis
1457 1024 1526 1080 nihil
1543 1025 1669 1081 decessit
1689 1031 1713 1081 3.
1731 1026 1793 1081 Β41-

97 1120 123 1159 (a
148 1108 178 1160 8:
207 1107 274 1160 Non
299 1114 390 1176 potest
420 1107 535 1177 aliquid
560 1124 619 1162 esse
642 1117 746 1162 certum
768 1109 934 1162 certitudine
959 1105 1092 1161 larminus
1116 1108 1188 1163 inter
1206 1109 1362 1180 deperditos
1381 1110 1465 1165 libros
1484 1111 1569 1166 refert
1589 1111 1736 1181 epistolam
1753 1113 1795 1165 ad

93 1190 185 1261 fidei,
204 1193 262 1246 nisi
277 1194 438 1247 immediate
455 1194 484 1247 in
502 1195 583 1248 uerbo
603 1195 663 1248 Dei
678 1196 864 1260 contineatur,
884 1202 934 1248 uui
960 1194 1157 1261 Laodicensss,
1179 1196 1260 1267 cujus
1277 1196 1442 1252 mentionem
1461 1196 1521 1252 fleri
1542 1203 1623 1268 putat
1643 1197 1748 1252 colors.
1767 1203 1793 1264 4,

94 1294 151 1348 924
167 1279 318 1334 4444224242
338 1281 560 1349 corusqasnticm
578 1298 611 1334 444
630 1297 663 1335 44
684 1281 847 1336 deducatur.
959 1295 983 1332 v.
1007 1283 1051 1348 163
1075 1279 1125 1335 sed
1144 1280 1172 1334 iu
1190 1279 1297 1336 Graeco
1317 1288 1360 1336 est
1379 1284 1409 1336 444
1428 1286 1472 1350 mir
1488 1285 1672 1346 Λαοδικείας,
1692 1283 1792 1339 intelli·

44 1383 75 1414 rs·
132 1369 192 1421 342.
218 1365 381 1420 Antithesis.
413 1366 572 1437 Scripturae
602 1366 800 1437 perfectionem
830 1370 935 1440 negant
959 1363 1035 1436 gitur
1051 1365 1137 1437 igitur
1153 1382 1193 1429 ea.
1212 1383 1284 1440 quae
1300 1385 1334 1423 ex
1347 1368 1489 1425 Laodicea
1505 1371 1717 1440 adapostolum‚
1736 1387 1792 1426 non

44 1491 58 1517 ,.
98 1453 123 1505 1.
139 1448 245 1508 directe
261 1452 413 1517 Pontificii.
439 1452 579 1508 Roffensis
597 1459 648 1508 art.
667 1458 708 1510 24.
727 1473 754 1526 p.
774 1459 837 1511 5844
864 1455 932 1508 Fci-
959 1458 1052 1507 autem
1075 1468 1147 1522 quoe
1164 1452 1201 1508 ad
1219 1453 1406 1510 Laodicenses
1423 1456 1459 1512 ab
1477 1458 1601 1527 apostolo
1621 1463 1664 1512 est
1680 1457 1792 1528 scripta

44 1548 50 1558 ·
95 1554 159 1591 sarm
176 1546 231 1607 est,
254 1539 459 1608 9244442242,
478 1556 550 1610 94422
566 1540 611 1594 224
630 1541 671 1594 ad
680 1541 770 1611 fidem
783 1542 932 1610 pertinent,
959 1543 984 1592 4.
1007 1538 1129 1610 Singulis
1158 1538 1330 1611 temporibus
1360 1549 1444 1612 atque
1473 1542 1610 1597 aetatibus
1639 1561 1689 1614 pro
1718 1549 1791 1599 statu

44 1637 81 1682 424
95 1623 141 1676 uei
163 1625 205 1678 ud
225 1624 299 1692 42924
316 1643 423 1679 morum
440 1634 466 1680 et
483 1643 612 1696 operam,
636 1627 719 1696 942442
734 1628 837 1682 sintin
856 1626 931 1681 Scri·
958 1622 1090 1679 ecclesiae
1122 1623 1230 1680 illorum
1262 1632 1416 1698 temporum
1449 1627 1641 1684 sufficientem⁴
1660 1645 1792 1685 canonem

91 1711 188 1780 9444444
213 1712 348 1780 seposita.
396 1711 510 1768 04444444.
541 1711 637 1768 colon.
669 1711 688 1767 f.
716 1717 774 1768 220.
799 1713 932 1784 disputat,
957 1707 1142 1764 exhibuerunt
1167 1711 1243 1781 libri,
1271 1713 1320 1784 qui
1339 1720 1405 1769 tuuc
1424 1715 1602 1782 exstiterunt,
1628 1717 1667 1771 ita
1687 1722 1720 1770 ut
1741 1715 1793 1775 soli

96 1794 273 1866 8444924422
305 1813 363 1851 2442
390 1799 597 1868 imperfectam,
627 1799 768 1867 mutilam,
795 1814 932 1867 mancam,
957 1793 1080 1866 quinquo
1097 1794 1161 1850 libri
1176 1796 1290 1868 Moysis,
1308 1799 1430 1854 nondum
1451 1802 1622 1856 exstantibus
1640 1801 1702 1857 aliis
1720 1799 1791 1858 Scri·

95 1898 167 1950 94422
191 1898 247 1938 aon
265 1884 405 1938 4424424444
422 1885 529 1953 omnia,
552 1902 624 1954 94424
641 1887 684 1939 ad
698 1883 829 1951 sulutem,
843 1886 932 1954 fidem
957 1888 1055 1950 pturee
1085 1881 1175 1946 libris,
1192 1882 1306 1940 'fuerint
1336 1884 1476 1957 perfectus
1506 1903 1602 1942 canon.
1645 1894 1668 1942 h.
1686 1887 1791 1942 Distin-

95 1975 123 2022 et
140 1984 231 2023 mores
243 1970 294 2039 pie
312 1971 423 2024 uiuendi
437 1972 584 2040 pertinent.
619 1970 764 2026 Heraclius
780 1970 809 2024 in
825 1969 930 2026 catech.
957 1968 1099 2039 suendum
1129 1968 1201 2024 iuter
1226 1987 1361 2028 canonem
1384 1975 1544 2029 inchoatum
1570 1984 1595 2029 ct
1622 1993 1791 2031 4424224242·

94 2072 124 2126 p.
142 2061 191 2112 ilr
213 2055 280 2110 Non
296 2056 348 2112 242
365 2067 478 2126 eperunt
494 2057 782 2128 apastoliscridsntes,
801 2065 831 2111 ut
844 2064 931 2112 totam
956 2062 1022 2110 42444.
1057 2053 1086 2111 si
1108 2055 1153 2109 vel
1175 2057 1293 2112 maxime
1316 2059 1499 2129 concedatur,
1526 2077 1661 2116 canonem
1681 2061 1792 2116 inchoa·

87 2141 166 2212 fidei
187 2143 346 2198 2244442224
366 2145 474 2214 scripto
491 2145 651 2212 4424424224,
676 2146 728 2199 sed
739 2161 798 2215 944
815 2144 931 2199 2442444-
956 2146 1014 2194 tum
1038 2141 1161 2196 nondum
1185 2142 1271 2198 fuisse
1289 2144 1457 2214 perfectum,
1482 2162 1515 2202 ex
1533 2163 1565 2203 so
1586 2155 1679 2202 tamen
1696 2147 1791 2203 inferri

93 2233 154 2283 aaa
171 2236 254 2296 2242,
280 2231 357 2298 quad
372 2230 454 2284 uerbo
473 2231 599 2286 absentes
616 2238 765 2301 praestare
781 2248 837 2284 aon
852 2239 929 2300 pote-
956 2227 1053 2298 nequit
1070 2227 1152 2283 etiam
1171 2238 1391 2285 consummatum
1409 2249 1541 2288 canonem
1560 2251 1615 2289 non
1631 2234 1717 2289 fuisse
1730 2251 1791 2304 per·

92 2321 175 2382 42444,
199 2313 251 2368 hoc
268 2313 359 2369 literis
378 2324 505 2384 2944224,
529 2318 650 2371 44242244
664 2318 833 2387 satisfacere
850 2317 930 2380 44422-
955 2311 1066 2368 fectum.
1104 2321 1128 2369 6.
1152 2315 1285 2381 Quamvis
1309 2317 1338 2371 in
1362 2318 1528 2389 quibusdam
1551 2319 1628 2375 libris
1652 2319 1791 2374 canonicis

92 2398 196 2454 2244244
223 2401 386 2455 crementi.
421 2400 551 2457 Bellarm.
577 2403 626 2458 lib.
653 2409 677 2460 4.
704 2403 741 2459 de
767 2401 852 2458 verbo
876 2402 930 2458 Dei
956 2417 1011 2454 uon
1039 2412 1209 2472 proponatur
1234 2417 1306 2459 nova
1333 2405 1470 2475 quaedam
1494 2404 1635 2475 doctrina,
1664 2422 1736 2477 quae
1761 2405 1791 2459 in
1839 2425 1842 2429 ·

92 2501 118 2542 2
136 2490 165 2541 34
183 2485 260 2555 ‚Nos
278 2485 439 2558 (Pontificii)
458 2490 623 2558 asserimus,
649 2490 680 2542 in
700 2488 856 2559 8444942444
873 2506 929 2542 242
955 2486 1017 2540 aliis
1034 2487 1174 2543 muonicis
1192 2487 1271 2544 libris
1290 2507 1345 2545 non
1365 2491 1547 2559 conducatur,
1566 2496 1658 2546 tamen
1677 2498 1791 2563 propter

93 2572 234 2627 contineri
263 2589 390 2642 42944442
422 2582 511 2629 444224
545 2576 703 2630 doctrinam
733 2577 929 2643 necessariam,
956 2572 1109 2628 uberiorem
1142 2574 1267 2644 ejusdem
1301 2575 1444 2632 doctrinae
1474 2577 1683 2647 explicationem
1712 2576 1791 2632 Deus

91 2658 152 2715 4422
177 2660 214 2713 de
231 2659 307 2727 fide,
331 2660 389 2714 4424
414 2662 450 2714 de
472 2662 610 2732 42444244,
636 2670 662 2716 44
675 2663 800 2733 proinde
812 2670 929 2733 9424444·
955 2658 1038 2713 etiam
1060 2659 1122 2714 illos
1144 2656 1230 2715 libros
1254 2662 1402 2718 canonicos
1424 2662 1509 2718 scribi
1532 2668 1561 2719 et
1584 2662 1697 2735 reliquis
1722 2662 1789 2718 addi

92 2744 205 2800 4444444424
235 2746 295 2799 Dei
321 2747 456 2816 scriplum
486 2748 596 2816 requiri
624 2748 708 2801 244442
733 2747 845 2802 2244424
870 2749 930 2804 Dei
954 2746 1058 2813 voluit,
1084 2762 1140 2818 quo
1162 2746 1252 2802 minus
1277 2747 1312 2803 de
1336 2747 1545 2820 imperfectione
1568 2751 1679 2805 canonis
1697 2750 1788 2822 suspi-

91 2848 151 2887 44244
168 2832 584 2901 metumientem
603 2842 629 2887 et
646 2835 821 2905 apostolicas
838 2835 928 2889 trudi·
955 2830 1036 2886 candi
1052 2832 1254 2904 relinqueretur
1271 2833 1357 2890 locus.

91 2917 310 2975 1444422414Ι
297 2919 356 2988 4944
378 2918 556 2991 (evangelici)
579 2922 690 2988 24244444,
717 2922 748 2975 in
772 2921 930 2992 scripturis
990 2921 1048 2974 381
1073 2924 1096 2974 2.
1122 2920 1158 2973 es·
1174 2918 1207 2975 0
1198 2922 1285 2974 444422
1304 2929 1330 2976 24
1348 2921 1484 2991 2924444444
1493 2922 1601 2990 friusa
1612 2923 1788 2992 propositum
1801 2904 1935 2997 wffgssflu

92 3004 190 3060 2244442
213 3003 350 3058 contineri
373 3005 415 3058 ad
430 3006 522 3075 fidem
545 3015 570 3060 24
596 3024 686 3061 mares
703 3009 878 3078 2242442442,
904 3016 929 3063 24
953 3004 1065 3058 uerbum
1088 3006 1149 3058 Dei
1171 3007 1338 3061 coarctandi
1356 3015 1382 3061 24
1401 3008 1589 3074 4244442942ἀί
1605 3008 1646 3060 ad
1664 3008 1815 3099 82449444-
1803 3018 1855 3056 pres
1831 3013 1898 3049 narr

87 3090 214 3162 proinde
247 3106 302 3144 uon
338 3108 407 3161 opus
439 3107 498 3145 esse
526 3092 586 3148 44442
614 3094 696 3148 aerbo
730 3110 786 3146 non
814 3095 928 3162 scripto.
954 3107 1032 3154 ram,
1064 3108 1124 3145 rem
1148 3094 1221 3146 tanti
1248 3094 1379 3147 momenti
1406 3094 1531 3148 0244444444
1556 3100 1652 3162 292442
1672 3110 1788 3161 praece·
1803 3060 1919 3152 manaim

92 3174 252 3233 curan·
243 3192 272 3231 m
291 3174 432 3231 Encbirid
462 3194 490 3248 p.
510 3184 557 3232 ll:
588 3178 690 3233 Omnia
704 3180 777 3248 fidei
794 3178 929 3248 mysteria
949 3177 1055 3245 pr'sset.
1082 3186 1108 3230 44
1130 3195 1167 3246 a!
1164 3177 1256 3231 444444
1272 3186 1453 3246 44,442422424
1480 3195 1509 3231 42
1527 3195 1559 3232 su
1575 3179 1710 3231 mandate
1732 3180 1831 3233 Dein.
1843 3184 1891 3230 424.

91 3263 202 3319 ereditas
225 3263 383 3317 2422442442
404 3263 434 3317 444
451 3264 537 3317 corde
556 3263 690 3319 eccleciae
709 3264 866 3320 clarissime
884 3282 928 3318 ee·
953 3263 1082 3318 seribere.
1118 3263 1158 3317 Ar
1183 3263 1257 3316 444244
1275 3264 1405 3332 4444494224
1424 3264 1549 3331 44942424.
1585 3262 1668 3332 Reap.
1692 3271 1712 3320 l.
1734 3263 1789 3319 imo

92 3355 187 3415 244442,
204 3351 235 3405 in
251 3350 417 3403 2442242244
435 3357 493 3404 tam
511 3350 593 3418 Nori,
610 3367 695 3420 92242
714 3350 819 3405 Veteris
834 3350 928 3404 Testa·
954 3365 1019 3404 vero
1043 3357 1072 3403 et
1088 3346 1213 3404 Christus
1236 3348 1380 3419 praecepit
1402 3349 1547 3419 apostolis,
1573 3355 1605 3403 ut
1628 3348 1790 3420 scriberent,

91 3435 179 3490 44424444
202 3435 291 3491 malta
317 3436 481 3490 desiderari
497 3436 607 3505 asserit3
634 3453 663 3506 p.
684 3442 726 3493 48.
746 3434 838 3504 addit,
864 3454 929 3491 cau·
954 3444 982 3490 et
999 3433 1117 3504 apostoli
1135 3439 1279 3502 testentur,
1297 3451 1327 3489 se
1345 3451 1378 3490 ex
1397 3435 1528 3490 mandata
1541 3433 1596 3490 Dei
1613 3435 1742 3504 scribere,
1759 3442 1791 3491 ut

90 3527 150 3577 14424
168 3539 189 3575 a
208 3523 271 3577 Deo
282 3522 392 3590 juisse,
411 3540 446 3576 ne
464 3523 559 3576 omnia
572 3522 648 3590 fidei
665 3524 798 3592 4129242444
816 3523 930 3591 scriptis
954 3519 1081 3590 superius
1110 3519 1140 3573 in
1165 3519 1258 3591 capite
1282 3520 1317 3575 ds
1341 3536 1427 3575 causa
1451 3519 1588 3576 efficiente
1614 3521 1791 3579 manifestum

91 3608 364 3677 commendarentur,
389 3625 444 3678 quo
469 3609 560 3661 minus
579 3609 751 3675 2249244424
765 3609 864 3678 924244
883 3609 928 3663 ob·
953 3603 1078 3659 facimua
1122 3612 1147 3660 2.
1168 3605 1198 3660 si
1222 3605 1342 3676 apostoli
1367 3623 1422 3661 non
1444 3606 1609 3663 habuissent
1631 3609 1791 3664 mandatnm

84 3695 251 3766 jicerentur.
292 3692 409 3766 Gregor.
441 3695 476 3750 de
500 3693 632 3750 Valentia
656 3693 686 3748 iu
711 3694 785 3749 anal.
810 3713 839 3765 p.
866 3699 929 3750 3894
954 3689 1106 3754 scribendi,
1133 3693 1272 3762 quomodo
1298 3690 1442 3762 Scriptura
1468 3694 1590 3765 ipsorum
1612 3703 1707 3766 posset
1731 3713 1791 3751 esse

90 3781 129 3837 ln
147 3780 256 3851 majori
268 3782 364 3850 pretio
381 3781 424 3835 uit
441 3780 540 3836 haberi
556 3781 712 3836 doctrinam
724 3797 846 3848 4224224,
861 3782 929 3834 darn
955 3775 1159 3838 deiarrvoror?
1192 3784 1215 3832 3.
1237 3775 1267 3834 si
1291 3780 1423 3849 apostolis
1450 3797 1506 3836 2444
1525 3782 1589 3850 suit
1612 3783 1790 3853 propositum

90 3884 149 3921 2244
175 3866 270 3921 omniu
296 3867 357 3937 29444
382 3867 480 3938 capita
506 3868 645 3938 qus'basos's
670 3869 706 3921 de
730 3867 826 3921 2424442
847 3867 929 3938 plebs
955 3863 1064 3915 verbum
1083 3864 1143 3918 Dei
1157 3865 1346 3933 4444442942444
1357 3867 1398 3919 ud
1410 3865 1598 3936 scripturum,
1615 3875 1648 3923 21
1659 3867 1789 3927 Bellnrn.

92 3952 249 4009 2242424224
278 3955 451 4023 assignatur,
483 3958 535 4010 sed
560 3957 659 4026 aliqua
685 3958 765 4028 apud
789 3959 929 4012 4422442444
954 3947 1000 4003 hio
1023 3948 1160 4021 loquitur,
1185 3964 1240 4020 quo
1264 3965 1331 4022 ergo
1355 3949 1411 4006 fine
1428 3951 1482 4007 alio
1501 3952 1689 4023 scripserunt?
1710 3971 1789 4026 quor·

94 4055 146 4097 ssu
160 4041 286 4094 4224444444·
301 4043 417 4111 quidun
432 4043 571 4096 4244244144·
589 4043 790 4097 meredianam,
821 4043 930 4100 similia
955 4052 1016 4090 sum
1034 4041 1076 4091 tet
1092 4034 1191 4104 libros,
1210 4042 1252 4091 tot
1269 4036 1401 4106 epistolas
1421 4038 1609 4108 scripserunt?
1635 4041 1791 4111 potuissent

93 4132 243 4183 aecurrunt
258 4127 335 4198 apud
354 4126 496 4183 canisium
521 4127 654 4198 inopere
678 4127 849 4186 4444414421,
872 4136 927 4187 120,
954 4120 1049 4177 labore
1076 4121 1128 4177 hoc
1155 4138 1189 4177 ex
1212 4121 1376 4177 Bellarmini
1392 4123 1542 4196 hypothesi
1559 4126 1738 4197 supersedere
1763 4132 1792 4181 et

94 4216 277 4284 1642244499.
295 4213 325 4268 444
342 4212 441 4284 colloq.
459 4213 605 4270 Ratisbon.
622 4231 649 4286 p.
663 4221 696 4272 36
715 4221 785 4287 249.
799 4221 841 4273 48.
862 4216 928 4272 edit.
955 4208 992 4262 ild
1014 4208 1107 4264 ”dem
1132 4208 1286 4264 &menam
1310 4209 1391 4265 unice
1415 4228 1465 4266 noa
1487 4211 1634 4267 remittor.
1675 4211 1731 4269 Sed
1755 4211 1790 4267 de
1900 4252 1902 4257 ,

91 4297 207 4372 1230121,
955 4301 1013 4350 toto
1029 4294 1081 4350 hoe
1099 4303 1262 4367 argumento
1279 4296 1431 4353 rectissime
1443 4298 1565 4369 judicari
1577 4316 1615 4369 po
1658 4297 1790 4362 taxillis,

127 4390 187 4442 382.
210 4384 386 4457 Argumenta
410 4383 534 4456 ipsorum
560 4384 669 4456 potiora
695 4384 798 4457 repetit
822 4385 927 4442 Beller-
955 4396 1028 4452 quae
1049 4380 1176 4452 superins
1196 4379 1279 4436 dicta

44 4508 68 4542 ,
90 4468 184 4528 ninus
207 4470 274 4527 dica
300 4470 483 4529 100.an
508 4481 581 4529 totus
604 4491 695 4528 conon
716 4474 927 4544 scripturarum
990 4472 1048 4524 382.
1068 4475 1093 4525 3.
1108 4468 1207 4522 Multa
1224 4486 1243 4521 a
1258 4468 1369 4522 nebr's'
1357 4469 1489 4538 4944244444
1503 4475 1700 4540 conponunt,
1717 4480 1908 4568 9222244424

90 4557 177 4614 duat
192 4565 297 4612 44424424
316 4566 357 4612 244
373 4559 531 4627 sufficiens,
558 4560 602 4613 224
618 4560 726 4628 4429244·
744 4560 928 4630 libripens
953 4561 1047 4610 422442
1069 4554 1100 4607 42
1120 4553 1277 4623 Scripturas
1299 4572 1355 4610 aon
1378 4555 1563 4611 continentur.
1598 4556 1676 4611 Nam
1693 4556 1790 4654 primo
1803 4545 1909 4626 ,ᾒοζᾞ

90 4651 156 4700 meat
171 4644 350 4714 sufficientes.
383 4644 531 4698 Posterius
550 4645 611 4699 dici
627 4646 730 4716 2294444,
749 4646 817 4716 quic
838 4648 926 4701 4444444·
953 4648 1076 4710 tempore
1108 4639 1212 4694 Veteris
1243 4640 1411 4696 Testamenti
1435 4641 1496 4695 sine
1519 4641 1602 4695 dubio
1623 4659 1679 4696 non
1699 4638 1923 4728 444244491424444··Ιι

44 4767 54 4797 ,
91 4730 179 4785 444242
196 4747 276 4783 usum
287 4730 415 4798 fuisse'
402 4747 434 4783 sn
451 4729 569 4784 ecclesia
586 4748 671 4800 usque
689 4732 731 4785 ud
748 4733 926 4801 complemen-
947 4728 1078 4797 feminae
1096 4743 1179 4796 92224
1197 4727 1253 4782 ciri
1270 4726 1421 4782 remedium
1442 4727 1562 4798 aliquod
1573 4726 1717 4797 4424422224,
1736 4744 1790 4799 922
1804 4691 1905 4788 barricu-

44 4806 78 4848 ἰ
44 4823 149 4900 ι..44424
173 4815 290 4871 cononis
307 4832 326 4867 a
348 4813 507 4870 0224224442
527 4817 701 4877 conceditur.
722 4826 872 4916 praetem
888 4819 927 4871 ui·
955 4833 974 4868 a
987 4820 1103 4883 peccato
1127 4813 1478 4912 4449424449444924424444,
1504 4820 1640 4868 24422422
1656 4830 1714 4883 pro
1733 4831 1790 4868 ma·
1804 4791 1929 4885 ἓ,,,,’,·,”ξ“

44 4912 48 4950 l
92 4902 204 4971 44242444,
228 4900 412 4969 macrinius
439 4919 495 4955 non
521 4902 649 4971 4444924444
668 4903 763 4959 omnia
781 4903 927 4958 continere
954 4898 1040 4954 scutis
1059 4898 1188 4953 instituta
1207 4907 1268 4953 erat
1286 4899 1458 4954 circumcisio
1475 4899 1625 4954 seeundum
1643 4898 1791 4953 muitarum
1803 4905 1850 4986 2414
1853 4895 1893 4988 ιζ’·

44 4972 163 5056 ”lun
184 4987 212 5041 si
226 5004 298 5040 44224
317 4986 389 5040 iiber
405 4987 524 5042 22244221
542 4989 716 5056 sufficienter
734 4989 842 5056 omnia,
860 4990 930 5058 quid
956 4985 1128 5054 opinionem.
1155 4985 1225 5055 quid
1242 4993 1332 5039 autem
1351 4992 1419 5041 esset
1435 5001 1491 5054 pro
1507 4984 1636 5053 24244244,
1660 4986 1869 5054 2444942244444
1833 5005 1884 5039 4444

44 5076 78 5108 ¹²·
90 5089 162 5145 49444
172 5071 237 5142 suit
254 5078 294 5126 tot
312 5071 413 5127 4424444
432 5074 592 5142 Denique
579 5075 637 5142 4944
651 5081 748 5145 aperte
766 5075 928 5133 dicuntia
955 5071 1212 5142 lrabetScriptura.
1246 5070 1330 5140 Reep.
1357 5075 1378 5125 1.
1403 5069 1433 5123 in
1456 5085 1563 5139 922444.
1594 5067 1769 5135 Quaedsm'
1761 5089 1790 5127 m
1804 5057 1927 5153 Emi?

90 5167 149 5215 444444
166 5175 300 5214 canonem
319 5175 379 5213 4442
398 5160 583 5213 necessarium
601 5161 643 5213 244
659 5159 719 5230 244,
738 5169 768 5215 ut
784 5161 928 5228 sufficiens
956 5156 1104 5227 Scripturis
1122 5158 1297 5214 continentur
1316 5173 1458 5225 cupresse‚·
1476 5155 1613 5227 quaedam
1628 5159 1789 5228 cnmcqrcer

90 5245 224 5303 4422444244
251 5244 394 5298 habeatem.
438 5247 498 5300 Nec
521 5245 606 5314 94424
635 5245 695 5301 dici
716 5254 824 5317 potest,
860 5248 929 5317 9242
955 5243 1092 5315 quaem
1104 5244 1248 5314 4449444442,Ι
1261 5240 1397 5313 quaedam
1410 5241 1559 5311 4429444442,ι
1574 5241 1789 5313 9222222422-

89 5331 174 5387 miti
194 5329 265 5385 libri
287 5331 367 5384 sacra·
384 5339 410 5385 et
426 5331 557 5387 22222424
569 5331 730 5400 perierunt,
753 5340 820 5388 teste
840 5332 928 5403 0249-
954 5333 1023 5395 scin
1043 5330 1180 5402 quaedam
1195 5329 1316 5392 4444444444,
1334 5327 1471 5399 quaedam
1484 5326 1622 5391 discisis)
1629 5349 1639 5392 ,·
1652 5329 1790 5400 quaedam

90 5425 212 5473 44442424
238 5415 333 5471 hond.
358 5419 384 5472 3.
411 5417 441 5471 in
458 5416 563 5471 442442.
599 5415 683 5489 Resp.
711 5423 734 5474 1.
764 5417 928 5474 deducimus
954 5414 1023 5472 44444
1035 5420 1160 5490 44941992.
1179 5414 1367 5485 Quaecunque
1380 5413 1627 5471 22441242244442
1635 5415 1790 5472 2242442444

90 5501 255 5583 bellarmini
271 5508 467 5576 argumentum
483 5504 520 5559 ad
538 5502 698 5563 2444242224.
727 5503 927 5579 214444944-
954 5503 1048 5578 aliquo
1059 5502 1159 5558 horum
1170 5498 1350 5558 modorumin
1362 5499 1512 5573 scripturis
1521 5501 1789 5577 conduentunquod
