<?xml version="1.0" encoding="UTF-8"?>
<!DOCTYPE html PUBLIC "-//W3C//DTD XHTML 1.0 Transitional//EN"
    "http://www.w3.org/TR/xhtml1/DTD/xhtml1-transitional.dtd">
<html xmlns="http://www.w3.org/1999/xhtml" xml:lang="en" lang="en">
 <head>
  <title>
</title>
<meta http-equiv="Content-Type" content="text/html;charset=utf-8" />
  <meta name='ocr-system' content='tesseract 3.04.00' />
  <meta name='ocr-capabilities' content='ocr_page ocr_carea ocr_par ocr_line ocrx_word'/>
</head>
<body>
  <div class='ocr_page' id='page_1' title='image "./locitheologicic00gerhgoog/locitheologicic00gerhgoog_0530.png"; bbox 0 0 3984 6022; ppageno 0'>
   <div class='ocr_carea' id='block_1_1' title="bbox 610 275 1787 348">
    <p class='ocr_par' dir='ltr' id='par_1_1' title="bbox 610 275 1787 348">
     <span class='ocr_line' id='line_1_1' title="bbox 610 275 1787 348; baseline 0.011 -14"><span class='ocrx_word' id='word_1_1' title='bbox 610 277 664 334; x_wconf 91' lang='lat' dir='ltr'><strong>DE</strong></span> <span class='ocrx_word' id='word_1_2' title='bbox 681 275 857 336; x_wconf 80' lang='lat' dir='ltr'><strong>PERSONA</strong></span> <span class='ocrx_word' id='word_1_3' title='bbox 873 276 923 334; x_wconf 81' lang='lat' dir='ltr'><strong>ET</strong></span> <span class='ocrx_word' id='word_1_4' title='bbox 938 276 1092 337; x_wconf 75' lang='lat' dir='ltr'><strong>,orriolo</strong></span> <span class='ocrx_word' id='word_1_5' title='bbox 1113 277 1273 336; x_wconf 81' lang='lat' dir='ltr'><strong>CHRISTI.</strong></span> <span class='ocrx_word' id='word_1_6' title='bbox 1727 289 1787 348; x_wconf 79' lang='lat' dir='ltr'><strong>tot·</strong></span> 
     </span>
    </p>
   </div>
   <div class='ocr_carea' id='block_1_2' title="bbox 38 431 1879 3613">
    <p class='ocr_par' dir='ltr' id='par_1_2' title="bbox 38 431 1879 3613">
     <span class='ocr_line' id='line_1_2' title="bbox 131 431 1787 506; baseline 0.002 -19"><span class='ocrx_word' id='word_1_7' title='bbox 131 435 187 488; x_wconf 78' lang='lat' dir='ltr'><strong>lio.</strong></span> <span class='ocrx_word' id='word_1_8' title='bbox 225 438 249 488; x_wconf 82' lang='lat'><strong>³.</strong></span> <span class='ocrx_word' id='word_1_9' title='bbox 277 432 400 488; x_wconf 85' lang='lat' dir='ltr'><strong>Remotis</strong></span> <span class='ocrx_word' id='word_1_10' title='bbox 424 449 491 505; x_wconf 78' lang='lat' dir='ltr'><strong>orgo</strong></span> <span class='ocrx_word' id='word_1_11' title='bbox 511 431 638 489; x_wconf 91' lang='lat' dir='ltr'><strong>omnibns</strong></span> <span class='ocrx_word' id='word_1_12' title='bbox 658 431 766 489; x_wconf 89' lang='lat' dir='ltr'><strong>unionis</strong></span> <span class='ocrx_word' id='word_1_13' title='bbox 785 431 873 488; x_wconf 86' lang='lat' dir='ltr'><strong>modis</strong></span> <span class='ocrx_word' id='word_1_14' title='bbox 892 448 926 487; x_wconf 87' lang='lat' dir='ltr'><strong>ac</strong></span> <span class='ocrx_word' id='word_1_15' title='bbox 954 432 989 488; x_wconf 89' lang='lat' dir='ltr'><strong>de</strong></span> <span class='ocrx_word' id='word_1_16' title='bbox 1009 439 1073 489; x_wconf 87' lang='lat' dir='ltr'><strong>rect.</strong></span> <span class='ocrx_word' id='word_1_17' title='bbox 1093 431 1140 488; x_wconf 87' lang='lat' dir='ltr'><strong>tid.</strong></span> <span class='ocrx_word' id='word_1_18' title='bbox 1161 435 1397 503; x_wconf 51' lang='lat' dir='ltr'><strong>diffamationem</strong></span> <span class='ocrx_word' id='word_1_19' title='bbox 1415 439 1467 489; x_wconf 90' lang='lat' dir='ltr'><strong>etc.</strong></span> <span class='ocrx_word' id='word_1_20' title='bbox 1498 432 1647 506; x_wconf 77' lang='lat' dir='ltr'><strong>Augustin.</strong></span> <span class='ocrx_word' id='word_1_21' title='bbox 1665 434 1727 490; x_wconf 83' lang='lat' dir='ltr'><strong>libr.</strong></span> <span class='ocrx_word' id='word_1_22' title='bbox 1749 442 1787 492; x_wconf 88' lang='lat' dir='ltr'><strong>to.</strong></span> 
     </span>
     <span class='ocr_line' id='line_1_3' title="bbox 93 516 1792 589; baseline 0.004 -18"><span class='ocrx_word' id='word_1_23' title='bbox 93 517 256 587; x_wconf 76' lang='lat' dir='ltr'>speciebus,</span> <span class='ocrx_word' id='word_1_24' title='bbox 287 517 403 574; x_wconf 75' lang='lat' dir='ltr'><strong>dicimus</strong></span> <span class='ocrx_word' id='word_1_25' title='bbox 429 517 546 574; x_wconf 89' lang='lat' dir='ltr'><strong>duarum</strong></span> <span class='ocrx_word' id='word_1_26' title='bbox 575 518 605 573; x_wconf 94' lang='lat' dir='ltr'><strong>in</strong></span> <span class='ocrx_word' id='word_1_27' title='bbox 630 516 739 574; x_wconf 83' lang='lat' dir='ltr'><strong>Christo</strong></span> <span class='ocrx_word' id='word_1_28' title='bbox 765 527 926 575; x_wconf 83' lang='lat' dir='ltr'><strong>naturarum</strong></span> <span class='ocrx_word' id='word_1_29' title='bbox 953 516 988 574; x_wconf 87' lang='lat' dir='ltr'><strong>de</strong></span> <span class='ocrx_word' id='word_1_30' title='bbox 1014 517 1116 574; x_wconf 81' lang='lat' dir='ltr'><strong>civitat.</strong></span> <span class='ocrx_word' id='word_1_31' title='bbox 1134 518 1188 587; x_wconf 84' lang='lat' dir='ltr'><strong>Dei</strong></span> <span class='ocrx_word' id='word_1_32' title='bbox 1209 537 1234 577; x_wconf 91' lang='lat' dir='ltr'><strong>c.</strong></span> <span class='ocrx_word' id='word_1_33' title='bbox 1252 525 1298 576; x_wconf 78' lang='lat' dir='ltr'><strong>te:</strong></span> <span class='ocrx_word' id='word_1_34' title='bbox 1325 520 1420 575; x_wconf 82' lang='lat' dir='ltr'><strong>Filius</strong></span> <span class='ocrx_word' id='word_1_35' title='bbox 1436 521 1497 574; x_wconf 86' lang='lat' dir='ltr'><strong>Dei</strong></span> <span class='ocrx_word' id='word_1_36' title='bbox 1519 521 1612 575; x_wconf 79' lang='lat' dir='ltr'><strong>induit</strong></span> <span class='ocrx_word' id='word_1_37' title='bbox 1636 522 1792 589; x_wconf 76' lang='grc' dir='ltr'><strong><em>λοπιὺπστπς-</em></strong></span> 
     </span>
     <span class='ocr_line' id='line_1_4' title="bbox 93 603 1787 684; baseline 0.004 -26"><span class='ocrx_word' id='word_1_38' title='bbox 93 603 224 658; x_wconf 91' lang='lat' dir='ltr'><strong>unionem</strong></span> <span class='ocrx_word' id='word_1_39' title='bbox 240 605 342 660; x_wconf 83' lang='lat' dir='ltr'><strong>factam</strong></span> <span class='ocrx_word' id='word_1_40' title='bbox 360 621 421 684; x_wconf 84' lang='lat' dir='ltr'><strong>esse</strong></span> <span class='ocrx_word' id='word_1_41' title='bbox 439 603 501 658; x_wconf 73' lang='grc' dir='ltr'><strong><em>καθ’</em></strong></span> <span class='ocrx_word' id='word_1_42' title='bbox 524 603 690 675; x_wconf 72' lang='grc' dir='ltr'><strong><em>ὑπόστασιν,</em></strong></span> <span class='ocrx_word' id='word_1_43' title='bbox 710 605 777 676; x_wconf 89' lang='lat' dir='ltr'><strong>quia</strong></span> <span class='ocrx_word' id='word_1_44' title='bbox 793 604 925 662; x_wconf 86' lang='lat' dir='ltr'><strong>terminus</strong></span> <span class='ocrx_word' id='word_1_45' title='bbox 952 620 975 658; x_wconf 89' lang='lat' dir='ltr'><strong>c.</strong></span> <span class='ocrx_word' id='word_1_46' title='bbox 1004 610 1051 661; x_wconf 79' lang='lat' dir='ltr'><strong>el:</strong></span> <span class='ocrx_word' id='word_1_47' title='bbox 1078 607 1200 677; x_wconf 76' lang='grc' dir='ltr'><strong><em>ττιιοιριλ</em></strong></span> <span class='ocrx_word' id='word_1_48' title='bbox 1225 607 1371 662; x_wconf 77' lang='lat' dir='ltr'><strong>bominem.</strong></span> <span class='ocrx_word' id='word_1_49' title='bbox 1414 605 1476 661; x_wconf 82' lang='lat' dir='ltr'><strong>Lib.</strong></span> <span class='ocrx_word' id='word_1_50' title='bbox 1507 612 1545 663; x_wconf 95' lang='grc'><strong>11.</strong></span> <span class='ocrx_word' id='word_1_51' title='bbox 1575 607 1610 661; x_wconf 89' lang='lat' dir='ltr'><strong>de</strong></span> <span class='ocrx_word' id='word_1_52' title='bbox 1636 606 1710 668; x_wconf 81' lang='lat' dir='ltr'><strong>civit.</strong></span> <span class='ocrx_word' id='word_1_53' title='bbox 1734 607 1787 665; x_wconf 92' lang='lat' dir='ltr'><strong>Dei</strong></span> 
     </span>
     <span class='ocr_line' id='line_1_5' title="bbox 38 688 1788 765; baseline 0.003 -21"><span class='ocrx_word' id='word_1_54' title='bbox 38 728 43 737; x_wconf 85' lang='lat'><em>-</em></span> <span class='ocrx_word' id='word_1_55' title='bbox 94 690 220 765; x_wconf 75' lang='grc' dir='ltr'><strong><em>ένοποιός</em></strong></span> <span class='ocrx_word' id='word_1_56' title='bbox 239 697 292 756; x_wconf 87' lang='lat' dir='ltr'><strong>est,</strong></span> <span class='ocrx_word' id='word_1_57' title='bbox 313 693 361 746; x_wconf 86' lang='grc' dir='ltr'><strong>τοῦ</strong></span> <span class='ocrx_word' id='word_1_58' title='bbox 377 689 477 761; x_wconf 90' lang='grc' dir='ltr'><strong><em>Λόγου</em></strong></span> <span class='ocrx_word' id='word_1_59' title='bbox 497 688 659 761; x_wconf 75' lang='grc' dir='ltr'><strong><em>ὑπόστασις,</em></strong></span> <span class='ocrx_word' id='word_1_60' title='bbox 686 707 758 762; x_wconf 88' lang='lat' dir='ltr'><strong>quae</strong></span> <span class='ocrx_word' id='word_1_61' title='bbox 782 707 845 747; x_wconf 87' lang='lat' dir='ltr'><strong>cum</strong></span> <span class='ocrx_word' id='word_1_62' title='bbox 862 697 927 748; x_wconf 86' lang='lat' dir='ltr'><strong>anto</strong></span> <span class='ocrx_word' id='word_1_63' title='bbox 952 705 975 745; x_wconf 90' lang='lat' dir='ltr'><strong>c.</strong></span> <span class='ocrx_word' id='word_1_64' title='bbox 1000 696 1029 748; x_wconf 81' lang='lat'><strong>2:</strong></span> <span class='ocrx_word' id='word_1_65' title='bbox 1059 691 1154 746; x_wconf 61' lang='lat' dir='ltr'><strong>sottus</strong></span> <span class='ocrx_word' id='word_1_66' title='bbox 1171 692 1232 747; x_wconf 85' lang='lat' dir='ltr'><strong>Dss&#39;</strong></span> <span class='ocrx_word' id='word_1_67' title='bbox 1254 693 1362 747; x_wconf 80' lang='lat' dir='ltr'><strong>lomina</strong></span> <span class='ocrx_word' id='word_1_68' title='bbox 1379 699 1517 760; x_wconf 83' lang='lat' dir='ltr'><strong>assumto,</strong></span> <span class='ocrx_word' id='word_1_69' title='bbox 1541 711 1596 747; x_wconf 88' lang='lat' dir='ltr'><strong>non</strong></span> <span class='ocrx_word' id='word_1_70' title='bbox 1614 701 1706 748; x_wconf 84' lang='lat' dir='ltr'><strong>tomen</strong></span> <span class='ocrx_word' id='word_1_71' title='bbox 1724 697 1788 749; x_wconf 77' lang='lat' dir='ltr'><strong>Deo</strong></span> 
     </span>
     <span class='ocr_line' id='line_1_6' title="bbox 92 776 1787 855; baseline 0.002 -24"><span class='ocrx_word' id='word_1_72' title='bbox 92 776 308 833; x_wconf 71' lang='lat' dir='ltr'><strong>incarnationem</strong></span> <span class='ocrx_word' id='word_1_73' title='bbox 325 783 399 833; x_wconf 88' lang='lat' dir='ltr'><strong>esset</strong></span> <span class='ocrx_word' id='word_1_74' title='bbox 415 776 526 833; x_wconf 81' lang='lat' dir='ltr'><strong>divinae</strong></span> <span class='ocrx_word' id='word_1_75' title='bbox 540 776 676 833; x_wconf 68' lang='grc' dir='ltr'><strong><em>(λασίοισι</em></strong></span> <span class='ocrx_word' id='word_1_76' title='bbox 692 782 817 842; x_wconf 87' lang='lat' dir='ltr'><strong>naturae,</strong></span> <span class='ocrx_word' id='word_1_77' title='bbox 835 776 923 848; x_wconf 89' lang='lat' dir='ltr'><strong>hypo·</strong></span> <span class='ocrx_word' id='word_1_78' title='bbox 953 784 1093 834; x_wconf 82' lang='lat' dir='ltr'><strong>consumto</strong></span> <span class='ocrx_word' id='word_1_79' title='bbox 1116 779 1250 842; x_wconf 80' lang='lat' dir='ltr'><strong>fundarit</strong></span> <span class='ocrx_word' id='word_1_80' title='bbox 1268 780 1357 849; x_wconf 81' lang='lat' dir='ltr'><strong>fldem</strong></span> <span class='ocrx_word' id='word_1_81' title='bbox 1380 784 1430 834; x_wconf 89' lang='lat' dir='ltr'><strong>etc.</strong></span> <span class='ocrx_word' id='word_1_82' title='bbox 1466 777 1526 834; x_wconf 89' lang='lat' dir='ltr'><strong>Leo</strong></span> <span class='ocrx_word' id='word_1_83' title='bbox 1545 795 1625 834; x_wconf 87' lang='lat' dir='ltr'><strong>serm.</strong></span> <span class='ocrx_word' id='word_1_84' title='bbox 1645 784 1669 834; x_wconf 84' lang='grc'><strong>3.</strong></span> <span class='ocrx_word' id='word_1_85' title='bbox 1688 779 1723 855; x_wconf 75' lang='grc' dir='ltr'><strong>ἀρ</strong></span> <span class='ocrx_word' id='word_1_86' title='bbox 1739 797 1787 835; x_wconf 92' lang='lat' dir='ltr'><strong>na-</strong></span> 
     </span>
     <span class='ocr_line' id='line_1_7' title="bbox 93 861 1785 934; baseline 0.002 -17"><span class='ocrx_word' id='word_1_87' title='bbox 93 862 173 918; x_wconf 87' lang='lat' dir='ltr'><strong>stasis</strong></span> <span class='ocrx_word' id='word_1_88' title='bbox 194 867 257 934; x_wconf 86' lang='lat' dir='ltr'><strong>post</strong></span> <span class='ocrx_word' id='word_1_89' title='bbox 273 862 492 919; x_wconf 75' lang='lat' dir='ltr'><strong>incarnationem</strong></span> <span class='ocrx_word' id='word_1_90' title='bbox 510 862 586 919; x_wconf 83' lang='lat' dir='ltr'><strong>iacta</strong></span> <span class='ocrx_word' id='word_1_91' title='bbox 604 869 646 919; x_wconf 89' lang='lat' dir='ltr'><strong>est</strong></span> <span class='ocrx_word' id='word_1_92' title='bbox 663 863 746 919; x_wconf 88' lang='lat' dir='ltr'><strong>etiam</strong></span> <span class='ocrx_word' id='word_1_93' title='bbox 763 862 854 919; x_wconf 90' lang='lat' dir='ltr'><strong>carnis</strong></span> <span class='ocrx_word' id='word_1_94' title='bbox 873 862 924 934; x_wconf 93' lang='lat' dir='ltr'><strong>by·</strong></span> <span class='ocrx_word' id='word_1_95' title='bbox 952 861 1022 919; x_wconf 84' lang='lat' dir='ltr'><strong>tivit</strong></span> <span class='ocrx_word' id='word_1_96' title='bbox 1036 882 1063 934; x_wconf 89' lang='lat' dir='ltr'><strong>p.</strong></span> <span class='ocrx_word' id='word_1_97' title='bbox 1078 869 1127 921; x_wconf 75' lang='lat' dir='ltr'><strong>lt:</strong></span> <span class='ocrx_word' id='word_1_98' title='bbox 1146 865 1271 920; x_wconf 73' lang='lat' dir='ltr'><strong>matos-i</strong></span> <span class='ocrx_word' id='word_1_99' title='bbox 1285 873 1417 919; x_wconf 79' lang='grc' dir='ltr'><strong><em>ονιοιυτα</em></strong></span> <span class='ocrx_word' id='word_1_100' title='bbox 1435 865 1599 930; x_wconf 74' lang='lat' dir='ltr'><strong>remetitur,</strong></span> <span class='ocrx_word' id='word_1_101' title='bbox 1621 864 1785 922; x_wconf 85' lang='lat' dir='ltr'><strong>Damascen.</strong></span> 
     </span>
     <span class='ocr_line' id='line_1_8' title="bbox 93 947 1786 1024; baseline 0.001 -20"><span class='ocrx_word' id='word_1_102' title='bbox 93 948 220 1021; x_wconf 86' lang='lat' dir='ltr'><strong>postasis.</strong></span> <span class='ocrx_word' id='word_1_103' title='bbox 259 950 449 1007; x_wconf 84' lang='lat' dir='ltr'><strong>Damascencs</strong></span> <span class='ocrx_word' id='word_1_104' title='bbox 474 949 522 1006; x_wconf 93' lang='lat' dir='ltr'><strong>lib.</strong></span> <span class='ocrx_word' id='word_1_105' title='bbox 539 953 564 1007; x_wconf 80' lang='grc'><strong>3.</strong></span> <span class='ocrx_word' id='word_1_106' title='bbox 589 965 613 1005; x_wconf 89' lang='lat' dir='ltr'><strong>c.</strong></span> <span class='ocrx_word' id='word_1_107' title='bbox 634 955 663 1005; x_wconf 82' lang='lat'><strong>3:</strong></span> <span class='ocrx_word' id='word_1_108' title='bbox 693 951 723 1005; x_wconf 88' lang='grc' dir='ltr'><strong><em>έν</em></strong></span> <span class='ocrx_word' id='word_1_109' title='bbox 740 951 805 1004; x_wconf 76' lang='lat' dir='ltr'><strong>ivel</strong></span> <span class='ocrx_word' id='word_1_110' title='bbox 824 947 926 1022; x_wconf 77' lang='lat' dir='ltr'><strong>pistor</strong></span> <span class='ocrx_word' id='word_1_111' title='bbox 951 955 1021 1006; x_wconf 89' lang='lat' dir='ltr'><strong>orat.</strong></span> <span class='ocrx_word' id='word_1_112' title='bbox 1050 954 1072 1006; x_wconf 88' lang='lat'><strong>1.</strong></span> <span class='ocrx_word' id='word_1_113' title='bbox 1103 950 1138 1007; x_wconf 90' lang='lat' dir='ltr'><strong>de</strong></span> <span class='ocrx_word' id='word_1_114' title='bbox 1165 950 1249 1023; x_wconf 77' lang='lat' dir='ltr'><strong>imag.</strong></span> <span class='ocrx_word' id='word_1_115' title='bbox 1278 969 1312 1008; x_wconf 86' lang='lat' dir='ltr'><strong>ex</strong></span> <span class='ocrx_word' id='word_1_116' title='bbox 1335 950 1432 1024; x_wconf 68' lang='lat' dir='ltr'><strong>synod.</strong></span> <span class='ocrx_word' id='word_1_117' title='bbox 1462 949 1629 1008; x_wconf 82' lang='lat' dir='ltr'><strong>Chalcedon.</strong></span> <span class='ocrx_word' id='word_1_118' title='bbox 1655 951 1786 1009; x_wconf 75' lang='lat' dir='ltr'><strong>foliot:</strong></span> 
     </span>
     <span class='ocr_line' id='line_1_9' title="bbox 93 1033 1786 1121; baseline 0.002 -32"><span class='ocrx_word' id='word_1_119' title='bbox 93 1039 200 1097; x_wconf 88' lang='grc' dir='ltr'><strong><em>τελείως</em></strong></span> <span class='ocrx_word' id='word_1_120' title='bbox 223 1035 352 1106; x_wconf 74' lang='grc' dir='ltr'><strong><em>ἐχούσαις</em></strong></span> <span class='ocrx_word' id='word_1_121' title='bbox 377 1041 448 1110; x_wconf 87' lang='grc' dir='ltr'><strong><em>μίαν</em></strong></span> <span class='ocrx_word' id='word_1_122' title='bbox 477 1035 630 1092; x_wconf 76' lang='grc' dir='ltr'><strong><em>ὑπόστασιν</em></strong></span> <span class='ocrx_word' id='word_1_123' title='bbox 655 1033 852 1111; x_wconf 82' lang='grc' dir='ltr'><strong><em>ὁμολογοῦμεν</em></strong></span> <span class='ocrx_word' id='word_1_124' title='bbox 877 1037 925 1091; x_wconf 88' lang='grc' dir='ltr'><strong><em>τοὺ</em></strong></span> <span class='ocrx_word' id='word_1_125' title='bbox 952 1035 1045 1113; x_wconf 89' lang='grc' dir='ltr'><strong><em>ώσπερ</em></strong></span> <span class='ocrx_word' id='word_1_126' title='bbox 1064 1035 1079 1090; x_wconf 87' lang='grc' dir='ltr'><strong><em>ό</em></strong></span> <span class='ocrx_word' id='word_1_127' title='bbox 1098 1036 1178 1108; x_wconf 89' lang='grc' dir='ltr'><strong><em>λόγος</em></strong></span> <span class='ocrx_word' id='word_1_128' title='bbox 1196 1037 1266 1110; x_wconf 80' lang='grc' dir='ltr'><strong><em>σὺρξ</em></strong></span> <span class='ocrx_word' id='word_1_129' title='bbox 1278 1036 1418 1114; x_wconf 67' lang='lat' dir='ltr'><strong>crispiniane</strong></span> <span class='ocrx_word' id='word_1_130' title='bbox 1430 1041 1536 1109; x_wconf 84' lang='grc' dir='ltr'><strong><em>γέγονε,</em></strong></span> <span class='ocrx_word' id='word_1_131' title='bbox 1551 1043 1649 1111; x_wconf 87' lang='grc' dir='ltr'><strong><em>μείνας</em></strong></span> <span class='ocrx_word' id='word_1_132' title='bbox 1663 1038 1731 1111; x_wconf 86' lang='grc' dir='ltr'><strong><em>όπερ</em></strong></span> <span class='ocrx_word' id='word_1_133' title='bbox 1743 1035 1786 1121; x_wconf 77' lang='grc' dir='ltr'><strong>ᾖν,</strong></span> 
     </span>
     <span class='ocr_line' id='line_1_10' title="bbox 93 1120 1784 1200; baseline 0.002 -24"><span class='ocrx_word' id='word_1_134' title='bbox 93 1125 159 1176; x_wconf 79' lang='lat' dir='ltr'><strong>olori</strong></span> <span class='ocrx_word' id='word_1_135' title='bbox 176 1124 226 1177; x_wconf 84' lang='grc' dir='ltr'><strong>τοῦ</strong></span> <span class='ocrx_word' id='word_1_136' title='bbox 248 1125 317 1177; x_wconf 72' lang='grc' dir='ltr'><strong><em>θεοῦ</em></strong></span> <span class='ocrx_word' id='word_1_137' title='bbox 337 1127 383 1176; x_wconf 84' lang='grc' dir='ltr'><strong><em>καλ</em></strong></span> <span class='ocrx_word' id='word_1_138' title='bbox 403 1126 617 1197; x_wconf 83' lang='grc' dir='ltr'><strong><em>σεσαρτιωμένου</em></strong></span> <span class='ocrx_word' id='word_1_139' title='bbox 634 1122 685 1191; x_wconf 80' lang='grc' dir='ltr'><strong>τὴν</strong></span> <span class='ocrx_word' id='word_1_140' title='bbox 703 1122 789 1191; x_wconf 79' lang='grc' dir='ltr'><strong><em>αὑτὴν</em></strong></span> <span class='ocrx_word' id='word_1_141' title='bbox 807 1120 926 1177; x_wconf 87' lang='grc' dir='ltr'><strong><em>ὑπόστα-</em></strong></span> <span class='ocrx_word' id='word_1_142' title='bbox 952 1120 1025 1177; x_wconf 87' lang='grc' dir='ltr'><strong><em>οὑτω</em></strong></span> <span class='ocrx_word' id='word_1_143' title='bbox 1044 1126 1090 1177; x_wconf 81' lang='lat' dir='ltr'><strong>rori</strong></span> <span class='ocrx_word' id='word_1_144' title='bbox 1108 1121 1125 1191; x_wconf 83' lang='grc' dir='ltr'><strong><em>ἡ</em></strong></span> <span class='ocrx_word' id='word_1_145' title='bbox 1145 1123 1217 1200; x_wconf 76' lang='grc' dir='ltr'><strong><em>σὰρξ</em></strong></span> <span class='ocrx_word' id='word_1_146' title='bbox 1234 1122 1316 1193; x_wconf 90' lang='grc' dir='ltr'><strong><em>λόγος</em></strong></span> <span class='ocrx_word' id='word_1_147' title='bbox 1330 1127 1446 1195; x_wconf 84' lang='grc' dir='ltr'><strong><em>γέγονεν</em></strong></span> <span class='ocrx_word' id='word_1_148' title='bbox 1461 1122 1513 1178; x_wconf 79' lang='grc' dir='ltr'><strong>οὑκ</strong></span> <span class='ocrx_word' id='word_1_149' title='bbox 1530 1121 1691 1178; x_wconf 78' lang='grc' dir='ltr'><strong><em>ἀπολέσασα</em></strong></span> <span class='ocrx_word' id='word_1_150' title='bbox 1708 1124 1784 1179; x_wconf 71' lang='grc' dir='ltr'><strong><em>τοῦθ’</em></strong></span> 
     </span>
     <span class='ocr_line' id='line_1_11' title="bbox 92 1206 1787 1284; baseline 0.002 -22"><span class='ocrx_word' id='word_1_151' title='bbox 92 1226 137 1264; x_wconf 94' lang='grc' dir='ltr'><strong>σιν</strong></span> <span class='ocrx_word' id='word_1_152' title='bbox 161 1213 288 1280; x_wconf 78' lang='grc' dir='ltr'><strong><em>λέγοντες</em></strong></span> <span class='ocrx_word' id='word_1_153' title='bbox 309 1213 357 1276; x_wconf 74' lang='grc' dir='ltr'><strong>τῆς</strong></span> <span class='ocrx_word' id='word_1_154' title='bbox 373 1208 503 1279; x_wconf 76' lang='grc' dir='ltr'><strong>θεότητος</strong></span> <span class='ocrx_word' id='word_1_155' title='bbox 519 1213 566 1263; x_wconf 77' lang='grc' dir='ltr'><strong><em>καλ</em></strong></span> <span class='ocrx_word' id='word_1_156' title='bbox 585 1212 632 1277; x_wconf 80' lang='grc' dir='ltr'><strong>τῆς</strong></span> <span class='ocrx_word' id='word_1_157' title='bbox 649 1208 861 1282; x_wconf 77' lang='grc' dir='ltr'><strong><em>ἄνθρωπότητος</em></strong></span> <span class='ocrx_word' id='word_1_158' title='bbox 878 1206 925 1263; x_wconf 89' lang='grc' dir='ltr'><strong>αὑ·</strong></span> <span class='ocrx_word' id='word_1_159' title='bbox 951 1207 1020 1282; x_wconf 84' lang='grc' dir='ltr'><strong><em>ὅπερ</em></strong></span> <span class='ocrx_word' id='word_1_160' title='bbox 1040 1210 1113 1279; x_wconf 78' lang='grc' dir='ltr'><strong><em>ἔστι,</em></strong></span> <span class='ocrx_word' id='word_1_161' title='bbox 1138 1213 1312 1284; x_wconf 78' lang='grc' dir='ltr'><strong><em>ταυτιζομένη</em></strong></span> <span class='ocrx_word' id='word_1_162' title='bbox 1335 1211 1368 1264; x_wconf 79' lang='lat' dir='ltr'><strong>ol</strong></span> <span class='ocrx_word' id='word_1_163' title='bbox 1392 1213 1501 1284; x_wconf 80' lang='grc' dir='ltr'><strong><em>μᾶλλον</em></strong></span> <span class='ocrx_word' id='word_1_164' title='bbox 1528 1209 1598 1284; x_wconf 86' lang='grc' dir='ltr'><strong><em>πρὸς</em></strong></span> <span class='ocrx_word' id='word_1_165' title='bbox 1624 1207 1673 1264; x_wconf 88' lang='grc' dir='ltr'><strong>τόν</strong></span> <span class='ocrx_word' id='word_1_166' title='bbox 1702 1211 1787 1282; x_wconf 86' lang='grc' dir='ltr'><strong><em>λόγον</em></strong></span> 
     </span>
     <span class='ocr_line' id='line_1_12' title="bbox 91 1292 1690 1373; baseline 0.003 -25"><span class='ocrx_word' id='word_1_167' title='bbox 91 1297 150 1364; x_wconf 84' lang='grc' dir='ltr'><strong><em>τοῦ,</em></strong></span> <span class='ocrx_word' id='word_1_168' title='bbox 177 1301 206 1351; x_wconf 88' lang='lat' dir='ltr'><strong>et</strong></span> <span class='ocrx_word' id='word_1_169' title='bbox 222 1311 245 1350; x_wconf 88' lang='lat' dir='ltr'><strong>c.</strong></span> <span class='ocrx_word' id='word_1_170' title='bbox 268 1301 312 1351; x_wconf 76' lang='lat' dir='ltr'><strong>llt</strong></span> <span class='ocrx_word' id='word_1_171' title='bbox 338 1295 368 1350; x_wconf 84' lang='grc' dir='ltr'><strong>τὸ</strong></span> <span class='ocrx_word' id='word_1_172' title='bbox 389 1296 478 1373; x_wconf 71' lang='lat' dir='ltr'><strong>ripis</strong></span> <span class='ocrx_word' id='word_1_173' title='bbox 496 1299 628 1366; x_wconf 76' lang='grc' dir='ltr'><strong><em>γενέσθαι</em></strong></span> <span class='ocrx_word' id='word_1_174' title='bbox 649 1293 696 1350; x_wconf 85' lang='grc' dir='ltr'><strong>τὸν</strong></span> <span class='ocrx_word' id='word_1_175' title='bbox 714 1294 800 1366; x_wconf 81' lang='grc' dir='ltr'><strong><em>λόγον</em></strong></span> <span class='ocrx_word' id='word_1_176' title='bbox 816 1302 859 1351; x_wconf 87' lang='lat' dir='ltr'><strong>est</strong></span> <span class='ocrx_word' id='word_1_177' title='bbox 877 1292 925 1349; x_wconf 88' lang='grc' dir='ltr'><strong>αὑ·</strong></span> <span class='ocrx_word' id='word_1_178' title='bbox 952 1292 1013 1349; x_wconf 71' lang='grc' dir='ltr'><strong><em>καθ’</em></strong></span> <span class='ocrx_word' id='word_1_179' title='bbox 1037 1295 1195 1363; x_wconf 80' lang='grc' dir='ltr'><strong><em>ὑπόστασιν,</em></strong></span> <span class='ocrx_word' id='word_1_180' title='bbox 1214 1296 1288 1352; x_wconf 90' lang='lat' dir='ltr'><strong>idem</strong></span> <span class='ocrx_word' id='word_1_181' title='bbox 1307 1295 1407 1353; x_wconf 81' lang='lat' dir='ltr'><strong>effecta</strong></span> <span class='ocrx_word' id='word_1_182' title='bbox 1424 1295 1516 1368; x_wconf 87' lang='lat' dir='ltr'><strong>quoad</strong></span> <span class='ocrx_word' id='word_1_183' title='bbox 1535 1312 1690 1368; x_wconf 76' lang='lat' dir='ltr'><strong>personans</strong></span> 
     </span>
     <span class='ocr_line' id='line_1_13' title="bbox 91 1380 1785 1455; baseline 0.002 -19"><span class='ocrx_word' id='word_1_184' title='bbox 91 1382 141 1450; x_wconf 73' lang='lat' dir='ltr'><strong>sir</strong></span> <span class='ocrx_word' id='word_1_185' title='bbox 165 1382 215 1449; x_wconf 81' lang='grc' dir='ltr'><strong>τὴν</strong></span> <span class='ocrx_word' id='word_1_186' title='bbox 246 1383 296 1436; x_wconf 85' lang='grc' dir='ltr'><strong>τοῦ</strong></span> <span class='ocrx_word' id='word_1_187' title='bbox 326 1381 411 1450; x_wconf 87' lang='grc' dir='ltr'><strong><em>λόγου</em></strong></span> <span class='ocrx_word' id='word_1_188' title='bbox 443 1381 596 1437; x_wconf 80' lang='grc' dir='ltr'><strong><em>ὑπόστασιν</em></strong></span> <span class='ocrx_word' id='word_1_189' title='bbox 625 1382 764 1455; x_wconf 74' lang='grc' dir='ltr'><strong><em>ἀτρέπτως</em></strong></span> <span class='ocrx_word' id='word_1_190' title='bbox 792 1386 925 1453; x_wconf 71' lang='grc' dir='ltr'><strong><em>γενέσθαι</em></strong></span> <span class='ocrx_word' id='word_1_191' title='bbox 988 1385 1044 1437; x_wconf 96' lang='grc'><strong>121.</strong></span> <span class='ocrx_word' id='word_1_192' title='bbox 1081 1385 1105 1435; x_wconf 78' lang='lat' dir='ltr'><strong>t.</strong></span> <span class='ocrx_word' id='word_1_193' title='bbox 1135 1382 1298 1437; x_wconf 83' lang='lat' dir='ltr'><strong>Porisnsata</strong></span> <span class='ocrx_word' id='word_1_194' title='bbox 1320 1380 1435 1438; x_wconf 83' lang='lat' dir='ltr'><strong>formale</strong></span> <span class='ocrx_word' id='word_1_195' title='bbox 1458 1381 1526 1436; x_wconf 90' lang='lat' dir='ltr'><strong>illud</strong></span> <span class='ocrx_word' id='word_1_196' title='bbox 1544 1382 1655 1437; x_wconf 85' lang='lat' dir='ltr'><strong>unionis</strong></span> <span class='ocrx_word' id='word_1_197' title='bbox 1674 1380 1785 1439; x_wconf 85' lang='lat' dir='ltr'><strong>uberius</strong></span> 
     </span>
     <span class='ocr_line' id='line_1_14' title="bbox 92 1466 1785 1551; baseline -0.001 -30"><span class='ocrx_word' id='word_1_198' title='bbox 92 1474 139 1535; x_wconf 81' lang='grc' dir='ltr'><strong>τῆς</strong></span> <span class='ocrx_word' id='word_1_199' title='bbox 153 1468 254 1541; x_wconf 80' lang='grc' dir='ltr'><strong><em>σαρκὸς</em></strong></span> <span class='ocrx_word' id='word_1_200' title='bbox 270 1466 433 1537; x_wconf 86' lang='grc' dir='ltr'><strong><em>ὑπόστασιν,</em></strong></span> <span class='ocrx_word' id='word_1_201' title='bbox 452 1469 528 1526; x_wconf 88' lang='lat' dir='ltr'><strong>unde</strong></span> <span class='ocrx_word' id='word_1_202' title='bbox 545 1468 607 1541; x_wconf 88' lang='lat' dir='ltr'><strong>ipsa</strong></span> <span class='ocrx_word' id='word_1_203' title='bbox 624 1469 690 1525; x_wconf 89' lang='lat' dir='ltr'><strong>unio</strong></span> <span class='ocrx_word' id='word_1_204' title='bbox 708 1473 824 1525; x_wconf 79' lang='lat' dir='ltr'><strong>vocatur</strong></span> <span class='ocrx_word' id='word_1_205' title='bbox 840 1469 925 1538; x_wconf 77' lang='lat' dir='ltr'><strong>lppo</strong></span> <span class='ocrx_word' id='word_1_206' title='bbox 951 1483 984 1522; x_wconf 89' lang='lat' dir='ltr'><strong>ac</strong></span> <span class='ocrx_word' id='word_1_207' title='bbox 1006 1466 1178 1524; x_wconf 75' lang='lat' dir='ltr'><strong>manifestius</strong></span> <span class='ocrx_word' id='word_1_208' title='bbox 1199 1467 1381 1538; x_wconf 86' lang='lat' dir='ltr'><strong>exprimentia</strong></span> <span class='ocrx_word' id='word_1_209' title='bbox 1396 1466 1466 1524; x_wconf 86' lang='lat' dir='ltr'><strong>baec</strong></span> <span class='ocrx_word' id='word_1_210' title='bbox 1484 1474 1562 1523; x_wconf 88' lang='lat' dir='ltr'><strong>sunt:</strong></span> <span class='ocrx_word' id='word_1_211' title='bbox 1585 1473 1606 1523; x_wconf 93' lang='lat'><strong>1.</strong></span> <span class='ocrx_word' id='word_1_212' title='bbox 1626 1466 1697 1534; x_wconf 90' lang='lat' dir='ltr'><strong>Quia</strong></span> <span class='ocrx_word' id='word_1_213' title='bbox 1711 1468 1741 1520; x_wconf 78' lang='lat' dir='ltr'><strong>ir</strong></span> <span class='ocrx_word' id='word_1_214' title='bbox 1753 1472 1785 1551; x_wconf 65' lang='grc' dir='ltr'><strong>τῇ</strong></span> 
     </span>
     <span class='ocr_line' id='line_1_15' title="bbox 91 1551 1784 1626; baseline 0 -18"><span class='ocrx_word' id='word_1_215' title='bbox 91 1555 194 1609; x_wconf 75' lang='lat' dir='ltr'><strong>statim</strong></span> <span class='ocrx_word' id='word_1_216' title='bbox 212 1572 246 1609; x_wconf 84' lang='lat' dir='ltr'><strong>oc</strong></span> <span class='ocrx_word' id='word_1_217' title='bbox 260 1556 433 1623; x_wconf 57' lang='lat' dir='ltr'><strong>personale.</strong></span> <span class='ocrx_word' id='word_1_218' title='bbox 466 1555 502 1611; x_wconf 94' lang='lat' dir='ltr'><strong>In</strong></span> <span class='ocrx_word' id='word_1_219' title='bbox 521 1555 595 1611; x_wconf 89' lang='lat' dir='ltr'><strong>omni</strong></span> <span class='ocrx_word' id='word_1_220' title='bbox 613 1554 816 1626; x_wconf 85' lang='lat' dir='ltr'><strong>disparatarum</strong></span> <span class='ocrx_word' id='word_1_221' title='bbox 834 1572 926 1611; x_wconf 88' lang='lat' dir='ltr'><strong>rerum</strong></span> <span class='ocrx_word' id='word_1_222' title='bbox 951 1552 1119 1625; x_wconf 80' lang='grc' dir='ltr'><strong><em>ίνσαρτιώσει</em></strong></span> <span class='ocrx_word' id='word_1_223' title='bbox 1134 1551 1282 1615; x_wconf 82' lang='grc' dir='ltr'><strong><em>ὑπόστασις</em></strong></span> <span class='ocrx_word' id='word_1_224' title='bbox 1296 1554 1346 1608; x_wconf 83' lang='grc' dir='ltr'><strong>τοῦ</strong></span> <span class='ocrx_word' id='word_1_225' title='bbox 1357 1552 1541 1622; x_wconf 78' lang='lat' dir='ltr'><strong>Aiyoviacta</strong></span> <span class='ocrx_word' id='word_1_226' title='bbox 1554 1552 1696 1609; x_wconf 86' lang='lat' dir='ltr'><strong>estcarnis</strong></span> <span class='ocrx_word' id='word_1_227' title='bbox 1716 1551 1784 1609; x_wconf 90' lang='grc' dir='ltr'><strong><em>ὑπο-</em></strong></span> 
     </span>
     <span class='ocr_line' id='line_1_16' title="bbox 92 1626 1784 1715; baseline -0.002 -20"><span class='ocrx_word' id='word_1_228' title='bbox 92 1640 193 1696; x_wconf 91' lang='lat' dir='ltr'><strong>unione</strong></span> <span class='ocrx_word' id='word_1_229' title='bbox 217 1641 300 1696; x_wconf 89' lang='lat' dir='ltr'><strong>datur</strong></span> <span class='ocrx_word' id='word_1_230' title='bbox 318 1640 431 1713; x_wconf 88' lang='lat' dir='ltr'><strong>quidam</strong></span> <span class='ocrx_word' id='word_1_231' title='bbox 451 1640 531 1714; x_wconf 85' lang='lat' dir='ltr'><strong>quasi</strong></span> <span class='ocrx_word' id='word_1_232' title='bbox 551 1626 708 1715; x_wconf 73' lang='grc' dir='ltr'><strong><em>ουἰδεσμδς</em></strong></span> <span class='ocrx_word' id='word_1_233' title='bbox 727 1640 926 1710; x_wconf 77' lang='grc' dir='ltr'><strong><em>οοτὺπυπλιιω,</em></strong></span> <span class='ocrx_word' id='word_1_234' title='bbox 952 1655 1059 1704; x_wconf 87' lang='grc' dir='ltr'><strong><em>στασις,</em></strong></span> <span class='ocrx_word' id='word_1_235' title='bbox 1089 1639 1153 1696; x_wconf 88' lang='lat' dir='ltr'><strong>ideo</strong></span> <span class='ocrx_word' id='word_1_236' title='bbox 1172 1647 1236 1710; x_wconf 82' lang='lat' dir='ltr'><strong>post</strong></span> <span class='ocrx_word' id='word_1_237' title='bbox 1253 1639 1470 1695; x_wconf 81' lang='lat' dir='ltr'><strong>incarnationem</strong></span> <span class='ocrx_word' id='word_1_238' title='bbox 1489 1644 1531 1695; x_wconf 89' lang='lat' dir='ltr'><strong>est</strong></span> <span class='ocrx_word' id='word_1_239' title='bbox 1550 1638 1700 1703; x_wconf 89' lang='grc' dir='ltr'><strong><em>ὑπόστασις</em></strong></span> <span class='ocrx_word' id='word_1_240' title='bbox 1719 1639 1784 1695; x_wconf 84' lang='grc' dir='ltr'><strong><em>σόν-</em></strong></span> 
     </span>
     <span class='ocr_line' id='line_1_17' title="bbox 93 1725 1785 1800; baseline 0 -18"><span class='ocrx_word' id='word_1_241' title='bbox 93 1727 169 1799; x_wconf 86' lang='lat' dir='ltr'><strong>qnod</strong></span> <span class='ocrx_word' id='word_1_242' title='bbox 193 1744 239 1782; x_wconf 88' lang='lat' dir='ltr'><strong>eas</strong></span> <span class='ocrx_word' id='word_1_243' title='bbox 263 1726 407 1799; x_wconf 84' lang='lat' dir='ltr'><strong>conjungit</strong></span> <span class='ocrx_word' id='word_1_244' title='bbox 425 1734 454 1782; x_wconf 88' lang='lat' dir='ltr'><strong>et</strong></span> <span class='ocrx_word' id='word_1_245' title='bbox 476 1744 526 1798; x_wconf 89' lang='lat' dir='ltr'><strong>per</strong></span> <span class='ocrx_word' id='word_1_246' title='bbox 546 1727 621 1800; x_wconf 90' lang='lat' dir='ltr'><strong>qnod</strong></span> <span class='ocrx_word' id='word_1_247' title='bbox 638 1726 711 1783; x_wconf 84' lang='lat' dir='ltr'><strong>fiunt</strong></span> <span class='ocrx_word' id='word_1_248' title='bbox 727 1744 822 1782; x_wconf 87' lang='lat' dir='ltr'><strong>unum.</strong></span> <span class='ocrx_word' id='word_1_249' title='bbox 856 1726 926 1784; x_wconf 88' lang='lat' dir='ltr'><strong>Tale</strong></span> <span class='ocrx_word' id='word_1_250' title='bbox 952 1733 1038 1788; x_wconf 74' lang='grc' dir='ltr'><strong><em>δετος.</em></strong></span> <span class='ocrx_word' id='word_1_251' title='bbox 1085 1725 1276 1782; x_wconf 89' lang='lat' dir='ltr'><strong>Damascenns</strong></span> <span class='ocrx_word' id='word_1_252' title='bbox 1304 1725 1377 1782; x_wconf 91' lang='lat' dir='ltr'><strong>libro</strong></span> <span class='ocrx_word' id='word_1_253' title='bbox 1408 1725 1490 1782; x_wconf 88' lang='lat' dir='ltr'><strong>tertio</strong></span> <span class='ocrx_word' id='word_1_254' title='bbox 1520 1726 1612 1798; x_wconf 89' lang='lat' dir='ltr'><strong>capite</strong></span> <span class='ocrx_word' id='word_1_255' title='bbox 1641 1726 1724 1783; x_wconf 88' lang='lat' dir='ltr'><strong>tertio</strong></span> <span class='ocrx_word' id='word_1_256' title='bbox 1752 1745 1785 1782; x_wconf 89' lang='lat' dir='ltr'><strong>ex</strong></span> 
     </span>
     <span class='ocr_line' id='line_1_18' title="bbox 93 1810 1784 1885; baseline -0.001 -18"><span class='ocrx_word' id='word_1_257' title='bbox 93 1811 224 1868; x_wconf 76' lang='grc' dir='ltr'><strong><em>ἑνοποιὸν</em></strong></span> <span class='ocrx_word' id='word_1_258' title='bbox 249 1819 363 1867; x_wconf 87' lang='lat' dir='ltr'><strong>naturas</strong></span> <span class='ocrx_word' id='word_1_259' title='bbox 388 1812 542 1883; x_wconf 86' lang='lat' dir='ltr'><strong>disparatas</strong></span> <span class='ocrx_word' id='word_1_260' title='bbox 567 1812 597 1868; x_wconf 92' lang='lat' dir='ltr'><strong>in</strong></span> <span class='ocrx_word' id='word_1_261' title='bbox 620 1813 729 1869; x_wconf 84' lang='lat' dir='ltr'><strong>Christo</strong></span> <span class='ocrx_word' id='word_1_262' title='bbox 758 1812 857 1870; x_wconf 89' lang='lat' dir='ltr'><strong>uniens</strong></span> <span class='ocrx_word' id='word_1_263' title='bbox 883 1819 926 1869; x_wconf 87' lang='lat' dir='ltr'><strong>est</strong></span> <span class='ocrx_word' id='word_1_264' title='bbox 950 1811 1135 1882; x_wconf 70' lang='lat' dir='ltr'><strong>Nasamone,</strong></span> <span class='ocrx_word' id='word_1_265' title='bbox 1157 1811 1311 1869; x_wconf 72' lang='lat' dir='ltr'><strong>Athanasio</strong></span> <span class='ocrx_word' id='word_1_266' title='bbox 1329 1817 1399 1869; x_wconf 79' lang='lat' dir='ltr'><strong>etc:</strong></span> <span class='ocrx_word' id='word_1_267' title='bbox 1430 1811 1618 1869; x_wconf 75' lang='grc' dir='ltr'><strong><em>συνάπτονται</em></strong></span> <span class='ocrx_word' id='word_1_268' title='bbox 1639 1813 1667 1866; x_wconf 82' lang='lat' dir='ltr'><strong>nt</strong></span> <span class='ocrx_word' id='word_1_269' title='bbox 1685 1810 1784 1885; x_wconf 79' lang='grc' dir='ltr'><strong><em>φύσεις</em></strong></span> 
     </span>
     <span class='ocr_line' id='line_1_19' title="bbox 92 1887 1784 1973; baseline 0.001 -19"><span class='ocrx_word' id='word_1_270' title='bbox 92 1897 257 1968; x_wconf 84' lang='grc' dir='ltr'><strong><em>ὑπόστασις,</em></strong></span> <span class='ocrx_word' id='word_1_271' title='bbox 288 1898 353 1954; x_wconf 88' lang='lat' dir='ltr'><strong>indo</strong></span> <span class='ocrx_word' id='word_1_272' title='bbox 379 1904 495 1955; x_wconf 82' lang='lat' dir='ltr'><strong>vocatur</strong></span> <span class='ocrx_word' id='word_1_273' title='bbox 519 1899 585 1956; x_wconf 88' lang='lat' dir='ltr'><strong>unio</strong></span> <span class='ocrx_word' id='word_1_274' title='bbox 613 1899 795 1971; x_wconf 79' lang='lat' dir='ltr'><strong>hypostatica.</strong></span> <span class='ocrx_word' id='word_1_275' title='bbox 845 1898 925 1964; x_wconf 84' lang='lat' dir='ltr'><strong>Quod</strong></span> <span class='ocrx_word' id='word_1_276' title='bbox 951 1897 1036 1954; x_wconf 83' lang='grc' dir='ltr'><strong><em>αὑτοῦ</em></strong></span> <span class='ocrx_word' id='word_1_277' title='bbox 1050 1901 1081 1973; x_wconf 73' lang='grc' dir='ltr'><strong>τι]</strong></span> <span class='ocrx_word' id='word_1_278' title='bbox 1101 1896 1249 1953; x_wconf 78' lang='grc' dir='ltr'><strong><em>ὑποστάσει</em></strong></span> <span class='ocrx_word' id='word_1_279' title='bbox 1264 1904 1334 1965; x_wconf 77' lang='grc' dir='ltr'><strong><em>μίαν</em></strong></span> <span class='ocrx_word' id='word_1_280' title='bbox 1349 1897 1503 1955; x_wconf 82' lang='grc' dir='ltr'><strong><em>ὑπόστασιν</em></strong></span> <span class='ocrx_word' id='word_1_281' title='bbox 1515 1887 1650 1954; x_wconf 65' lang='lat' dir='ltr'><strong>cnosson</strong></span> <span class='ocrx_word' id='word_1_282' title='bbox 1664 1899 1784 1969; x_wconf 77' lang='grc' dir='ltr'><strong><em>ἔχουσαι.</em></strong></span> 
     </span>
     <span class='ocr_line' id='line_1_20' title="bbox 91 1982 1786 2059; baseline -0.001 -18"><span class='ocrx_word' id='word_1_283' title='bbox 91 2004 157 2042; x_wconf 85' lang='lat' dir='ltr'><strong>vero</strong></span> <span class='ocrx_word' id='word_1_284' title='bbox 175 1984 365 2041; x_wconf 87' lang='lat' dir='ltr'><strong>Damascenus</strong></span> <span class='ocrx_word' id='word_1_285' title='bbox 391 1986 461 2043; x_wconf 89' lang='lat' dir='ltr'><strong>libro</strong></span> <span class='ocrx_word' id='word_1_286' title='bbox 488 1986 571 2042; x_wconf 88' lang='lat' dir='ltr'><strong>tertio</strong></span> <span class='ocrx_word' id='word_1_287' title='bbox 595 1986 687 2058; x_wconf 88' lang='lat' dir='ltr'><strong>capite</strong></span> <span class='ocrx_word' id='word_1_288' title='bbox 711 1990 735 2042; x_wconf 80' lang='grc' dir='ltr'><strong>δ.</strong></span> <span class='ocrx_word' id='word_1_289' title='bbox 760 1991 846 2058; x_wconf 77' lang='lat' dir='ltr'><strong>negat</strong></span> <span class='ocrx_word' id='word_1_290' title='bbox 865 2002 925 2042; x_wconf 86' lang='lat' dir='ltr'><strong>esse</strong></span> <span class='ocrx_word' id='word_1_291' title='bbox 951 1983 1049 2055; x_wconf 82' lang='lat' dir='ltr'><strong>Capite</strong></span> <span class='ocrx_word' id='word_1_292' title='bbox 1068 1991 1099 2040; x_wconf 81' lang='lat' dir='ltr'><strong>t:</strong></span> <span class='ocrx_word' id='word_1_293' title='bbox 1120 1983 1294 2058; x_wconf 76' lang='grc' dir='ltr'><strong><em>γινώσκομεν</em></strong></span> <span class='ocrx_word' id='word_1_294' title='bbox 1316 1990 1387 2058; x_wconf 91' lang='grc' dir='ltr'><strong><em>μίαν</em></strong></span> <span class='ocrx_word' id='word_1_295' title='bbox 1406 1982 1453 2050; x_wconf 72' lang='grc' dir='ltr'><strong>τὴν</strong></span> <span class='ocrx_word' id='word_1_296' title='bbox 1471 1982 1624 2040; x_wconf 89' lang='grc' dir='ltr'><strong><em>ὑπόστασιν</em></strong></span> <span class='ocrx_word' id='word_1_297' title='bbox 1643 1986 1671 2048; x_wconf 69' lang='lat' dir='ltr'><strong>ti</strong></span> <span class='ocrx_word' id='word_1_298' title='bbox 1691 1985 1786 2059; x_wconf 77' lang='grc' dir='ltr'><strong><em>ἀμφο-</em></strong></span> 
     </span>
     <span class='ocr_line' id='line_1_21' title="bbox 93 2069 1785 2150; baseline -0.001 -22"><span class='ocrx_word' id='word_1_299' title='bbox 93 2074 192 2128; x_wconf 74' lang='grc' dir='ltr'><strong><em>ἕνωσιν</em></strong></span> <span class='ocrx_word' id='word_1_300' title='bbox 200 2073 389 2147; x_wconf 80' lang='grc' dir='ltr'><strong><em>προσωποτήν,</em></strong></span> <span class='ocrx_word' id='word_1_301' title='bbox 409 2073 438 2128; x_wconf 90' lang='lat' dir='ltr'><strong>id</strong></span> <span class='ocrx_word' id='word_1_302' title='bbox 457 2074 601 2129; x_wconf 90' lang='lat' dir='ltr'><strong>commode</strong></span> <span class='ocrx_word' id='word_1_303' title='bbox 619 2072 813 2144; x_wconf 84' lang='lat' dir='ltr'><strong>explicandum</strong></span> <span class='ocrx_word' id='word_1_304' title='bbox 826 2090 858 2128; x_wconf 85' lang='lat' dir='ltr'><strong>er</strong></span> <span class='ocrx_word' id='word_1_305' title='bbox 876 2088 924 2126; x_wconf 88' lang='lat' dir='ltr'><strong>su·</strong></span> <span class='ocrx_word' id='word_1_306' title='bbox 951 2075 1040 2141; x_wconf 89' lang='grc' dir='ltr'><strong><em>τέρων</em></strong></span> <span class='ocrx_word' id='word_1_307' title='bbox 1063 2069 1342 2150; x_wconf 31' lang='grc' dir='ltr'><strong><em>φὺσεωνισὺνσετον.</em></strong></span> <span class='ocrx_word' id='word_1_308' title='bbox 1378 2071 1449 2128; x_wconf 86' lang='lat' dir='ltr'><strong>Item</strong></span> <span class='ocrx_word' id='word_1_309' title='bbox 1468 2070 1498 2126; x_wconf 79' lang='grc' dir='ltr'><strong>ἐκ</strong></span> <span class='ocrx_word' id='word_1_310' title='bbox 1516 2075 1571 2127; x_wconf 86' lang='grc' dir='ltr'><strong>τών</strong></span> <span class='ocrx_word' id='word_1_311' title='bbox 1589 2069 1703 2145; x_wconf 86' lang='grc' dir='ltr'><strong><em>φὺσεων</em></strong></span> <span class='ocrx_word' id='word_1_312' title='bbox 1721 2087 1785 2127; x_wconf 90' lang='grc' dir='ltr'><strong><em>σον-</em></strong></span> 
     </span>
     <span class='ocr_line' id='line_1_22' title="bbox 91 2157 1787 2231; baseline -0.001 -16"><span class='ocrx_word' id='word_1_313' title='bbox 91 2159 174 2215; x_wconf 86' lang='lat' dir='ltr'><strong>ctoris</strong></span> <span class='ocrx_word' id='word_1_314' title='bbox 193 2175 278 2230; x_wconf 88' lang='lat' dir='ltr'><strong>scopo</strong></span> <span class='ocrx_word' id='word_1_315' title='bbox 298 2166 326 2214; x_wconf 91' lang='lat' dir='ltr'><strong>et</strong></span> <span class='ocrx_word' id='word_1_316' title='bbox 344 2158 505 2226; x_wconf 88' lang='lat' dir='ltr'><strong>intentione,</strong></span> <span class='ocrx_word' id='word_1_317' title='bbox 525 2158 649 2230; x_wconf 85' lang='lat' dir='ltr'><strong>disputat</strong></span> <span class='ocrx_word' id='word_1_318' title='bbox 667 2157 740 2214; x_wconf 91' lang='lat' dir='ltr'><strong>enim</strong></span> <span class='ocrx_word' id='word_1_319' title='bbox 758 2162 855 2214; x_wconf 71' lang='lat' dir='ltr'><strong>conns</strong></span> <span class='ocrx_word' id='word_1_320' title='bbox 870 2157 924 2213; x_wconf 79' lang='lat' dir='ltr'><strong>Ne</strong></span> <span class='ocrx_word' id='word_1_321' title='bbox 953 2164 1080 2213; x_wconf 73' lang='grc' dir='ltr'><strong><em>τεθεῖσαν</em></strong></span> <span class='ocrx_word' id='word_1_322' title='bbox 1107 2157 1268 2214; x_wconf 90' lang='grc' dir='ltr'><strong><em>ὑπόστασιν.</em></strong></span> <span class='ocrx_word' id='word_1_323' title='bbox 1303 2157 1413 2215; x_wconf 77' lang='lat' dir='ltr'><strong>Dicitur</strong></span> <span class='ocrx_word' id='word_1_324' title='bbox 1437 2164 1530 2216; x_wconf 88' lang='lat' dir='ltr'><strong>autem</strong></span> <span class='ocrx_word' id='word_1_325' title='bbox 1547 2158 1706 2231; x_wconf 89' lang='lat' dir='ltr'><strong>hypostasis</strong></span> <span class='ocrx_word' id='word_1_326' title='bbox 1724 2158 1787 2215; x_wconf 87' lang='grc' dir='ltr'><strong><em>σόν-</em></strong></span> 
     </span>
     <span class='ocr_line' id='line_1_23' title="bbox 92 2243 1876 2318; baseline 0 -17"><span class='ocrx_word' id='word_1_327' title='bbox 92 2245 218 2311; x_wconf 80' lang='lat' dir='ltr'><strong>sterium,</strong></span> <span class='ocrx_word' id='word_1_328' title='bbox 243 2246 291 2317; x_wconf 92' lang='lat' dir='ltr'><strong>qui</strong></span> <span class='ocrx_word' id='word_1_329' title='bbox 308 2244 482 2316; x_wconf 75' lang='lat' dir='ltr'><strong>personalem</strong></span> <span class='ocrx_word' id='word_1_330' title='bbox 499 2243 629 2301; x_wconf 90' lang='lat' dir='ltr'><strong>unionem</strong></span> <span class='ocrx_word' id='word_1_331' title='bbox 648 2245 677 2300; x_wconf 92' lang='lat' dir='ltr'><strong>in</strong></span> <span class='ocrx_word' id='word_1_332' title='bbox 696 2243 805 2299; x_wconf 85' lang='lat' dir='ltr'><strong>Christo</strong></span> <span class='ocrx_word' id='word_1_333' title='bbox 823 2249 925 2299; x_wconf 71' lang='lat' dir='ltr'><strong>emtue</strong></span> <span class='ocrx_word' id='word_1_334' title='bbox 952 2252 1039 2310; x_wconf 77' lang='grc' dir='ltr'><strong><em>σετος,</em></strong></span> <span class='ocrx_word' id='word_1_335' title='bbox 1059 2262 1115 2301; x_wconf 92' lang='lat' dir='ltr'><strong>non</strong></span> <span class='ocrx_word' id='word_1_336' title='bbox 1133 2245 1208 2318; x_wconf 86' lang='lat' dir='ltr'><strong>quod</strong></span> <span class='ocrx_word' id='word_1_337' title='bbox 1226 2245 1255 2301; x_wconf 93' lang='lat' dir='ltr'><strong>in</strong></span> <span class='ocrx_word' id='word_1_338' title='bbox 1274 2262 1304 2302; x_wconf 93' lang='lat' dir='ltr'><strong>se</strong></span> <span class='ocrx_word' id='word_1_339' title='bbox 1322 2262 1356 2301; x_wconf 87' lang='lat' dir='ltr'><strong>ac</strong></span> <span class='ocrx_word' id='word_1_340' title='bbox 1373 2262 1424 2317; x_wconf 93' lang='lat' dir='ltr'><strong>per</strong></span> <span class='ocrx_word' id='word_1_341' title='bbox 1441 2262 1471 2301; x_wconf 90' lang='lat' dir='ltr'><strong>se</strong></span> <span class='ocrx_word' id='word_1_342' title='bbox 1490 2245 1681 2301; x_wconf 83' lang='lat' dir='ltr'><strong>alterationem</strong></span> <span class='ocrx_word' id='word_1_343' title='bbox 1700 2263 1785 2317; x_wconf 89' lang='lat' dir='ltr'><strong>qnan-</strong></span> <span class='ocrx_word' id='word_1_344' title='bbox 1871 2284 1876 2293; x_wconf 80' lang='lat'><em>·</em></span> 
     </span>
     <span class='ocr_line' id='line_1_24' title="bbox 91 2329 1879 2404; baseline 0 -17"><span class='ocrx_word' id='word_1_345' title='bbox 91 2333 141 2388; x_wconf 90' lang='lat' dir='ltr'><strong>bat</strong></span> <span class='ocrx_word' id='word_1_346' title='bbox 167 2349 223 2386; x_wconf 91' lang='lat' dir='ltr'><strong>non</strong></span> <span class='ocrx_word' id='word_1_347' title='bbox 244 2331 351 2387; x_wconf 88' lang='lat' dir='ltr'><strong>ratione</strong></span> <span class='ocrx_word' id='word_1_348' title='bbox 375 2331 488 2385; x_wconf 79' lang='lat' dir='ltr'><strong>termini</strong></span> <span class='ocrx_word' id='word_1_349' title='bbox 505 2333 546 2384; x_wconf 78' lang='lat' dir='ltr'><strong>ast</strong></span> <span class='ocrx_word' id='word_1_350' title='bbox 562 2347 657 2400; x_wconf 80' lang='grc' dir='ltr'><strong><em>ραονιι,</em></strong></span> <span class='ocrx_word' id='word_1_351' title='bbox 681 2331 731 2386; x_wconf 99' lang='grc' dir='ltr'><strong><em>τοὺ</em></strong></span> <span class='ocrx_word' id='word_1_352' title='bbox 747 2329 853 2386; x_wconf 89' lang='lat' dir='ltr'><strong>ratione</strong></span> <span class='ocrx_word' id='word_1_353' title='bbox 871 2336 924 2383; x_wconf 83' lang='lat' dir='ltr'><strong>lsr—</strong></span> <span class='ocrx_word' id='word_1_354' title='bbox 952 2331 1017 2387; x_wconf 87' lang='lat' dir='ltr'><strong>dam</strong></span> <span class='ocrx_word' id='word_1_355' title='bbox 1036 2338 1064 2388; x_wconf 89' lang='lat' dir='ltr'><strong>st</strong></span> <span class='ocrx_word' id='word_1_356' title='bbox 1088 2330 1273 2404; x_wconf 85' lang='lat' dir='ltr'><strong>simplicitatis</strong></span> <span class='ocrx_word' id='word_1_357' title='bbox 1293 2347 1361 2387; x_wconf 88' lang='lat' dir='ltr'><strong>suae</strong></span> <span class='ocrx_word' id='word_1_358' title='bbox 1380 2330 1563 2387; x_wconf 88' lang='lat' dir='ltr'><strong>excidentiam</strong></span> <span class='ocrx_word' id='word_1_359' title='bbox 1580 2347 1677 2401; x_wconf 89' lang='lat' dir='ltr'><strong>passa,</strong></span> <span class='ocrx_word' id='word_1_360' title='bbox 1703 2331 1787 2388; x_wconf 80' lang='lat' dir='ltr'><strong>fuerit</strong></span> <span class='ocrx_word' id='word_1_361' title='bbox 1875 2345 1879 2353; x_wconf 89' lang='lat'>·</span> 
     </span>
     <span class='ocr_line' id='line_1_25' title="bbox 91 2416 1785 2490; baseline 0 -17"><span class='ocrx_word' id='word_1_362' title='bbox 91 2420 163 2473; x_wconf 85' lang='lat' dir='ltr'><strong>mini</strong></span> <span class='ocrx_word' id='word_1_363' title='bbox 185 2436 204 2471; x_wconf 89' lang='grc' dir='ltr'><strong><em>ο</em></strong></span> <span class='ocrx_word' id='word_1_364' title='bbox 227 2435 293 2488; x_wconf 74' lang='lat' dir='ltr'><strong>qno,</strong></span> <span class='ocrx_word' id='word_1_365' title='bbox 319 2434 390 2489; x_wconf 84' lang='lat' dir='ltr'><strong>quae</strong></span> <span class='ocrx_word' id='word_1_366' title='bbox 414 2416 519 2474; x_wconf 89' lang='lat' dir='ltr'><strong>scilicet</strong></span> <span class='ocrx_word' id='word_1_367' title='bbox 542 2417 617 2472; x_wconf 84' lang='lat' dir='ltr'><strong>sacta</strong></span> <span class='ocrx_word' id='word_1_368' title='bbox 635 2417 743 2472; x_wconf 91' lang='lat' dir='ltr'><strong>sitnon</strong></span> <span class='ocrx_word' id='word_1_369' title='bbox 760 2418 789 2471; x_wconf 90' lang='lat' dir='ltr'><strong>in</strong></span> <span class='ocrx_word' id='word_1_370' title='bbox 806 2432 925 2487; x_wconf 89' lang='lat' dir='ltr'><strong>persona</strong></span> <span class='ocrx_word' id='word_1_371' title='bbox 952 2417 1120 2490; x_wconf 89' lang='lat' dir='ltr'><strong>composita,</strong></span> <span class='ocrx_word' id='word_1_372' title='bbox 1141 2418 1191 2474; x_wconf 89' lang='lat' dir='ltr'><strong>sed</strong></span> <span class='ocrx_word' id='word_1_373' title='bbox 1208 2417 1275 2490; x_wconf 90' lang='lat' dir='ltr'><strong>quia</strong></span> <span class='ocrx_word' id='word_1_374' title='bbox 1291 2423 1355 2489; x_wconf 90' lang='lat' dir='ltr'><strong>post</strong></span> <span class='ocrx_word' id='word_1_375' title='bbox 1372 2416 1589 2473; x_wconf 84' lang='lat' dir='ltr'><strong>incarnationem</strong></span> <span class='ocrx_word' id='word_1_376' title='bbox 1606 2423 1650 2473; x_wconf 89' lang='lat' dir='ltr'><strong>est</strong></span> <span class='ocrx_word' id='word_1_377' title='bbox 1668 2417 1785 2473; x_wconf 89' lang='lat' dir='ltr'><strong>duarum</strong></span> 
     </span>
     <span class='ocr_line' id='line_1_26' title="bbox 91 2501 1784 2576; baseline -0.001 -16"><span class='ocrx_word' id='word_1_378' title='bbox 91 2504 158 2560; x_wconf 75' lang='lat' dir='ltr'><strong>Filii</strong></span> <span class='ocrx_word' id='word_1_379' title='bbox 174 2504 228 2560; x_wconf 88' lang='lat' dir='ltr'><strong>Dei</strong></span> <span class='ocrx_word' id='word_1_380' title='bbox 249 2523 283 2559; x_wconf 80' lang='lat' dir='ltr'><strong>er</strong></span> <span class='ocrx_word' id='word_1_381' title='bbox 294 2503 411 2559; x_wconf 80' lang='lat' dir='ltr'><strong>&#39;duabus</strong></span> <span class='ocrx_word' id='word_1_382' title='bbox 429 2505 543 2574; x_wconf 88' lang='lat' dir='ltr'><strong>naturis,</strong></span> <span class='ocrx_word' id='word_1_383' title='bbox 562 2504 662 2560; x_wconf 83' lang='lat' dir='ltr'><strong>seder</strong></span> <span class='ocrx_word' id='word_1_384' title='bbox 680 2503 788 2559; x_wconf 87' lang='lat' dir='ltr'><strong>duabus</strong></span> <span class='ocrx_word' id='word_1_385' title='bbox 799 2502 923 2574; x_wconf 87' lang='lat' dir='ltr'><strong>personis</strong></span> <span class='ocrx_word' id='word_1_386' title='bbox 950 2512 1113 2560; x_wconf 86' lang='lat' dir='ltr'><strong>naturarum</strong></span> <span class='ocrx_word' id='word_1_387' title='bbox 1130 2503 1302 2576; x_wconf 85' lang='lat' dir='ltr'><strong>hypostasis,</strong></span> <span class='ocrx_word' id='word_1_388' title='bbox 1326 2519 1388 2558; x_wconf 88' lang='lat' dir='ltr'><strong>cum</strong></span> <span class='ocrx_word' id='word_1_389' title='bbox 1406 2508 1489 2558; x_wconf 87' lang='lat' dir='ltr'><strong>antea</strong></span> <span class='ocrx_word' id='word_1_390' title='bbox 1507 2501 1591 2558; x_wconf 90' lang='lat' dir='ltr'><strong>solius</strong></span> <span class='ocrx_word' id='word_1_391' title='bbox 1608 2503 1719 2558; x_wconf 81' lang='lat' dir='ltr'><strong>divinae</strong></span> <span class='ocrx_word' id='word_1_392' title='bbox 1737 2521 1784 2559; x_wconf 93' lang='lat' dir='ltr'><strong>na·</strong></span> 
     </span>
     <span class='ocr_line' id='line_1_27' title="bbox 92 2583 1784 2663; baseline -0.001 -17"><span class='ocrx_word' id='word_1_393' title='bbox 92 2608 143 2661; x_wconf 90' lang='lat' dir='ltr'><strong>per</strong></span> <span class='ocrx_word' id='word_1_394' title='bbox 160 2607 337 2658; x_wconf 89' lang='lat' dir='ltr'><strong>consensum,</strong></span> <span class='ocrx_word' id='word_1_395' title='bbox 355 2606 406 2659; x_wconf 88' lang='lat' dir='ltr'><strong>per</strong></span> <span class='ocrx_word' id='word_1_396' title='bbox 423 2606 559 2659; x_wconf 88' lang='lat' dir='ltr'><strong>amorem,</strong></span> <span class='ocrx_word' id='word_1_397' title='bbox 577 2605 628 2661; x_wconf 89' lang='lat' dir='ltr'><strong>per</strong></span> <span class='ocrx_word' id='word_1_398' title='bbox 645 2593 846 2658; x_wconf 75' lang='grc' dir='ltr'><strong><em>ταοτορουλίαν</em></strong></span> <span class='ocrx_word' id='word_1_399' title='bbox 864 2594 924 2657; x_wconf 85' lang='lat' dir='ltr'><strong>etc,</strong></span> <span class='ocrx_word' id='word_1_400' title='bbox 951 2597 1030 2646; x_wconf 90' lang='lat' dir='ltr'><strong>turae</strong></span> <span class='ocrx_word' id='word_1_401' title='bbox 1050 2590 1206 2663; x_wconf 84' lang='lat' dir='ltr'><strong>hypostasis</strong></span> <span class='ocrx_word' id='word_1_402' title='bbox 1222 2588 1314 2644; x_wconf 85' lang='lat' dir='ltr'><strong>fuerit</strong></span> <span class='ocrx_word' id='word_1_403' title='bbox 1350 2589 1473 2646; x_wconf 76' lang='lat' dir='ltr'><strong>Persona</strong></span> <span class='ocrx_word' id='word_1_404' title='bbox 1483 2590 1534 2644; x_wconf 86' lang='grc' dir='ltr'><strong><em>τοὺ</em></strong></span> <span class='ocrx_word' id='word_1_405' title='bbox 1545 2588 1643 2658; x_wconf 83' lang='grc' dir='ltr'><strong><em>Λόγου</em></strong></span> <span class='ocrx_word' id='word_1_406' title='bbox 1662 2596 1727 2646; x_wconf 89' lang='lat' dir='ltr'><strong>ante</strong></span> <span class='ocrx_word' id='word_1_407' title='bbox 1737 2583 1784 2644; x_wconf 53' lang='lat' dir='ltr'><strong>&#39;in-</strong></span> 
     </span>
     <span class='ocr_line' id='line_1_28' title="bbox 92 2674 1785 2748; baseline -0.002 -16"><span class='ocrx_word' id='word_1_408' title='bbox 92 2676 167 2732; x_wconf 89' lang='lat' dir='ltr'><strong>unde</strong></span> <span class='ocrx_word' id='word_1_409' title='bbox 191 2677 251 2748; x_wconf 89' lang='lat' dir='ltr'><strong>ipse</strong></span> <span class='ocrx_word' id='word_1_410' title='bbox 268 2676 461 2731; x_wconf 87' lang='lat' dir='ltr'><strong>Damascenus</strong></span> <span class='ocrx_word' id='word_1_411' title='bbox 487 2693 517 2731; x_wconf 89' lang='lat' dir='ltr'><strong>se</strong></span> <span class='ocrx_word' id='word_1_412' title='bbox 541 2677 633 2746; x_wconf 85' lang='lat' dir='ltr'><strong>iprnm</strong></span> <span class='ocrx_word' id='word_1_413' title='bbox 650 2676 795 2733; x_wconf 85' lang='lat' dir='ltr'><strong>declarans</strong></span> <span class='ocrx_word' id='word_1_414' title='bbox 814 2674 925 2731; x_wconf 88' lang='lat' dir='ltr'><strong>remotis</strong></span> <span class='ocrx_word' id='word_1_415' title='bbox 951 2676 1137 2733; x_wconf 88' lang='lat' dir='ltr'><strong>carnationem</strong></span> <span class='ocrx_word' id='word_1_416' title='bbox 1152 2675 1364 2744; x_wconf 81' lang='grc' dir='ltr'><strong><em>αὑτοτελεστότη</em></strong></span> <span class='ocrx_word' id='word_1_417' title='bbox 1379 2675 1434 2731; x_wconf 82' lang='lat' dir='ltr'><strong>fuit</strong></span> <span class='ocrx_word' id='word_1_418' title='bbox 1449 2691 1483 2732; x_wconf 89' lang='lat' dir='ltr'><strong>ac</strong></span> <span class='ocrx_word' id='word_1_419' title='bbox 1496 2674 1620 2746; x_wconf 83' lang='lat' dir='ltr'><strong>simplex,</strong></span> <span class='ocrx_word' id='word_1_420' title='bbox 1633 2674 1785 2737; x_wconf 87' lang='grc' dir='ltr'><strong><em>ὑπόστασις</em></strong></span> 
     </span>
     <span class='ocr_line' id='line_1_29' title="bbox 91 2761 1784 2834; baseline 0 -16"><span class='ocrx_word' id='word_1_421' title='bbox 91 2761 189 2818; x_wconf 87' lang='lat' dir='ltr'><strong>alicnis</strong></span> <span class='ocrx_word' id='word_1_422' title='bbox 211 2761 355 2832; x_wconf 77' lang='lat' dir='ltr'><strong>speciebus</strong></span> <span class='ocrx_word' id='word_1_423' title='bbox 380 2761 489 2816; x_wconf 90' lang='lat' dir='ltr'><strong>unionis</strong></span> <span class='ocrx_word' id='word_1_424' title='bbox 508 2761 668 2834; x_wconf 77' lang='lat' dir='ltr'><strong>subjungit,</strong></span> <span class='ocrx_word' id='word_1_425' title='bbox 698 2762 826 2819; x_wconf 90' lang='lat' dir='ltr'><strong>unionem</strong></span> <span class='ocrx_word' id='word_1_426' title='bbox 846 2768 925 2817; x_wconf 88' lang='lat' dir='ltr'><strong>natu·</strong></span> <span class='ocrx_word' id='word_1_427' title='bbox 951 2763 1092 2819; x_wconf 89' lang='lat' dir='ltr'><strong>innatura</strong></span> <span class='ocrx_word' id='word_1_428' title='bbox 1103 2769 1211 2818; x_wconf 89' lang='lat' dir='ltr'><strong>tantum</strong></span> <span class='ocrx_word' id='word_1_429' title='bbox 1223 2761 1318 2818; x_wconf 84' lang='lat' dir='ltr'><strong>divina</strong></span> <span class='ocrx_word' id='word_1_430' title='bbox 1334 2761 1495 2828; x_wconf 88' lang='lat' dir='ltr'><strong>subsistens,</strong></span> <span class='ocrx_word' id='word_1_431' title='bbox 1507 2777 1558 2834; x_wconf 89' lang='lat' dir='ltr'><strong>per</strong></span> <span class='ocrx_word' id='word_1_432' title='bbox 1568 2761 1784 2819; x_wconf 86' lang='lat' dir='ltr'><strong>incarnationem</strong></span> 
     </span>
     <span class='ocr_line' id='line_1_30' title="bbox 89 2846 1785 2919; baseline -0.001 -14"><span class='ocrx_word' id='word_1_433' title='bbox 89 2867 183 2905; x_wconf 88' lang='lat' dir='ltr'><strong>rarum</strong></span> <span class='ocrx_word' id='word_1_434' title='bbox 200 2847 229 2903; x_wconf 92' lang='lat' dir='ltr'><strong>in</strong></span> <span class='ocrx_word' id='word_1_435' title='bbox 247 2847 356 2904; x_wconf 83' lang='lat' dir='ltr'><strong>Christo</strong></span> <span class='ocrx_word' id='word_1_436' title='bbox 372 2847 475 2904; x_wconf 84' lang='lat' dir='ltr'><strong>factam</strong></span> <span class='ocrx_word' id='word_1_437' title='bbox 499 2866 560 2904; x_wconf 89' lang='lat' dir='ltr'><strong>esse</strong></span> <span class='ocrx_word' id='word_1_438' title='bbox 584 2850 653 2903; x_wconf 78' lang='grc' dir='ltr'><strong><em>κατὰ</em></strong></span> <span class='ocrx_word' id='word_1_439' title='bbox 673 2847 817 2918; x_wconf 75' lang='grc' dir='ltr'><strong><em>σύνθεσιν,</em></strong></span> <span class='ocrx_word' id='word_1_440' title='bbox 836 2846 925 2919; x_wconf 79' lang='grc' dir='ltr'><strong><em>ἤγουν</em></strong></span> <span class='ocrx_word' id='word_1_441' title='bbox 950 2848 1026 2905; x_wconf 87' lang='lat' dir='ltr'><strong>facts</strong></span> <span class='ocrx_word' id='word_1_442' title='bbox 1048 2848 1257 2910; x_wconf 65' lang='lat' dir='ltr'><strong>etinimicis</strong></span> <span class='ocrx_word' id='word_1_443' title='bbox 1275 2847 1421 2918; x_wconf 79' lang='grc' dir='ltr'><strong><em>σὺνδετος,</em></strong></span> <span class='ocrx_word' id='word_1_444' title='bbox 1448 2854 1577 2904; x_wconf 85' lang='lat' dir='ltr'><strong>constans</strong></span> <span class='ocrx_word' id='word_1_445' title='bbox 1595 2847 1676 2903; x_wconf 89' lang='lat' dir='ltr'><strong>simul</strong></span> <span class='ocrx_word' id='word_1_446' title='bbox 1692 2848 1785 2905; x_wconf 83' lang='lat' dir='ltr'><strong>divina</strong></span> 
     </span>
     <span class='ocr_line' id='line_1_31' title="bbox 91 2933 1784 3008; baseline 0.001 -18"><span class='ocrx_word' id='word_1_447' title='bbox 91 2933 154 2990; x_wconf 71' lang='grc' dir='ltr'><strong><em>καθ’</em></strong></span> <span class='ocrx_word' id='word_1_448' title='bbox 174 2933 337 2989; x_wconf 85' lang='grc' dir='ltr'><strong><em>ὑπόστασιν.</em></strong></span> <span class='ocrx_word' id='word_1_449' title='bbox 372 2934 423 2990; x_wconf 89' lang='lat' dir='ltr'><strong>Est</strong></span> <span class='ocrx_word' id='word_1_450' title='bbox 442 2934 508 2990; x_wconf 90' lang='lat' dir='ltr'><strong>unio</strong></span> <span class='ocrx_word' id='word_1_451' title='bbox 526 2945 709 3001; x_wconf 79' lang='grc' dir='ltr'><strong><em>παιοτοτιιιπ,</em></strong></span> <span class='ocrx_word' id='word_1_452' title='bbox 736 2934 857 2991; x_wconf 90' lang='lat' dir='ltr'><strong>sednon</strong></span> <span class='ocrx_word' id='word_1_453' title='bbox 875 2954 924 2989; x_wconf 88' lang='lat' dir='ltr'><strong>na·</strong></span> <span class='ocrx_word' id='word_1_454' title='bbox 951 2942 980 2992; x_wconf 90' lang='lat' dir='ltr'><strong>et</strong></span> <span class='ocrx_word' id='word_1_455' title='bbox 995 2934 1117 2991; x_wconf 90' lang='lat' dir='ltr'><strong>humans</strong></span> <span class='ocrx_word' id='word_1_456' title='bbox 1130 2940 1231 2992; x_wconf 87' lang='lat' dir='ltr'><strong>natura</strong></span> <span class='ocrx_word' id='word_1_457' title='bbox 1243 2941 1327 3008; x_wconf 87' lang='lat' dir='ltr'><strong>atque</strong></span> <span class='ocrx_word' id='word_1_458' title='bbox 1344 2934 1384 2991; x_wconf 88' lang='lat' dir='ltr'><strong>its</strong></span> <span class='ocrx_word' id='word_1_459' title='bbox 1396 2935 1432 2990; x_wconf 89' lang='lat' dir='ltr'><strong>ad</strong></span> <span class='ocrx_word' id='word_1_460' title='bbox 1445 2934 1634 3008; x_wconf 78' lang='lat' dir='ltr'><strong>integritatem</strong></span> <span class='ocrx_word' id='word_1_461' title='bbox 1649 2951 1784 3007; x_wconf 88' lang='lat' dir='ltr'><strong>personae</strong></span> 
     </span>
     <span class='ocr_line' id='line_1_32' title="bbox 90 3019 1784 3092; baseline 0 -15"><span class='ocrx_word' id='word_1_462' title='bbox 90 3021 208 3087; x_wconf 80' lang='lat' dir='ltr'><strong>taralis,</strong></span> <span class='ocrx_word' id='word_1_463' title='bbox 235 3026 277 3076; x_wconf 88' lang='lat' dir='ltr'><strong>est</strong></span> <span class='ocrx_word' id='word_1_464' title='bbox 299 3020 364 3075; x_wconf 90' lang='lat' dir='ltr'><strong>unio</strong></span> <span class='ocrx_word' id='word_1_465' title='bbox 383 3023 559 3090; x_wconf 82' lang='lat' dir='ltr'><strong>personatis,</strong></span> <span class='ocrx_word' id='word_1_466' title='bbox 588 3023 637 3077; x_wconf 89' lang='lat' dir='ltr'><strong>sed</strong></span> <span class='ocrx_word' id='word_1_467' title='bbox 658 3038 714 3077; x_wconf 89' lang='lat' dir='ltr'><strong>non</strong></span> <span class='ocrx_word' id='word_1_468' title='bbox 729 3039 925 3092; x_wconf 79' lang='lat' dir='ltr'><strong>personarum.</strong></span> <span class='ocrx_word' id='word_1_469' title='bbox 952 3021 1054 3078; x_wconf 81' lang='lat' dir='ltr'><strong>christi</strong></span> <span class='ocrx_word' id='word_1_470' title='bbox 1072 3023 1134 3092; x_wconf 88' lang='lat' dir='ltr'><strong>jam</strong></span> <span class='ocrx_word' id='word_1_471' title='bbox 1157 3021 1294 3077; x_wconf 86' lang='lat' dir='ltr'><strong>incarnati</strong></span> <span class='ocrx_word' id='word_1_472' title='bbox 1316 3037 1372 3076; x_wconf 91' lang='lat' dir='ltr'><strong>non</strong></span> <span class='ocrx_word' id='word_1_473' title='bbox 1394 3021 1476 3077; x_wconf 86' lang='lat' dir='ltr'><strong>modo</strong></span> <span class='ocrx_word' id='word_1_474' title='bbox 1495 3020 1602 3084; x_wconf 84' lang='lat' dir='ltr'><strong>divina,</strong></span> <span class='ocrx_word' id='word_1_475' title='bbox 1627 3019 1676 3075; x_wconf 92' lang='lat' dir='ltr'><strong>sed</strong></span> <span class='ocrx_word' id='word_1_476' title='bbox 1699 3019 1784 3077; x_wconf 88' lang='lat' dir='ltr'><strong>etiam</strong></span> 
     </span>
     <span class='ocr_line' id='line_1_33' title="bbox 56 3104 1783 3181; baseline -0.002 -18"><span class='ocrx_word' id='word_1_477' title='bbox 56 3154 60 3163; x_wconf 95' lang='lat'><strong>.</strong></span> <span class='ocrx_word' id='word_1_478' title='bbox 91 3106 177 3178; x_wconf 82' lang='lat' dir='ltr'><strong>Apud</strong></span> <span class='ocrx_word' id='word_1_479' title='bbox 194 3106 255 3178; x_wconf 91' lang='lat' dir='ltr'><strong>pios</strong></span> <span class='ocrx_word' id='word_1_480' title='bbox 276 3112 382 3163; x_wconf 82' lang='lat' dir='ltr'><strong>veteres</strong></span> <span class='ocrx_word' id='word_1_481' title='bbox 400 3112 515 3163; x_wconf 89' lang='lat' dir='ltr'><strong>vocatur</strong></span> <span class='ocrx_word' id='word_1_482' title='bbox 531 3107 597 3162; x_wconf 92' lang='lat' dir='ltr'><strong>unio</strong></span> <span class='ocrx_word' id='word_1_483' title='bbox 621 3105 677 3161; x_wconf 78' lang='grc' dir='ltr'><strong><em>κατ’</em></strong></span> <span class='ocrx_word' id='word_1_484' title='bbox 698 3112 864 3181; x_wconf 68' lang='grc' dir='ltr'><strong><em>οἰκονομίαν</em></strong></span> <span class='ocrx_word' id='word_1_485' title='bbox 881 3105 925 3162; x_wconf 85' lang='lat' dir='ltr'><strong>vel</strong></span> <span class='ocrx_word' id='word_1_486' title='bbox 951 3114 1074 3164; x_wconf 90' lang='lat' dir='ltr'><strong>assumta</strong></span> <span class='ocrx_word' id='word_1_487' title='bbox 1094 3109 1154 3179; x_wconf 88' lang='lat' dir='ltr'><strong>ejus</strong></span> <span class='ocrx_word' id='word_1_488' title='bbox 1173 3106 1295 3162; x_wconf 88' lang='lat' dir='ltr'><strong>bumana</strong></span> <span class='ocrx_word' id='word_1_489' title='bbox 1313 3112 1413 3163; x_wconf 88' lang='lat' dir='ltr'><strong>natura</strong></span> <span class='ocrx_word' id='word_1_490' title='bbox 1430 3106 1558 3178; x_wconf 86' lang='lat' dir='ltr'><strong>pertinet.</strong></span> <span class='ocrx_word' id='word_1_491' title='bbox 1585 3104 1672 3162; x_wconf 85' lang='lat' dir='ltr'><strong>Recte</strong></span> <span class='ocrx_word' id='word_1_492' title='bbox 1688 3105 1783 3161; x_wconf 82' lang='lat' dir='ltr'><strong>&#39;I&#39;bom</strong></span> 
     </span>
     <span class='ocr_line' id='line_1_34' title="bbox 90 3191 1785 3267; baseline -0.001 -17"><span class='ocrx_word' id='word_1_493' title='bbox 90 3193 174 3250; x_wconf 89' lang='lat' dir='ltr'><strong>etiam</strong></span> <span class='ocrx_word' id='word_1_494' title='bbox 193 3192 355 3265; x_wconf 90' lang='lat' dir='ltr'><strong>simpliciter</strong></span> <span class='ocrx_word' id='word_1_495' title='bbox 372 3197 537 3267; x_wconf 69' lang='grc' dir='ltr'><strong><em>οἰκονομία,</em></strong></span> <span class='ocrx_word' id='word_1_496' title='bbox 557 3193 685 3267; x_wconf 80' lang='lat' dir='ltr'><strong>Ignatius</strong></span> <span class='ocrx_word' id='word_1_497' title='bbox 705 3199 734 3250; x_wconf 87' lang='lat' dir='ltr'><strong>et</strong></span> <span class='ocrx_word' id='word_1_498' title='bbox 750 3193 877 3248; x_wconf 77' lang='lat' dir='ltr'><strong>iustinus</strong></span> <span class='ocrx_word' id='word_1_499' title='bbox 895 3192 925 3248; x_wconf 94' lang='lat' dir='ltr'><strong>in</strong></span> <span class='ocrx_word' id='word_1_500' title='bbox 951 3214 978 3266; x_wconf 92' lang='lat' dir='ltr'><strong>p.</strong></span> <span class='ocrx_word' id='word_1_501' title='bbox 998 3200 1021 3251; x_wconf 83' lang='grc' dir='ltr'><strong>δ.</strong></span> <span class='ocrx_word' id='word_1_502' title='bbox 1041 3201 1147 3267; x_wconf 87' lang='lat' dir='ltr'><strong>quaest.</strong></span> <span class='ocrx_word' id='word_1_503' title='bbox 1168 3199 1192 3250; x_wconf 90' lang='grc'><strong>2.</strong></span> <span class='ocrx_word' id='word_1_504' title='bbox 1212 3193 1259 3248; x_wconf 88' lang='lat' dir='ltr'><strong>lat</strong></span> <span class='ocrx_word' id='word_1_505' title='bbox 1281 3199 1311 3248; x_wconf 79' lang='lat' dir='ltr'><strong>t:</strong></span> <span class='ocrx_word' id='word_1_506' title='bbox 1339 3191 1509 3263; x_wconf 80' lang='lat' dir='ltr'><strong>Compositio</strong></span> <span class='ocrx_word' id='word_1_507' title='bbox 1522 3209 1665 3263; x_wconf 82' lang='lat' dir='ltr'><strong>personas</strong></span> <span class='ocrx_word' id='word_1_508' title='bbox 1682 3209 1716 3247; x_wconf 79' lang='grc' dir='ltr'><strong><em>σω</em></strong></span> <span class='ocrx_word' id='word_1_509' title='bbox 1734 3211 1785 3248; x_wconf 86' lang='lat' dir='ltr'><strong>na·</strong></span> 
     </span>
     <span class='ocr_line' id='line_1_35' title="bbox 91 3277 1784 3351; baseline -0.001 -15"><span class='ocrx_word' id='word_1_510' title='bbox 91 3279 260 3350; x_wconf 85' lang='lat' dir='ltr'><strong>expositione</strong></span> <span class='ocrx_word' id='word_1_511' title='bbox 277 3279 343 3336; x_wconf 87' lang='lat' dir='ltr'><strong>fidei</strong></span> <span class='ocrx_word' id='word_1_512' title='bbox 367 3277 925 3351; x_wconf 78' lang='grc' dir='ltr'><strong><em>σόρκωσιςιια1ἳνωσις,ρτιοτωπρτίπτ</em></strong></span> <span class='ocrx_word' id='word_1_513' title='bbox 951 3282 1022 3335; x_wconf 79' lang='lat' dir='ltr'><strong>tusis</strong></span> <span class='ocrx_word' id='word_1_514' title='bbox 1046 3281 1230 3335; x_wconf 74' lang='lat' dir='ltr'><strong>non&#39;dicitnr</strong></span> <span class='ocrx_word' id='word_1_515' title='bbox 1251 3280 1362 3334; x_wconf 81' lang='lat' dir='ltr'><strong>ratione</strong></span> <span class='ocrx_word' id='word_1_516' title='bbox 1381 3280 1526 3350; x_wconf 80' lang='lat' dir='ltr'><strong>partium,</strong></span> <span class='ocrx_word' id='word_1_517' title='bbox 1555 3281 1606 3335; x_wconf 83' lang='lat' dir='ltr'><strong>esst</strong></span> <span class='ocrx_word' id='word_1_518' title='bbox 1624 3280 1721 3349; x_wconf 83' lang='lat' dir='ltr'><strong>potins</strong></span> <span class='ocrx_word' id='word_1_519' title='bbox 1738 3298 1784 3334; x_wconf 80' lang='grc' dir='ltr'><strong>τα·</strong></span> 
     </span>
     <span class='ocr_line' id='line_1_36' title="bbox 91 3365 1784 3441; baseline 0.001 -20"><span class='ocrx_word' id='word_1_520' title='bbox 91 3366 246 3437; x_wconf 88' lang='grc' dir='ltr'><strong><em>πρόςληψιν</em></strong></span> <span class='ocrx_word' id='word_1_521' title='bbox 269 3370 315 3433; x_wconf 74' lang='grc' dir='ltr'><strong>τῆς</strong></span> <span class='ocrx_word' id='word_1_522' title='bbox 333 3367 447 3441; x_wconf 84' lang='grc' dir='ltr'><strong><em>σαρκός,</em></strong></span> <span class='ocrx_word' id='word_1_523' title='bbox 470 3365 608 3438; x_wconf 89' lang='lat' dir='ltr'><strong>posterius</strong></span> <span class='ocrx_word' id='word_1_524' title='bbox 625 3367 675 3434; x_wconf 84' lang='grc' dir='ltr'><strong>τὴν</strong></span> <span class='ocrx_word' id='word_1_525' title='bbox 694 3365 852 3439; x_wconf 86' lang='grc' dir='ltr'><strong><em>συνόφειαν</em></strong></span> <span class='ocrx_word' id='word_1_526' title='bbox 870 3367 925 3420; x_wconf 85' lang='grc' dir='ltr'><strong>τών</strong></span> <span class='ocrx_word' id='word_1_527' title='bbox 951 3369 1025 3423; x_wconf 83' lang='lat' dir='ltr'><strong>tione</strong></span> <span class='ocrx_word' id='word_1_528' title='bbox 1043 3368 1164 3437; x_wconf 82' lang='lat' dir='ltr'><strong>numeri,</strong></span> <span class='ocrx_word' id='word_1_529' title='bbox 1189 3367 1260 3421; x_wconf 78' lang='grc' dir='ltr'><strong><em>οὑσυέ</em></strong></span> <span class='ocrx_word' id='word_1_530' title='bbox 1278 3383 1357 3421; x_wconf 81' lang='lat' dir='ltr'><strong>omne</strong></span> <span class='ocrx_word' id='word_1_531' title='bbox 1377 3366 1466 3431; x_wconf 81' lang='lat' dir='ltr'><strong>illud,</strong></span> <span class='ocrx_word' id='word_1_532' title='bbox 1492 3367 1522 3421; x_wconf 86' lang='lat' dir='ltr'><strong>in</strong></span> <span class='ocrx_word' id='word_1_533' title='bbox 1540 3384 1595 3438; x_wconf 75' lang='lat' dir='ltr'><strong>quo</strong></span> <span class='ocrx_word' id='word_1_534' title='bbox 1613 3368 1670 3422; x_wconf 82' lang='lat' dir='ltr'><strong>dno</strong></span> <span class='ocrx_word' id='word_1_535' title='bbox 1689 3385 1784 3422; x_wconf 82' lang='lat' dir='ltr'><strong>conos·</strong></span> 
     </span>
     <span class='ocr_line' id='line_1_37' title="bbox 90 3450 1784 3537; baseline 0.001 -30"><span class='ocrx_word' id='word_1_536' title='bbox 90 3450 244 3508; x_wconf 77' lang='grc' dir='ltr'><strong><em>διεστώτων</em></strong></span> <span class='ocrx_word' id='word_1_537' title='bbox 262 3457 341 3507; x_wconf 90' lang='lat' dir='ltr'><strong>notat</strong></span> <span class='ocrx_word' id='word_1_538' title='bbox 360 3471 387 3524; x_wconf 89' lang='lat' dir='ltr'><strong>p.</strong></span> <span class='ocrx_word' id='word_1_539' title='bbox 407 3458 472 3522; x_wconf 75' lang='lat'><strong>²943</strong></span> <span class='ocrx_word' id='word_1_540' title='bbox 496 3453 685 3510; x_wconf 88' lang='lat' dir='ltr'><strong>adunitionem</strong></span> <span class='ocrx_word' id='word_1_541' title='bbox 704 3451 791 3509; x_wconf 89' lang='lat' dir='ltr'><strong>Verbi</strong></span> <span class='ocrx_word' id='word_1_542' title='bbox 809 3452 846 3508; x_wconf 90' lang='lat' dir='ltr'><strong>ad</strong></span> <span class='ocrx_word' id='word_1_543' title='bbox 864 3453 924 3523; x_wconf 87' lang='lat' dir='ltr'><strong>ejus</strong></span> <span class='ocrx_word' id='word_1_544' title='bbox 953 3456 1043 3521; x_wconf 78' lang='grc' dir='ltr'><strong><em>πὺαιιί,</em></strong></span> <span class='ocrx_word' id='word_1_545' title='bbox 1064 3461 1156 3523; x_wconf 83' lang='lat' dir='ltr'><strong>potest</strong></span> <span class='ocrx_word' id='word_1_546' title='bbox 1179 3453 1239 3508; x_wconf 83' lang='lat' dir='ltr'><strong>dici</strong></span> <span class='ocrx_word' id='word_1_547' title='bbox 1259 3469 1292 3506; x_wconf 80' lang='lat' dir='ltr'><strong>sn</strong></span> <span class='ocrx_word' id='word_1_548' title='bbox 1309 3453 1369 3507; x_wconf 84' lang='lat' dir='ltr'><strong>illis</strong></span> <span class='ocrx_word' id='word_1_549' title='bbox 1392 3453 1588 3522; x_wconf 83' lang='lat' dir='ltr'><strong>compositam,</strong></span> <span class='ocrx_word' id='word_1_550' title='bbox 1612 3459 1640 3537; x_wconf 63' lang='lat' dir='ltr'><strong>st¹</strong></span> <span class='ocrx_word' id='word_1_551' title='bbox 1658 3470 1784 3524; x_wconf 84' lang='lat' dir='ltr'><strong>persono</strong></span> 
     </span>
     <span class='ocr_line' id='line_1_38' title="bbox 90 3534 1820 3613; baseline -0.001 -18"><span class='ocrx_word' id='word_1_552' title='bbox 90 3540 199 3611; x_wconf 87' lang='lat' dir='ltr'><strong>plasma</strong></span> <span class='ocrx_word' id='word_1_553' title='bbox 216 3543 420 3608; x_wconf 73' lang='lat' dir='ltr'><strong>secespita.</strong></span> <span class='ocrx_word' id='word_1_554' title='bbox 447 3536 538 3612; x_wconf 79' lang='grc' dir='ltr'><strong><em>ἄκραν</em></strong></span> <span class='ocrx_word' id='word_1_555' title='bbox 555 3538 664 3608; x_wconf 82' lang='grc' dir='ltr'><strong><em>ἓνωπιν,</em></strong></span> <span class='ocrx_word' id='word_1_556' title='bbox 682 3539 825 3610; x_wconf 87' lang='lat' dir='ltr'><strong>Nyssenus</strong></span> <span class='ocrx_word' id='word_1_557' title='bbox 844 3558 924 3613; x_wconf 92' lang='grc' dir='ltr'><strong><em>προς-</em></strong></span> <span class='ocrx_word' id='word_1_558' title='bbox 951 3541 992 3594; x_wconf 86' lang='grc' dir='ltr'><strong>ιιό</strong></span> <span class='ocrx_word' id='word_1_559' title='bbox 1017 3538 1122 3593; x_wconf 82' lang='lat' dir='ltr'><strong>dicitnr</strong></span> <span class='ocrx_word' id='word_1_560' title='bbox 1144 3539 1312 3609; x_wconf 85' lang='lat' dir='ltr'><strong>composita,</strong></span> <span class='ocrx_word' id='word_1_561' title='bbox 1342 3539 1374 3592; x_wconf 86' lang='lat' dir='ltr'><strong>in</strong></span> <span class='ocrx_word' id='word_1_562' title='bbox 1403 3546 1536 3608; x_wconf 75' lang='grc' dir='ltr'><strong><em>οτισπλυτπ</em></strong></span> <span class='ocrx_word' id='word_1_563' title='bbox 1564 3557 1649 3593; x_wconf 82' lang='lat' dir='ltr'><strong>cnam</strong></span> <span class='ocrx_word' id='word_1_564' title='bbox 1677 3539 1785 3594; x_wconf 81' lang='lat' dir='ltr'><strong>duobos</strong></span> <span class='ocrx_word' id='word_1_565' title='bbox 1816 3534 1820 3543; x_wconf 74' lang='grc'><em>’</em></span> 
     </span>
    </p>
   </div>
   <div class='ocr_carea' id='block_1_3' title="bbox 76 3621 1786 4214">
    <p class='ocr_par' dir='ltr' id='par_1_3' title="bbox 76 3621 1786 4214">
     <span class='ocr_line' id='line_1_39' title="bbox 76 3621 1785 3701; baseline 0 -23"><span class='ocrx_word' id='word_1_566' title='bbox 76 3623 241 3701; x_wconf 38' lang='grc' dir='ltr'><strong><em>,εγγυσμόν</em></strong></span> <span class='ocrx_word' id='word_1_567' title='bbox 280 3623 450 3680; x_wconf 86' lang='lat' dir='ltr'><strong>Athanasius</strong></span> <span class='ocrx_word' id='word_1_568' title='bbox 475 3623 698 3694; x_wconf 76' lang='grc' dir='ltr'><strong><em>σογτιατόδαστν,</em></strong></span> <span class='ocrx_word' id='word_1_569' title='bbox 723 3626 753 3679; x_wconf 72' lang='grc' dir='ltr'><strong><em>ἓν</em></strong></span> <span class='ocrx_word' id='word_1_570' title='bbox 769 3628 850 3699; x_wconf 83' lang='grc' dir='ltr'><strong><em>οαρκλ</em></strong></span> <span class='ocrx_word' id='word_1_571' title='bbox 871 3645 924 3697; x_wconf 81' lang='grc' dir='ltr'><strong><em>φα·</em></strong></span> <span class='ocrx_word' id='word_1_572' title='bbox 951 3626 1081 3680; x_wconf 63' lang='lat' dir='ltr'><strong>submit.</strong></span> <span class='ocrx_word' id='word_1_573' title='bbox 1115 3621 1258 3680; x_wconf 76' lang='grc' dir='ltr'><strong><em>Σόνθετον</em></strong></span> <span class='ocrx_word' id='word_1_574' title='bbox 1282 3640 1349 3696; x_wconf 79' lang='lat' dir='ltr'><strong>ergo</strong></span> <span class='ocrx_word' id='word_1_575' title='bbox 1367 3623 1493 3696; x_wconf 84' lang='lat' dir='ltr'><strong>intellige</strong></span> <span class='ocrx_word' id='word_1_576' title='bbox 1511 3640 1566 3679; x_wconf 92' lang='lat' dir='ltr'><strong>non</strong></span> <span class='ocrx_word' id='word_1_577' title='bbox 1585 3626 1785 3695; x_wconf 82' lang='lat' dir='ltr'><strong>compositione</strong></span> 
     </span>
     <span class='ocr_line' id='line_1_40' title="bbox 92 3709 1785 3785; baseline -0.001 -19"><span class='ocrx_word' id='word_1_578' title='bbox 92 3714 218 3785; x_wconf 88' lang='grc' dir='ltr'><strong><em>νέρωσιν,</em></strong></span> <span class='ocrx_word' id='word_1_579' title='bbox 238 3709 400 3780; x_wconf 78' lang='grc' dir='ltr'><strong><em>ίνοώματον</em></strong></span> <span class='ocrx_word' id='word_1_580' title='bbox 419 3717 585 3783; x_wconf 87' lang='grc' dir='ltr'><strong><em>παρουσίαν,</em></strong></span> <span class='ocrx_word' id='word_1_581' title='bbox 604 3709 860 3785; x_wconf 81' lang='grc' dir='ltr'><strong><em>μετενστομότωσιν,</em></strong></span> <span class='ocrx_word' id='word_1_582' title='bbox 879 3710 925 3765; x_wconf 88' lang='grc' dir='ltr'><strong>σό-</strong></span> <span class='ocrx_word' id='word_1_583' title='bbox 951 3714 1120 3783; x_wconf 83' lang='lat' dir='ltr'><strong>subjectiva,</strong></span> <span class='ocrx_word' id='word_1_584' title='bbox 1141 3729 1197 3766; x_wconf 86' lang='lat' dir='ltr'><strong>non</strong></span> <span class='ocrx_word' id='word_1_585' title='bbox 1216 3711 1378 3779; x_wconf 75' lang='grc' dir='ltr'><strong><em>ατισιιίόσλὺ,</em></strong></span> <span class='ocrx_word' id='word_1_586' title='bbox 1405 3727 1461 3766; x_wconf 92' lang='lat' dir='ltr'><strong>non</strong></span> <span class='ocrx_word' id='word_1_587' title='bbox 1480 3711 1632 3780; x_wconf 78' lang='lat' dir='ltr'><strong>attention,</strong></span> <span class='ocrx_word' id='word_1_588' title='bbox 1653 3711 1704 3769; x_wconf 88' lang='lat' dir='ltr'><strong>sed</strong></span> <span class='ocrx_word' id='word_1_589' title='bbox 1716 3728 1785 3782; x_wconf 81' lang='lat' dir='ltr'><strong>par·</strong></span> 
     </span>
     <span class='ocr_line' id='line_1_41' title="bbox 91 3795 1784 3870; baseline 0.001 -18"><span class='ocrx_word' id='word_1_590' title='bbox 91 3801 187 3863; x_wconf 80' lang='grc' dir='ltr'><strong><em>ζευξιν.</em></strong></span> <span class='ocrx_word' id='word_1_591' title='bbox 223 3797 417 3854; x_wconf 81' lang='lat' dir='ltr'><strong>Nazianzenus</strong></span> <span class='ocrx_word' id='word_1_592' title='bbox 435 3796 566 3852; x_wconf 83' lang='grc' dir='ltr'><strong><em>σύνοδον.</em></strong></span> <span class='ocrx_word' id='word_1_593' title='bbox 602 3797 793 3853; x_wconf 89' lang='lat' dir='ltr'><strong>Damascenus</strong></span> <span class='ocrx_word' id='word_1_594' title='bbox 811 3812 924 3870; x_wconf 83' lang='grc' dir='ltr'><strong><em>συμφυ-</em></strong></span> <span class='ocrx_word' id='word_1_595' title='bbox 951 3799 1058 3866; x_wconf 83' lang='lat' dir='ltr'><strong>eonati,</strong></span> <span class='ocrx_word' id='word_1_596' title='bbox 1081 3815 1138 3870; x_wconf 86' lang='lat' dir='ltr'><strong>qua</strong></span> <span class='ocrx_word' id='word_1_597' title='bbox 1156 3796 1253 3853; x_wconf 88' lang='lat' dir='ltr'><strong>eadem</strong></span> <span class='ocrx_word' id='word_1_598' title='bbox 1270 3795 1443 3867; x_wconf 85' lang='lat' dir='ltr'><strong>hypostasis,</strong></span> <span class='ocrx_word' id='word_1_599' title='bbox 1464 3813 1537 3868; x_wconf 88' lang='lat' dir='ltr'><strong>quae</strong></span> <span class='ocrx_word' id='word_1_600' title='bbox 1555 3797 1632 3870; x_wconf 86' lang='lat' dir='ltr'><strong>prius</strong></span> <span class='ocrx_word' id='word_1_601' title='bbox 1650 3796 1704 3853; x_wconf 82' lang='lat' dir='ltr'><strong>icit</strong></span> <span class='ocrx_word' id='word_1_602' title='bbox 1724 3803 1784 3853; x_wconf 91' lang='lat' dir='ltr'><strong>tan·</strong></span> 
     </span>
     <span class='ocr_line' id='line_1_42' title="bbox 90 3879 1786 3958; baseline 0.001 -21"><span class='ocrx_word' id='word_1_603' title='bbox 90 3884 140 3939; x_wconf 80' lang='lat' dir='ltr'><strong>tar</strong></span> <span class='ocrx_word' id='word_1_604' title='bbox 157 3888 203 3937; x_wconf 80' lang='lat' dir='ltr'><strong>sal</strong></span> <span class='ocrx_word' id='word_1_605' title='bbox 218 3883 346 3958; x_wconf 78' lang='grc' dir='ltr'><strong><em>ἁρμογὴν</em></strong></span> <span class='ocrx_word' id='word_1_606' title='bbox 359 3879 480 3956; x_wconf 76' lang='grc' dir='ltr'><strong><em>φύσεων.</em></strong></span> <span class='ocrx_word' id='word_1_607' title='bbox 504 3883 692 3940; x_wconf 86' lang='lat' dir='ltr'><strong>Communiter</strong></span> <span class='ocrx_word' id='word_1_608' title='bbox 704 3883 924 3958; x_wconf 77' lang='grc' dir='ltr'><strong><em>ἒνανσρώπησιν,</em></strong></span> <span class='ocrx_word' id='word_1_609' title='bbox 951 3890 1010 3940; x_wconf 91' lang='lat' dir='ltr'><strong>tum</strong></span> <span class='ocrx_word' id='word_1_610' title='bbox 1028 3883 1115 3940; x_wconf 89' lang='lat' dir='ltr'><strong>Verbi</strong></span> <span class='ocrx_word' id='word_1_611' title='bbox 1139 3882 1313 3955; x_wconf 83' lang='lat' dir='ltr'><strong>hypostasis,</strong></span> <span class='ocrx_word' id='word_1_612' title='bbox 1335 3883 1516 3954; x_wconf 87' lang='lat' dir='ltr'><strong>ejusdemque</strong></span> <span class='ocrx_word' id='word_1_613' title='bbox 1538 3889 1673 3955; x_wconf 89' lang='lat' dir='ltr'><strong>perpetuo</strong></span> <span class='ocrx_word' id='word_1_614' title='bbox 1692 3890 1786 3941; x_wconf 85' lang='lat' dir='ltr'><strong>manet</strong></span> 
     </span>
     <span class='ocr_line' id='line_1_43' title="bbox 93 3969 1784 4046; baseline -0.001 -20"><span class='ocrx_word' id='word_1_615' title='bbox 93 3969 264 4045; x_wconf 80' lang='grc' dir='ltr'><strong><em>ένσόρνωσιν</em></strong></span> <span class='ocrx_word' id='word_1_616' title='bbox 287 3970 520 4042; x_wconf 59' lang='lat' dir='ltr'><strong>sicincipiens</strong></span> <span class='ocrx_word' id='word_1_617' title='bbox 542 3970 582 4043; x_wconf 82' lang='grc' dir='ltr'><strong>μὴ</strong></span> <span class='ocrx_word' id='word_1_618' title='bbox 606 3974 715 4046; x_wconf 80' lang='grc' dir='ltr'><strong><em>μέριζε,</em></strong></span> <span class='ocrx_word' id='word_1_619' title='bbox 745 3971 785 4025; x_wconf 85' lang='lat' dir='ltr'><strong>ait</strong></span> <span class='ocrx_word' id='word_1_620' title='bbox 808 3971 923 4026; x_wconf 85' lang='lat' dir='ltr'><strong>Procius</strong></span> <span class='ocrx_word' id='word_1_621' title='bbox 950 3970 1118 4044; x_wconf 81' lang='lat' dir='ltr'><strong>hypostasis,</strong></span> <span class='ocrx_word' id='word_1_622' title='bbox 1136 3969 1335 4027; x_wconf 78' lang='lat' dir='ltr'><strong>naturaliteret</strong></span> <span class='ocrx_word' id='word_1_623' title='bbox 1351 3969 1536 4026; x_wconf 76' lang='lat' dir='ltr'><strong>essentialiter</strong></span> <span class='ocrx_word' id='word_1_624' title='bbox 1553 3971 1583 4026; x_wconf 73' lang='lat' dir='ltr'><strong>it</strong></span> <span class='ocrx_word' id='word_1_625' title='bbox 1600 3972 1631 4046; x_wconf 78' lang='grc' dir='ltr'><strong>τῇ</strong></span> <span class='ocrx_word' id='word_1_626' title='bbox 1648 3969 1784 4045; x_wconf 59' lang='lat' dir='ltr'><strong>{torpaci-</strong></span> 
     </span>
     <span class='ocr_line' id='line_1_44' title="bbox 91 4054 1783 4135; baseline 0.001 -23"><span class='ocrx_word' id='word_1_627' title='bbox 91 4056 185 4112; x_wconf 87' lang='lat' dir='ltr'><strong>homil.</strong></span> <span class='ocrx_word' id='word_1_628' title='bbox 211 4056 241 4111; x_wconf 96' lang='lat' dir='ltr'><strong>in</strong></span> <span class='ocrx_word' id='word_1_629' title='bbox 264 4062 321 4111; x_wconf 89' lang='lat' dir='ltr'><strong>nat.</strong></span> <span class='ocrx_word' id='word_1_630' title='bbox 345 4055 425 4111; x_wconf 90' lang='lat' dir='ltr'><strong>Dom.</strong></span> <span class='ocrx_word' id='word_1_631' title='bbox 454 4074 481 4127; x_wconf 91' lang='lat' dir='ltr'><strong>p.</strong></span> <span class='ocrx_word' id='word_1_632' title='bbox 509 4063 555 4111; x_wconf 82' lang='lat' dir='ltr'><strong>ll:</strong></span> <span class='ocrx_word' id='word_1_633' title='bbox 583 4058 630 4111; x_wconf 77' lang='lat' dir='ltr'><strong>trs</strong></span> <span class='ocrx_word' id='word_1_634' title='bbox 654 4054 694 4129; x_wconf 81' lang='grc' dir='ltr'><strong>μὴ</strong></span> <span class='ocrx_word' id='word_1_635' title='bbox 712 4054 924 4132; x_wconf 77' lang='grc' dir='ltr'><strong><em>μερισθῇςὺπό</em></strong></span> <span class='ocrx_word' id='word_1_636' title='bbox 952 4077 991 4113; x_wconf 89' lang='grc' dir='ltr'><strong>σει</strong></span> <span class='ocrx_word' id='word_1_637' title='bbox 1010 4057 1087 4113; x_wconf 88' lang='lat' dir='ltr'><strong>facta</strong></span> <span class='ocrx_word' id='word_1_638' title='bbox 1101 4056 1248 4113; x_wconf 88' lang='lat' dir='ltr'><strong>estcarnis</strong></span> <span class='ocrx_word' id='word_1_639' title='bbox 1269 4055 1417 4135; x_wconf 86' lang='grc' dir='ltr'><strong><em>ὑπόστασις</em></strong></span> <span class='ocrx_word' id='word_1_640' title='bbox 1434 4056 1664 4133; x_wconf 81' lang='lat' dir='ltr'><strong>communicative</strong></span> <span class='ocrx_word' id='word_1_641' title='bbox 1682 4063 1783 4128; x_wconf 70' lang='lat' dir='ltr'><strong>espen</strong></span> 
     </span>
     <span class='ocr_line' id='line_1_45' title="bbox 91 4132 1785 4214; baseline 0.001 -18"><span class='ocrx_word' id='word_1_642' title='bbox 91 4143 141 4196; x_wconf 88' lang='grc' dir='ltr'><strong><em>τοὺ</em></strong></span> <span class='ocrx_word' id='word_1_643' title='bbox 162 4146 236 4197; x_wconf 78' lang='grc' dir='ltr'><strong><em>θεοῦ.</em></strong></span> <span class='ocrx_word' id='word_1_644' title='bbox 273 4141 353 4206; x_wconf 81' lang='lat' dir='ltr'><strong>Quod</strong></span> <span class='ocrx_word' id='word_1_645' title='bbox 376 4142 507 4198; x_wconf 85' lang='lat' dir='ltr'><strong>irenaeus</strong></span> <span class='ocrx_word' id='word_1_646' title='bbox 525 4141 586 4197; x_wconf 91' lang='lat' dir='ltr'><strong>libr.</strong></span> <span class='ocrx_word' id='word_1_647' title='bbox 611 4147 634 4198; x_wconf 88' lang='lat'><strong>3.</strong></span> <span class='ocrx_word' id='word_1_648' title='bbox 653 4158 677 4197; x_wconf 93' lang='lat' dir='ltr'><strong>c.</strong></span> <span class='ocrx_word' id='word_1_649' title='bbox 699 4147 739 4198; x_wconf 93' lang='grc'><strong>21.</strong></span> <span class='ocrx_word' id='word_1_650' title='bbox 765 4158 827 4198; x_wconf 88' lang='lat' dir='ltr'><strong>eam</strong></span> <span class='ocrx_word' id='word_1_651' title='bbox 845 4149 927 4199; x_wconf 85' lang='lat' dir='ltr'><strong>vocat</strong></span> <span class='ocrx_word' id='word_1_652' title='bbox 951 4144 1088 4201; x_wconf 89' lang='lat' dir='ltr'><strong>sonaliter.</strong></span> <span class='ocrx_word' id='word_1_653' title='bbox 1124 4142 1168 4198; x_wconf 89' lang='lat' dir='ltr'><strong>Ac</strong></span> <span class='ocrx_word' id='word_1_654' title='bbox 1189 4142 1255 4214; x_wconf 89' lang='lat' dir='ltr'><strong>quia</strong></span> <span class='ocrx_word' id='word_1_655' title='bbox 1269 4141 1335 4197; x_wconf 85' lang='lat' dir='ltr'><strong>Filii</strong></span> <span class='ocrx_word' id='word_1_656' title='bbox 1353 4141 1407 4198; x_wconf 92' lang='lat' dir='ltr'><strong>Dei</strong></span> <span class='ocrx_word' id='word_1_657' title='bbox 1425 4132 1584 4214; x_wconf 82' lang='lat' dir='ltr'><strong>hypostasis</strong></span> <span class='ocrx_word' id='word_1_658' title='bbox 1603 4146 1667 4214; x_wconf 91' lang='lat' dir='ltr'><strong>post</strong></span> <span class='ocrx_word' id='word_1_659' title='bbox 1681 4140 1785 4198; x_wconf 83' lang='lat' dir='ltr'><strong>factam</strong></span> 
     </span>
    </p>
   </div>
   <div class='ocr_carea' id='block_1_4' title="bbox 36 4225 1883 5600">
    <p class='ocr_par' dir='ltr' id='par_1_4' title="bbox 36 4225 1883 5600">
     <span class='ocr_line' id='line_1_46' title="bbox 92 4225 1883 4304; baseline 0 -22"><span class='ocrx_word' id='word_1_660' title='bbox 92 4225 232 4302; x_wconf 80' lang='grc' dir='ltr'><strong><em>σύμμιξιν.</em></strong></span> <span class='ocrx_word' id='word_1_661' title='bbox 267 4229 435 4286; x_wconf 79' lang='lat' dir='ltr'><strong>Nazianzen.</strong></span> <span class='ocrx_word' id='word_1_662' title='bbox 460 4228 549 4299; x_wconf 87' lang='lat' dir='ltr'><strong>Epist.</strong></span> <span class='ocrx_word' id='word_1_663' title='bbox 581 4235 601 4284; x_wconf 92' lang='grc'><strong>1.</strong></span> <span class='ocrx_word' id='word_1_664' title='bbox 627 4228 663 4283; x_wconf 91' lang='lat' dir='ltr'><strong>ad</strong></span> <span class='ocrx_word' id='word_1_665' title='bbox 688 4227 802 4285; x_wconf 83' lang='lat' dir='ltr'><strong>Oledon</strong></span> <span class='ocrx_word' id='word_1_666' title='bbox 826 4231 926 4304; x_wconf 83' lang='grc' dir='ltr'><strong><em>κρᾶσιν</em></strong></span> <span class='ocrx_word' id='word_1_667' title='bbox 951 4229 1167 4285; x_wconf 82' lang='lat' dir='ltr'><strong>incarnationem</strong></span> <span class='ocrx_word' id='word_1_668' title='bbox 1186 4235 1228 4284; x_wconf 90' lang='lat' dir='ltr'><strong>est</strong></span> <span class='ocrx_word' id='word_1_669' title='bbox 1251 4227 1385 4289; x_wconf 74' lang='grc' dir='ltr'><strong><em>σύνθετος</em></strong></span> <span class='ocrx_word' id='word_1_670' title='bbox 1392 4269 1400 4297; x_wconf 90' lang='grc'><strong><em>,</em></strong></span> <span class='ocrx_word' id='word_1_671' title='bbox 1422 4228 1485 4285; x_wconf 88' lang='lat' dir='ltr'><strong>ideo</strong></span> <span class='ocrx_word' id='word_1_672' title='bbox 1503 4229 1540 4284; x_wconf 89' lang='lat' dir='ltr'><strong>ad</strong></span> <span class='ocrx_word' id='word_1_673' title='bbox 1557 4244 1704 4300; x_wconf 88' lang='lat' dir='ltr'><strong>personam</strong></span> <span class='ocrx_word' id='word_1_674' title='bbox 1719 4228 1785 4283; x_wconf 85' lang='lat' dir='ltr'><strong>Filii</strong></span> <span class='ocrx_word' id='word_1_675' title='bbox 1879 4294 1883 4301; x_wconf 24' lang='grc' dir='ltr'>ι</span> 
     </span>
     <span class='ocr_line' id='line_1_47' title="bbox 91 4314 1785 4390; baseline 0 -20"><span class='ocrx_word' id='word_1_676' title='bbox 91 4314 306 4390; x_wconf 77' lang='grc' dir='ltr'><strong><em>καλσόγιιρτισιν.</em></strong></span> <span class='ocrx_word' id='word_1_677' title='bbox 333 4315 451 4386; x_wconf 84' lang='lat' dir='ltr'><strong>Nyssen.</strong></span> <span class='ocrx_word' id='word_1_678' title='bbox 467 4315 598 4389; x_wconf 76' lang='grc' dir='ltr'><strong><em>ἔγκρασιν</em></strong></span> <span class='ocrx_word' id='word_1_679' title='bbox 611 4320 656 4369; x_wconf 73' lang='lat' dir='ltr'><strong>nal</strong></span> <span class='ocrx_word' id='word_1_680' title='bbox 671 4317 813 4389; x_wconf 68' lang='lat' dir='ltr'><strong>inspicitur</strong></span> <span class='ocrx_word' id='word_1_681' title='bbox 832 4315 925 4370; x_wconf 66' lang='lat' dir='ltr'><strong>”Lu</strong></span> <span class='ocrx_word' id='word_1_682' title='bbox 950 4314 1017 4370; x_wconf 81' lang='lat' dir='ltr'><strong>DEI</strong></span> <span class='ocrx_word' id='word_1_683' title='bbox 1042 4320 1160 4386; x_wconf 81' lang='lat' dir='ltr'><strong>utraque</strong></span> <span class='ocrx_word' id='word_1_684' title='bbox 1183 4321 1282 4370; x_wconf 75' lang='lat' dir='ltr'><strong>mium</strong></span> <span class='ocrx_word' id='word_1_685' title='bbox 1302 4314 1439 4386; x_wconf 81' lang='lat' dir='ltr'><strong>pertinet,</strong></span> <span class='ocrx_word' id='word_1_686' title='bbox 1467 4331 1520 4370; x_wconf 87' lang='lat' dir='ltr'><strong>nec</strong></span> <span class='ocrx_word' id='word_1_687' title='bbox 1543 4331 1599 4370; x_wconf 83' lang='lat' dir='ltr'><strong>una</strong></span> <span class='ocrx_word' id='word_1_688' title='bbox 1620 4314 1680 4371; x_wconf 85' lang='lat' dir='ltr'><strong>aine</strong></span> <span class='ocrx_word' id='word_1_689' title='bbox 1698 4315 1785 4370; x_wconf 82' lang='lat' dir='ltr'><strong>altera</strong></span> 
     </span>
     <span class='ocr_line' id='line_1_48' title="bbox 91 4399 1784 4473; baseline -0.001 -16"><span class='ocrx_word' id='word_1_690' title='bbox 91 4401 188 4457; x_wconf 86' lang='lat' dir='ltr'><strong>theras</strong></span> <span class='ocrx_word' id='word_1_691' title='bbox 204 4401 233 4456; x_wconf 92' lang='lat' dir='ltr'><strong>in</strong></span> <span class='ocrx_word' id='word_1_692' title='bbox 251 4418 275 4458; x_wconf 89' lang='lat' dir='ltr'><strong>c.</strong></span> <span class='ocrx_word' id='word_1_693' title='bbox 297 4408 334 4458; x_wconf 84' lang='grc'><strong>14.</strong></span> <span class='ocrx_word' id='word_1_694' title='bbox 352 4400 416 4458; x_wconf 84' lang='lat' dir='ltr'><strong>Joh.</strong></span> <span class='ocrx_word' id='word_1_695' title='bbox 435 4407 501 4456; x_wconf 90' lang='lat' dir='ltr'><strong>tom.</strong></span> <span class='ocrx_word' id='word_1_696' title='bbox 525 4409 548 4457; x_wconf 84' lang='lat' dir='ltr'><strong>l.</strong></span> <span class='ocrx_word' id='word_1_697' title='bbox 572 4402 685 4458; x_wconf 79' lang='lat' dir='ltr'><strong>ienens.</strong></span> <span class='ocrx_word' id='word_1_698' title='bbox 702 4401 795 4458; x_wconf 86' lang='lat' dir='ltr'><strong>Germ.</strong></span> <span class='ocrx_word' id='word_1_699' title='bbox 816 4401 863 4457; x_wconf 86' lang='lat' dir='ltr'><strong>fol.</strong></span> <span class='ocrx_word' id='word_1_700' title='bbox 883 4408 925 4458; x_wconf 84' lang='grc'><strong>91.</strong></span> <span class='ocrx_word' id='word_1_701' title='bbox 951 4399 996 4456; x_wconf 84' lang='lat' dir='ltr'><strong>rel</strong></span> <span class='ocrx_word' id='word_1_702' title='bbox 1014 4408 1091 4457; x_wconf 85' lang='lat' dir='ltr'><strong>extra</strong></span> <span class='ocrx_word' id='word_1_703' title='bbox 1108 4400 1224 4457; x_wconf 89' lang='lat' dir='ltr'><strong>alteram</strong></span> <span class='ocrx_word' id='word_1_704' title='bbox 1241 4400 1374 4457; x_wconf 88' lang='lat' dir='ltr'><strong>subsistit</strong></span> <span class='ocrx_word' id='word_1_705' title='bbox 1417 4406 1439 4457; x_wconf 94' lang='grc'><strong>2.</strong></span> <span class='ocrx_word' id='word_1_706' title='bbox 1460 4399 1532 4467; x_wconf 90' lang='lat' dir='ltr'><strong>Quia</strong></span> <span class='ocrx_word' id='word_1_707' title='bbox 1548 4399 1706 4473; x_wconf 86' lang='lat' dir='ltr'><strong>hypostasis</strong></span> <span class='ocrx_word' id='word_1_708' title='bbox 1727 4400 1784 4456; x_wconf 88' lang='grc' dir='ltr'><strong><em>Λό-</em></strong></span> 
     </span>
     <span class='ocr_line' id='line_1_49' title="bbox 91 4486 1783 4561; baseline -0.001 -16"><span class='ocrx_word' id='word_1_709' title='bbox 91 4487 162 4546; x_wconf 77' lang='lat' dir='ltr'><strong>trite</strong></span> <span class='ocrx_word' id='word_1_710' title='bbox 187 4489 308 4545; x_wconf 62' lang='lat' dir='ltr'><strong>tatutis</strong></span> <span class='ocrx_word' id='word_1_711' title='bbox 334 4487 389 4558; x_wconf 73' lang='lat' dir='ltr'><strong>sint</strong></span> <span class='ocrx_word' id='word_1_712' title='bbox 417 4488 446 4544; x_wconf 86' lang='lat' dir='ltr'><strong>in</strong></span> <span class='ocrx_word' id='word_1_713' title='bbox 473 4490 516 4544; x_wconf 78' lang='lat' dir='ltr'><strong>ber</strong></span> <span class='ocrx_word' id='word_1_714' title='bbox 541 4489 641 4560; x_wconf 70' lang='lat' dir='ltr'><strong>peston</strong></span> <span class='ocrx_word' id='word_1_715' title='bbox 670 4490 865 4559; x_wconf 53' lang='lat' dir='ltr'><strong>cantavit*</strong></span> <span class='ocrx_word' id='word_1_716' title='bbox 896 4488 926 4542; x_wconf 89' lang='lat' dir='ltr'><strong>id</strong></span> <span class='ocrx_word' id='word_1_717' title='bbox 951 4508 1003 4559; x_wconf 89' lang='grc' dir='ltr'><strong>γον</strong></span> <span class='ocrx_word' id='word_1_718' title='bbox 1021 4488 1096 4543; x_wconf 82' lang='lat' dir='ltr'><strong>facts</strong></span> <span class='ocrx_word' id='word_1_719' title='bbox 1115 4493 1157 4544; x_wconf 86' lang='lat' dir='ltr'><strong>est</strong></span> <span class='ocrx_word' id='word_1_720' title='bbox 1175 4486 1265 4543; x_wconf 87' lang='lat' dir='ltr'><strong>carnis</strong></span> <span class='ocrx_word' id='word_1_721' title='bbox 1282 4487 1458 4560; x_wconf 84' lang='lat' dir='ltr'><strong>hypostasis,</strong></span> <span class='ocrx_word' id='word_1_722' title='bbox 1476 4486 1539 4542; x_wconf 89' lang='lat' dir='ltr'><strong>ideo</strong></span> <span class='ocrx_word' id='word_1_723' title='bbox 1558 4486 1635 4542; x_wconf 87' lang='lat' dir='ltr'><strong>carni</strong></span> <span class='ocrx_word' id='word_1_724' title='bbox 1652 4486 1783 4561; x_wconf 86' lang='lat' dir='ltr'><strong>hyposta-</strong></span> 
     </span>
     <span class='ocr_line' id='line_1_50' title="bbox 36 4570 1783 4647; baseline 0.003 -22"><span class='ocrx_word' id='word_1_725' title='bbox 36 4574 235 4631; x_wconf 74' lang='lat' dir='ltr'><strong>accommode</strong></span> <span class='ocrx_word' id='word_1_726' title='bbox 260 4573 467 4645; x_wconf 84' lang='lat' dir='ltr'><strong>explicandum,</strong></span> <span class='ocrx_word' id='word_1_727' title='bbox 491 4592 527 4630; x_wconf 90' lang='lat' dir='ltr'><strong>ne</strong></span> <span class='ocrx_word' id='word_1_728' title='bbox 542 4576 588 4630; x_wconf 83' lang='lat' dir='ltr'><strong>ad</strong></span> <span class='ocrx_word' id='word_1_729' title='bbox 605 4575 808 4647; x_wconf 87' lang='lat' dir='ltr'><strong>Eutychianam</strong></span> <span class='ocrx_word' id='word_1_730' title='bbox 830 4573 925 4630; x_wconf 81' lang='lat' dir='ltr'><strong>coniu—</strong></span> <span class='ocrx_word' id='word_1_731' title='bbox 951 4574 988 4629; x_wconf 89' lang='lat' dir='ltr'><strong>sis</strong></span> <span class='ocrx_word' id='word_1_732' title='bbox 1008 4573 1107 4645; x_wconf 86' lang='grc' dir='ltr'><strong><em>Λόγου</em></strong></span> <span class='ocrx_word' id='word_1_733' title='bbox 1127 4580 1171 4630; x_wconf 89' lang='lat' dir='ltr'><strong>est</strong></span> <span class='ocrx_word' id='word_1_734' title='bbox 1186 4573 1395 4630; x_wconf 88' lang='lat' dir='ltr'><strong>communicata.</strong></span> <span class='ocrx_word' id='word_1_735' title='bbox 1422 4572 1519 4644; x_wconf 80' lang='grc' dir='ltr'><strong><em>Λόγος</em></strong></span> <span class='ocrx_word' id='word_1_736' title='bbox 1537 4570 1689 4630; x_wconf 85' lang='grc' dir='ltr'><strong><em>ὑπόστασιν</em></strong></span> <span class='ocrx_word' id='word_1_737' title='bbox 1706 4575 1783 4631; x_wconf 90' lang='lat' dir='ltr'><strong>illam</strong></span> 
     </span>
     <span class='ocr_line' id='line_1_51' title="bbox 92 4658 1785 4733; baseline 0.001 -17"><span class='ocrx_word' id='word_1_738' title='bbox 92 4661 197 4717; x_wconf 88' lang='lat' dir='ltr'><strong>sionem</strong></span> <span class='ocrx_word' id='word_1_739' title='bbox 214 4660 377 4731; x_wconf 89' lang='lat' dir='ltr'><strong>applicetur.</strong></span> <span class='ocrx_word' id='word_1_740' title='bbox 412 4659 584 4717; x_wconf 82' lang='lat' dir='ltr'><strong>Athanasius</strong></span> <span class='ocrx_word' id='word_1_741' title='bbox 604 4661 633 4717; x_wconf 93' lang='lat' dir='ltr'><strong>in</strong></span> <span class='ocrx_word' id='word_1_742' title='bbox 651 4661 740 4733; x_wconf 91' lang='lat' dir='ltr'><strong>symb.</strong></span> <span class='ocrx_word' id='word_1_743' title='bbox 761 4660 857 4718; x_wconf 85' lang='lat' dir='ltr'><strong>definit</strong></span> <span class='ocrx_word' id='word_1_744' title='bbox 875 4678 926 4733; x_wconf 90' lang='lat' dir='ltr'><strong>per</strong></span> <span class='ocrx_word' id='word_1_745' title='bbox 950 4660 1036 4718; x_wconf 86' lang='lat' dir='ltr'><strong>babet</strong></span> <span class='ocrx_word' id='word_1_746' title='bbox 1052 4661 1081 4715; x_wconf 90' lang='lat' dir='ltr'><strong>in</strong></span> <span class='ocrx_word' id='word_1_747' title='bbox 1099 4677 1130 4716; x_wconf 91' lang='lat' dir='ltr'><strong>se</strong></span> <span class='ocrx_word' id='word_1_748' title='bbox 1145 4660 1298 4732; x_wconf 76' lang='lat' dir='ltr'><strong>propriam,</strong></span> <span class='ocrx_word' id='word_1_749' title='bbox 1325 4676 1389 4716; x_wconf 89' lang='lat' dir='ltr'><strong>caro</strong></span> <span class='ocrx_word' id='word_1_750' title='bbox 1406 4676 1457 4731; x_wconf 89' lang='lat' dir='ltr'><strong>per</strong></span> <span class='ocrx_word' id='word_1_751' title='bbox 1472 4658 1603 4715; x_wconf 66' lang='lat' dir='ltr'><strong>monem</strong></span> <span class='ocrx_word' id='word_1_752' title='bbox 1621 4676 1682 4716; x_wconf 91' lang='lat' dir='ltr'><strong>eam</strong></span> <span class='ocrx_word' id='word_1_753' title='bbox 1699 4660 1785 4718; x_wconf 88' lang='lat' dir='ltr'><strong>babet</strong></span> 
     </span>
     <span class='ocr_line' id='line_1_52' title="bbox 90 4745 1783 4825; baseline 0.001 -22"><span class='ocrx_word' id='word_1_754' title='bbox 90 4747 246 4825; x_wconf 45' lang='lat' dir='ltr'><strong>apicinlpsr</strong></span> <span class='ocrx_word' id='word_1_755' title='bbox 270 4751 316 4810; x_wconf 82' lang='grc' dir='ltr'><strong>τῆς</strong></span> <span class='ocrx_word' id='word_1_756' title='bbox 341 4745 553 4820; x_wconf 72' lang='grc' dir='ltr'><strong><em>ὑνθρωπότητος</em></strong></span> <span class='ocrx_word' id='word_1_757' title='bbox 576 4752 614 4808; x_wconf 82' lang='grc' dir='ltr'><strong><em>είς</em></strong></span> <span class='ocrx_word' id='word_1_758' title='bbox 640 4747 763 4814; x_wconf 66' lang='lat' dir='ltr'><strong>teristro.</strong></span> <span class='ocrx_word' id='word_1_759' title='bbox 803 4747 925 4820; x_wconf 86' lang='lat' dir='ltr'><strong>Epipha·</strong></span> <span class='ocrx_word' id='word_1_760' title='bbox 951 4747 1181 4802; x_wconf 77' lang='lat' dir='ltr'><strong>communicatem</strong></span> <span class='ocrx_word' id='word_1_761' title='bbox 1199 4745 1367 4819; x_wconf 79' lang='lat' dir='ltr'><strong>(hypostasis</strong></span> <span class='ocrx_word' id='word_1_762' title='bbox 1390 4750 1438 4802; x_wconf 80' lang='grc' dir='ltr'><strong>τοῦ</strong></span> <span class='ocrx_word' id='word_1_763' title='bbox 1454 4745 1554 4818; x_wconf 81' lang='grc' dir='ltr'><strong><em>Λόγου</em></strong></span> <span class='ocrx_word' id='word_1_764' title='bbox 1573 4747 1718 4820; x_wconf 82' lang='lat' dir='ltr'><strong>utriusque</strong></span> <span class='ocrx_word' id='word_1_765' title='bbox 1735 4765 1783 4804; x_wconf 79' lang='lat' dir='ltr'><strong>ns-</strong></span> 
     </span>
     <span class='ocr_line' id='line_1_53' title="bbox 90 4831 1784 4909; baseline -0.001 -19"><span class='ocrx_word' id='word_1_766' title='bbox 90 4835 325 4890; x_wconf 80' lang='grc' dir='ltr'><strong><em>ιιίστσονένωσιν.</em></strong></span> <span class='ocrx_word' id='word_1_767' title='bbox 344 4833 926 4909; x_wconf 71' lang='grc' dir='ltr'><strong><em>Βσπισοσσυπσάσολστστροτπεριχιόρησιν.</em></strong></span> <span class='ocrx_word' id='word_1_768' title='bbox 950 4840 1030 4889; x_wconf 85' lang='lat' dir='ltr'><strong>turae</strong></span> <span class='ocrx_word' id='word_1_769' title='bbox 1048 4839 1089 4902; x_wconf 80' lang='lat' dir='ltr'><strong>cst</strong></span> <span class='ocrx_word' id='word_1_770' title='bbox 1113 4832 1272 4905; x_wconf 82' lang='lat' dir='ltr'><strong>hypostasis</strong></span> <span class='ocrx_word' id='word_1_771' title='bbox 1301 4833 1411 4889; x_wconf 83' lang='lat' dir='ltr'><strong>divinae</strong></span> <span class='ocrx_word' id='word_1_772' title='bbox 1438 4831 1552 4907; x_wconf 88' lang='grc' dir='ltr'><strong><em>πρώτως</em></strong></span> <span class='ocrx_word' id='word_1_773' title='bbox 1578 4838 1625 4888; x_wconf 86' lang='grc' dir='ltr'><strong><em>τιαλ</em></strong></span> <span class='ocrx_word' id='word_1_774' title='bbox 1652 4836 1784 4907; x_wconf 73' lang='grc' dir='ltr'><strong><em>φυσικός,</em></strong></span> 
     </span>
     <span class='ocr_line' id='line_1_54' title="bbox 90 4919 1785 4994; baseline 0 -19"><span class='ocrx_word' id='word_1_775' title='bbox 90 4919 278 4976; x_wconf 87' lang='lat' dir='ltr'><strong>Tertullianus</strong></span> <span class='ocrx_word' id='word_1_776' title='bbox 284 4927 313 4976; x_wconf 88' lang='lat' dir='ltr'><strong>ct</strong></span> <span class='ocrx_word' id='word_1_777' title='bbox 318 4919 481 4975; x_wconf 85' lang='lat' dir='ltr'><strong>Ambrosius</strong></span> <span class='ocrx_word' id='word_1_778' title='bbox 486 4928 586 4975; x_wconf 85' lang='lat' dir='ltr'><strong>vocant</strong></span> <span class='ocrx_word' id='word_1_779' title='bbox 592 4921 822 4986; x_wconf 83' lang='lat' dir='ltr'><strong>incarnationem,</strong></span> <span class='ocrx_word' id='word_1_780' title='bbox 830 4938 926 4991; x_wconf 80' lang='lat' dir='ltr'><strong>eorpo-</strong></span> <span class='ocrx_word' id='word_1_781' title='bbox 952 4920 1090 4975; x_wconf 86' lang='lat' dir='ltr'><strong>humanae</strong></span> <span class='ocrx_word' id='word_1_782' title='bbox 1102 4921 1236 4991; x_wconf 75' lang='grc' dir='ltr'><strong><em>δευτέρως</em></strong></span> <span class='ocrx_word' id='word_1_783' title='bbox 1249 4924 1295 4974; x_wconf 72' lang='grc' dir='ltr'><strong><em>καὶ</em></strong></span> <span class='ocrx_word' id='word_1_784' title='bbox 1310 4920 1516 4989; x_wconf 79' lang='grc' dir='ltr'><strong><em>ὑποστατικώς.)</em></strong></span> <span class='ocrx_word' id='word_1_785' title='bbox 1542 4919 1640 4992; x_wconf 83' lang='lat' dir='ltr'><strong>Neque</strong></span> <span class='ocrx_word' id='word_1_786' title='bbox 1651 4921 1724 4976; x_wconf 88' lang='lat' dir='ltr'><strong>enirn</strong></span> <span class='ocrx_word' id='word_1_787' title='bbox 1735 4939 1785 4994; x_wconf 89' lang='lat' dir='ltr'><strong>per</strong></span> 
     </span>
     <span class='ocr_line' id='line_1_55' title="bbox 90 5005 1785 5080; baseline 0.001 -19"><span class='ocrx_word' id='word_1_788' title='bbox 90 5007 236 5071; x_wconf 74' lang='lat' dir='ltr'><strong>rationare,</strong></span> <span class='ocrx_word' id='word_1_789' title='bbox 256 5006 505 5071; x_wconf 73' lang='lat' dir='ltr'><strong>conflictationem,</strong></span> <span class='ocrx_word' id='word_1_790' title='bbox 524 5007 736 5075; x_wconf 69' lang='lat' dir='ltr'><strong>copulationes.</strong></span> <span class='ocrx_word' id='word_1_791' title='bbox 770 5006 926 5078; x_wconf 80' lang='lat' dir='ltr'><strong>Cyprianus</strong></span> <span class='ocrx_word' id='word_1_792' title='bbox 952 5012 1079 5060; x_wconf 87' lang='lat' dir='ltr'><strong>naturam</strong></span> <span class='ocrx_word' id='word_1_793' title='bbox 1098 5011 1126 5062; x_wconf 88' lang='lat' dir='ltr'><strong>et</strong></span> <span class='ocrx_word' id='word_1_794' title='bbox 1155 5005 1302 5063; x_wconf 66' lang='lat' dir='ltr'><strong>wantiam</strong></span> <span class='ocrx_word' id='word_1_795' title='bbox 1319 5006 1378 5062; x_wconf 85' lang='lat' dir='ltr'><strong>sive</strong></span> <span class='ocrx_word' id='word_1_796' title='bbox 1395 5005 1576 5062; x_wconf 82' lang='lat' dir='ltr'><strong>essentialiter</strong></span> <span class='ocrx_word' id='word_1_797' title='bbox 1593 5023 1627 5063; x_wconf 86' lang='lat' dir='ltr'><strong>ex</strong></span> <span class='ocrx_word' id='word_1_798' title='bbox 1643 5007 1785 5080; x_wconf 83' lang='lat' dir='ltr'><strong>principiis</strong></span> 
     </span>
     <span class='ocr_line' id='line_1_56' title="bbox 90 5091 1786 5167; baseline -0.001 -19"><span class='ocrx_word' id='word_1_799' title='bbox 90 5111 170 5150; x_wconf 87' lang='lat' dir='ltr'><strong>serm.</strong></span> <span class='ocrx_word' id='word_1_800' title='bbox 187 5092 221 5147; x_wconf 90' lang='lat' dir='ltr'><strong>de</strong></span> <span class='ocrx_word' id='word_1_801' title='bbox 233 5092 315 5162; x_wconf 89' lang='lat' dir='ltr'><strong>Bapt.</strong></span> <span class='ocrx_word' id='word_1_802' title='bbox 330 5091 436 5146; x_wconf 69' lang='lat' dir='ltr'><strong>elisisti·</strong></span> <span class='ocrx_word' id='word_1_803' title='bbox 448 5091 591 5155; x_wconf 83' lang='lat' dir='ltr'><strong>unitatem,</strong></span> <span class='ocrx_word' id='word_1_804' title='bbox 604 5093 738 5163; x_wconf 81' lang='lat' dir='ltr'><strong>illapsam</strong></span> <span class='ocrx_word' id='word_1_805' title='bbox 752 5094 886 5149; x_wconf 72' lang='lat' dir='ltr'><strong>annonis</strong></span> <span class='ocrx_word' id='word_1_806' title='bbox 898 5094 927 5146; x_wconf 83' lang='lat' dir='ltr'><strong>in</strong></span> <span class='ocrx_word' id='word_1_807' title='bbox 953 5097 1068 5147; x_wconf 88' lang='lat' dir='ltr'><strong>naturae</strong></span> <span class='ocrx_word' id='word_1_808' title='bbox 1086 5097 1114 5148; x_wconf 90' lang='lat' dir='ltr'><strong>et</strong></span> <span class='ocrx_word' id='word_1_809' title='bbox 1131 5091 1267 5148; x_wconf 85' lang='lat' dir='ltr'><strong>essentiae</strong></span> <span class='ocrx_word' id='word_1_810' title='bbox 1286 5091 1472 5147; x_wconf 82' lang='lat' dir='ltr'><strong>constitutivis</strong></span> <span class='ocrx_word' id='word_1_811' title='bbox 1489 5091 1565 5148; x_wconf 84' lang='lat' dir='ltr'><strong>carni</strong></span> <span class='ocrx_word' id='word_1_812' title='bbox 1583 5093 1716 5167; x_wconf 89' lang='lat' dir='ltr'><strong>competit</strong></span> <span class='ocrx_word' id='word_1_813' title='bbox 1727 5093 1786 5150; x_wconf 74' lang='grc' dir='ltr'><strong>Λῖ-</strong></span> 
     </span>
     <span class='ocr_line' id='line_1_57' title="bbox 90 5176 1786 5251; baseline 0.002 -19"><span class='ocrx_word' id='word_1_814' title='bbox 90 5179 235 5246; x_wconf 75' lang='grc' dir='ltr'><strong><em>αόπρόπστπ,</em></strong></span> <span class='ocrx_word' id='word_1_815' title='bbox 247 5186 407 5232; x_wconf 82' lang='lat' dir='ltr'><strong>conventum</strong></span> <span class='ocrx_word' id='word_1_816' title='bbox 417 5177 603 5246; x_wconf 77' lang='lat' dir='ltr'><strong>sempiternae</strong></span> <span class='ocrx_word' id='word_1_817' title='bbox 617 5179 775 5233; x_wconf 85' lang='lat' dir='ltr'><strong>divinitatis</strong></span> <span class='ocrx_word' id='word_1_818' title='bbox 787 5187 814 5232; x_wconf 87' lang='lat' dir='ltr'><strong>st</strong></span> <span class='ocrx_word' id='word_1_819' title='bbox 825 5187 927 5248; x_wconf 78' lang='lat' dir='ltr'><strong>tempo·</strong></span> <span class='ocrx_word' id='word_1_820' title='bbox 952 5198 1005 5249; x_wconf 94' lang='grc' dir='ltr'><strong><em>γου</em></strong></span> <span class='ocrx_word' id='word_1_821' title='bbox 1028 5177 1193 5249; x_wconf 89' lang='grc' dir='ltr'><strong><em>ὑπόστασις,</em></strong></span> <span class='ocrx_word' id='word_1_822' title='bbox 1215 5176 1410 5251; x_wconf 87' lang='lat' dir='ltr'><strong>requirebatur</strong></span> <span class='ocrx_word' id='word_1_823' title='bbox 1428 5178 1527 5251; x_wconf 78' lang='lat' dir='ltr'><strong>igitur,</strong></span> <span class='ocrx_word' id='word_1_824' title='bbox 1552 5184 1585 5233; x_wconf 87' lang='lat' dir='ltr'><strong>ut</strong></span> <span class='ocrx_word' id='word_1_825' title='bbox 1602 5178 1691 5236; x_wconf 89' lang='lat' dir='ltr'><strong>eidem</strong></span> <span class='ocrx_word' id='word_1_826' title='bbox 1713 5197 1786 5236; x_wconf 89' lang='lat' dir='ltr'><strong>com·</strong></span> 
     </span>
     <span class='ocr_line' id='line_1_58' title="bbox 91 5261 1788 5338; baseline 0.004 -20"><span class='ocrx_word' id='word_1_827' title='bbox 91 5264 363 5318; x_wconf 82' lang='lat' dir='ltr'><strong>rclistamcnitctis.</strong></span> <span class='ocrx_word' id='word_1_828' title='bbox 385 5261 520 5334; x_wconf 78' lang='lat' dir='ltr'><strong>Origenes</strong></span> <span class='ocrx_word' id='word_1_829' title='bbox 531 5265 811 5327; x_wconf 59' lang='lat' dir='ltr'><strong>confoederatum.</strong></span> <span class='ocrx_word' id='word_1_830' title='bbox 830 5264 927 5338; x_wconf 77' lang='lat' dir='ltr'><strong>Augu·</strong></span> <span class='ocrx_word' id='word_1_831' title='bbox 953 5264 1147 5320; x_wconf 85' lang='lat' dir='ltr'><strong>manicaretur.</strong></span> <span class='ocrx_word' id='word_1_832' title='bbox 1177 5264 1224 5323; x_wconf 83' lang='lat' dir='ltr'><strong>sic</strong></span> <span class='ocrx_word' id='word_1_833' title='bbox 1242 5265 1315 5321; x_wconf 91' lang='lat' dir='ltr'><strong>enim</strong></span> <span class='ocrx_word' id='word_1_834' title='bbox 1334 5265 1522 5336; x_wconf 84' lang='lat' dir='ltr'><strong>procedimus:</strong></span> <span class='ocrx_word' id='word_1_835' title='bbox 1542 5263 1613 5321; x_wconf 78' lang='lat' dir='ltr'><strong>Caro</strong></span> <span class='ocrx_word' id='word_1_836' title='bbox 1623 5265 1726 5323; x_wconf 80' lang='lat' dir='ltr'><strong>Christi</strong></span> <span class='ocrx_word' id='word_1_837' title='bbox 1738 5275 1788 5325; x_wconf 88' lang='lat' dir='ltr'><strong>aut</strong></span> 
     </span>
     <span class='ocr_line' id='line_1_59' title="bbox 92 5349 1784 5423; baseline 0.002 -16"><span class='ocrx_word' id='word_1_838' title='bbox 92 5350 181 5407; x_wconf 83' lang='lat' dir='ltr'><strong>stinus</strong></span> <span class='ocrx_word' id='word_1_839' title='bbox 193 5351 394 5421; x_wconf 80' lang='lat' dir='ltr'><strong>susecptionem</strong></span> <span class='ocrx_word' id='word_1_840' title='bbox 406 5349 644 5416; x_wconf 70' lang='lat' dir='ltr'><strong>servilissornrcs.</strong></span> <span class='ocrx_word' id='word_1_841' title='bbox 664 5350 699 5405; x_wconf 91' lang='lat' dir='ltr'><strong>It.</strong></span> <span class='ocrx_word' id='word_1_842' title='bbox 711 5352 858 5405; x_wconf 81' lang='lat' dir='ltr'><strong>transitum</strong></span> <span class='ocrx_word' id='word_1_843' title='bbox 871 5352 930 5406; x_wconf 84' lang='lat' dir='ltr'><strong>Dei</strong></span> <span class='ocrx_word' id='word_1_844' title='bbox 954 5356 996 5408; x_wconf 90' lang='lat' dir='ltr'><strong>est</strong></span> <span class='ocrx_word' id='word_1_845' title='bbox 1014 5368 1126 5422; x_wconf 86' lang='lat' dir='ltr'><strong>prorsus</strong></span> <span class='ocrx_word' id='word_1_846' title='bbox 1152 5349 1343 5412; x_wconf 79' lang='grc' dir='ltr'><strong><em>ἀνυπόστατος</em></strong></span> <span class='ocrx_word' id='word_1_847' title='bbox 1366 5358 1416 5407; x_wconf 89' lang='lat' dir='ltr'><strong>aut</strong></span> <span class='ocrx_word' id='word_1_848' title='bbox 1433 5351 1533 5423; x_wconf 89' lang='grc' dir='ltr'><strong><em>Λόγου</em></strong></span> <span class='ocrx_word' id='word_1_849' title='bbox 1551 5351 1699 5410; x_wconf 77' lang='grc' dir='ltr'><strong><em>ὑποστάσει</em></strong></span> <span class='ocrx_word' id='word_1_850' title='bbox 1720 5354 1784 5411; x_wconf 84' lang='lat' dir='ltr'><strong>sub-</strong></span> 
     </span>
     <span class='ocr_line' id='line_1_60' title="bbox 91 5435 1785 5510; baseline 0.004 -20"><span class='ocrx_word' id='word_1_851' title='bbox 91 5439 122 5490; x_wconf 88' lang='lat' dir='ltr'><strong>in</strong></span> <span class='ocrx_word' id='word_1_852' title='bbox 134 5438 272 5491; x_wconf 83' lang='lat' dir='ltr'><strong>tominsm</strong></span> <span class='ocrx_word' id='word_1_853' title='bbox 284 5446 309 5492; x_wconf 87' lang='lat' dir='ltr'><strong>st</strong></span> <span class='ocrx_word' id='word_1_854' title='bbox 323 5439 441 5492; x_wconf 78' lang='lat' dir='ltr'><strong>bominis</strong></span> <span class='ocrx_word' id='word_1_855' title='bbox 453 5437 594 5491; x_wconf 82' lang='lat' dir='ltr'><strong>r&#39;nDsrsm.</strong></span> <span class='ocrx_word' id='word_1_856' title='bbox 615 5435 704 5492; x_wconf 88' lang='lat' dir='ltr'><strong>Hilar.</strong></span> <span class='ocrx_word' id='word_1_857' title='bbox 716 5436 764 5491; x_wconf 94' lang='lat' dir='ltr'><strong>lib.</strong></span> <span class='ocrx_word' id='word_1_858' title='bbox 780 5443 803 5493; x_wconf 89' lang='grc'><strong>2.</strong></span> <span class='ocrx_word' id='word_1_859' title='bbox 816 5437 852 5492; x_wconf 91' lang='lat' dir='ltr'><strong>de</strong></span> <span class='ocrx_word' id='word_1_860' title='bbox 864 5439 927 5494; x_wconf 89' lang='lat' dir='ltr'><strong>trin.</strong></span> <span class='ocrx_word' id='word_1_861' title='bbox 954 5437 1040 5506; x_wconf 88' lang='lat' dir='ltr'><strong>sistit,</strong></span> <span class='ocrx_word' id='word_1_862' title='bbox 1061 5437 1202 5510; x_wconf 87' lang='lat' dir='ltr'><strong>propriam</strong></span> <span class='ocrx_word' id='word_1_863' title='bbox 1218 5437 1290 5492; x_wconf 88' lang='lat' dir='ltr'><strong>enim</strong></span> <span class='ocrx_word' id='word_1_864' title='bbox 1307 5437 1513 5494; x_wconf 84' lang='lat' dir='ltr'><strong>subsistentiam</strong></span> <span class='ocrx_word' id='word_1_865' title='bbox 1531 5454 1586 5494; x_wconf 90' lang='lat' dir='ltr'><strong>non</strong></span> <span class='ocrx_word' id='word_1_866' title='bbox 1605 5438 1698 5496; x_wconf 87' lang='lat' dir='ltr'><strong>habet.</strong></span> <span class='ocrx_word' id='word_1_867' title='bbox 1734 5441 1785 5496; x_wconf 89' lang='lat' dir='ltr'><strong>At-</strong></span> 
     </span>
     <span class='ocr_line' id='line_1_61' title="bbox 90 5522 1785 5600; baseline 0.002 -21"><span class='ocrx_word' id='word_1_868' title='bbox 90 5525 253 5581; x_wconf 77' lang='grc' dir='ltr'><strong><em>ιοολοίαισιπ</em></strong></span> <span class='ocrx_word' id='word_1_869' title='bbox 265 5525 452 5581; x_wconf 61' lang='lat' dir='ltr'><strong>adernionis.</strong></span> <span class='ocrx_word' id='word_1_870' title='bbox 475 5522 589 5581; x_wconf 84' lang='lat' dir='ltr'><strong>Hieron</strong></span> <span class='ocrx_word' id='word_1_871' title='bbox 607 5523 637 5578; x_wconf 91' lang='lat' dir='ltr'><strong>in</strong></span> <span class='ocrx_word' id='word_1_872' title='bbox 649 5541 672 5580; x_wconf 90' lang='lat' dir='ltr'><strong>c.</strong></span> <span class='ocrx_word' id='word_1_873' title='bbox 687 5530 728 5584; x_wconf 82' lang='lat' dir='ltr'><strong>tl.</strong></span> <span class='ocrx_word' id='word_1_874' title='bbox 745 5525 809 5581; x_wconf 74' lang='lat' dir='ltr'><strong>Era</strong></span> <span class='ocrx_word' id='word_1_875' title='bbox 828 5523 924 5600; x_wconf 80' lang='lat' dir='ltr'><strong>Cyrill</strong></span> <span class='ocrx_word' id='word_1_876' title='bbox 956 5523 1004 5599; x_wconf 88' lang='lat' dir='ltr'><strong>qui</strong></span> <span class='ocrx_word' id='word_1_877' title='bbox 1021 5523 1123 5581; x_wconf 81' lang='lat' dir='ltr'><strong>falsum</strong></span> <span class='ocrx_word' id='word_1_878' title='bbox 1134 5530 1177 5580; x_wconf 91' lang='lat' dir='ltr'><strong>est</strong></span> <span class='ocrx_word' id='word_1_879' title='bbox 1194 5540 1256 5582; x_wconf 89' lang='lat' dir='ltr'><strong>eam</strong></span> <span class='ocrx_word' id='word_1_880' title='bbox 1273 5539 1334 5581; x_wconf 84' lang='lat' dir='ltr'><strong>osse</strong></span> <span class='ocrx_word' id='word_1_881' title='bbox 1349 5540 1462 5597; x_wconf 89' lang='lat' dir='ltr'><strong>prorsus</strong></span> <span class='ocrx_word' id='word_1_882' title='bbox 1480 5522 1680 5583; x_wconf 67' lang='grc' dir='ltr'><strong><em>ἀνυπόστατον.</em></strong></span> <span class='ocrx_word' id='word_1_883' title='bbox 1710 5525 1785 5600; x_wconf 72' lang='lat' dir='ltr'><strong>Ergo</strong></span> 
     </span>
    </p>
   </div>
   <div class='ocr_carea' id='block_1_5' title="bbox 0 0 1996 6020">
    <p class='ocr_par' dir='ltr' id='par_1_5' title="bbox 0 0 1996 6020">
     <span class='ocr_line' id='line_1_62' title="bbox 0 0 1996 6020; baseline 0 0"><span class='ocrx_word' id='word_1_884' title='bbox 0 0 1996 6020; x_wconf 95' lang='lat' dir='ltr'><strong> </strong></span> 
     </span>
    </p>
   </div>
  </div>
 </body>
</html>
