3984 6022
625 256 677 313 DE
695 257 872 318 PERSONA
888 257 940 315 ET
958 257 1111 319 OFFIOIO
1128 260 1288 321 CHRISTI.
1744 280 1804 339 597

101 408 193 467 ficuu
214 408 262 464 ded
281 409 334 477 ¹nid
359 427 386 464 v.
412 417 435 466 9.
474 410 539 467 lam
563 429 628 468 sero
647 412 771 468 Christus
795 415 946 470 secundum
974 416 1137 472 humiliatus
1156 418 1247 473 otiosa
1265 420 1366 473 virtute
1383 420 1525 490 insinuari
1540 423 1688 481 uiderdur.
1720 425 1805 484 Ibit:

100 496 256 553 hammam
283 502 411 552 naturam
439 503 482 552 est
506 498 658 570 exulatus,
680 507 713 556 ut
737 518 770 557 ex
788 501 946 558 definitione
972 505 1009 557 In
1027 505 1124 569 foruna
1145 506 1228 559 DEI
1243 514 1317 573 erat,
1346 506 1431 576 quia,
1460 525 1521 561 cum
1549 509 1630 565 homo
1657 512 1807 581 maur,

102 581 279 640 mansonis
296 581 370 638 infre
386 585 508 656 patebit3
527 589 553 640 3.
572 603 605 641 ea
622 588 867 644 diuinaenaturae
881 608 944 645 con·
972 608 1059 661 opera
1085 593 1145 646 Dei
1162 593 1307 660 sadatur,
1335 601 1365 647 ut
1389 595 1420 646 in
1442 596 1525 648 rebus
1548 597 1632 664 pestis
1657 610 1808 670 appareret

101 670 222 727 ἀπίου
256 668 365 726 Natura
383 669 478 726 divina
495 679 537 728 est
551 670 744 745 spaosines,
763 675 943 732 immutabilis
970 679 1051 731 Deus
1061 695 1127 749 esse,
1147 680 1198 749 qui
1215 680 1296 733 homo
1315 680 1464 734 uidebatur
1481 680 1667 753 (communis),
1683 688 1806 742 retinens

101 763 132 815 et
152 753 338 825 invariabilis,
371 758 454 827 juxta
477 775 537 815 eam
562 777 625 815 cum
647 761 732 816 Patre
749 766 778 816 et
796 760 902 833 Spiritu
921 781 942 817 s.
970 771 1061 818 autem
1078 765 1206 820 uirtutem
1224 783 1312 833 mam,
1332 783 1366 820 ns
1384 776 1536 837 appareret
1555 769 1586 822 in
1604 785 1651 834 eo,
1676 779 1708 825 ut
1724 774 1806 828 hanso

101 860 214 917 semper
237 847 368 916 operatur
391 843 455 901 leh.
477 851 507 910 5,
531 864 555 899 s.
584 853 623 902 is.
677 846 753 919 Ergo
771 850 855 917 juxta
882 865 942 904 eam
969 850 1046 904 meus
1066 859 1113 907 est.
1141 851 1317 924 Augustinus
1338 852 1373 908 de
1391 851 1706 913 adsuescamus:
1726 858 1806 913 Cleri-

100 950 158 989 non
176 937 270 1004 potest
289 934 406 992 κένωσις
423 931 561 1004 quaedam
578 931 688 989 Christe
709 932 801 988 tribui.
968 944 1026 990 stus
1048 956 1104 992 non
1123 939 1218 992 amisit
1232 939 1440 1007 plenitudinem
1457 941 1539 994 allam
1557 942 1588 993 in
1606 943 1805 1014 exinanitione,

137 1024 196 1076 303.
230 1015 373 1074 Posterius
391 1023 449 1072 est:
485 1018 665 1084 Erinanitio,
689 1036 773 1089 quam
796 1021 941 1090 apostolus
968 1023 1079 1091 alioqui
1095 1024 1172 1091 quod
1188 1025 1223 1076 de
1243 1041 1278 1077 ea
1295 1025 1375 1078 nobis
1394 1027 1483 1092 daret,
1503 1026 1600 1097 stipite
1615 1044 1671 1081 non
1683 1028 1803 1084 saeua.

101 1105 215 1161 Christo
236 1105 390 1159 secundum
414 1105 564 1159 humanam
591 1112 723 1159 naturam
748 1106 860 1176 tribuit,
885 1126 940 1162 non
967 1108 1047 1163 Beda
1068 1109 1097 1162 in
1120 1125 1143 1163 c.
1168 1115 1191 1164 2.
1216 1109 1318 1181 Philip.
1346 1126 1379 1164 ex
1397 1110 1569 1183 Augustino:
1596 1112 1689 1168 Semel
1712 1114 1805 1183 ipsum

100 1198 141 1247 esi
164 1191 327 1247 omnimoda
349 1193 477 1245 carentia
502 1191 547 1244 cel
569 1191 696 1246 alaudia
715 1192 828 1246 diuinae
841 1200 939 1263 peten-
967 1195 1119 1249 cainanieit
1146 1213 1202 1248 non
1226 1199 1353 1261 somnam
1371 1196 1432 1250 Dei
1446 1197 1588 1267 omittam,
1613 1201 1666 1253 sed
1681 1200 1804 1262 formiam

98 1279 157 1332 tiae
197 1294 247 1331 nec
277 1277 406 1331 meleta
429 1278 570 1348 privatio,
607 1279 729 1348 colmie,
758 1280 938 1350 despoliatio,
966 1281 1040 1333 sani
1062 1282 1226 1351 susdpicns.
1260 1282 1453 1337 'theoderetus
1478 1282 1552 1339 Diui.
1576 1289 1599 1339 3.
1625 1302 1659 1341 ex
1683 1285 1802 1359 Chryse·
1889 1298 1894 1305 '

99 1364 203 1429 sautia,
221 1363 350 1433 abjectio,
370 1365 517 1434 depositio,
535 1364 659 1433 remotio,
672 1365 807 1434 defectus,
822 1368 938 1420 auilites
966 1373 1068 1422 atomo:
1098 1368 1265 1437 Aliquando
1291 1370 1363 1423 enim
1388 1371 1523 1424 diuinitas
1545 1371 1630 1425 Verbi
1650 1382 1803 1429 assumtam

48 1516 49 1523 ἵ
98 1467 134 1505 ac
161 1449 290 1505 suanus
301 1449 505 1520 plenitudinis,
530 1451 645 1504 dedatis
665 1467 700 1504 ac
718 1454 937 1507 communicatae
966 1461 1097 1506 naturam
1134 1455 1284 1508 humanam
1326 1453 1431 1529 turipum
1469 1459 1516 1509 aut
1551 1455 1663 1531 γυμνὴν
1701 1457 1802 1531 ἀφίησι

98 1535 185 1591 carni
206 1536 377 1605 majestatis,
401 1538 453 1590 sed
477 1538 608 1599 retractio
628 1554 695 1590 umis
715 1545 741 1590 et
760 1539 937 1607 intermissio,
964 1541 1011 1607 τῆς
1038 1543 1140 1601 otarius
1167 1541 1317 1614 ἐνεργείας,
1349 1545 1456 1596 nudam
1482 1550 1509 1597 et
1536 1544 1618 1613 quasi
1643 1546 1802 1602 destitissem

99 1640 160 1694 qua
182 1621 310 1678 Christus
336 1622 416 1677 terno
439 1623 469 1675 in
490 1625 588 1687 forma
611 1623 710 1677 suerii
732 1624 937 1678 constituissent
965 1627 1128 1695 operatione
1164 1627 1260 1679 cls'oina
1294 1627 1411 1698 reliquit
1441 1635 1563 1699 ternpore
1589 1631 1800 1700 exinanitionis,

98 1708 265 1777 infirmitate
295 1715 380 1762 umus
399 1709 536 1791 'dianam
559 1710 730 1779 potentiam,
759 1711 883 1779 pieriam
912 1721 936 1765 et
964 1720 994 1766 ut
1015 1713 1169 1766 ostensione
1188 1712 1360 1777 infirmitatis
1379 1715 1472 1784 ipsam
1491 1723 1622 1769 naturam
1644 1717 1801 1772 humanita-

98 1797 275 1867 majeslatem
296 1810 360 1848 uere
380 1803 406 1848 et
424 1795 541 1849 realiter
559 1796 616 1849 sibi
631 1798 862 1850 communicatam
881 1816 937 1851 non
965 1799 1002 1853 tis
1021 1801 1222 1867 comprobaret,
1241 1799 1397 1868 aliquando
1417 1817 1483 1854 uera
1501 1802 1692 1868 infirmitatem
1712 1812 1801 1857 osten-

97 1897 211 1951 ssmper
227 1881 603 1948 manuducerentur
621 1882 744 1947 retinuit,
764 1885 853 1937 donec
872 1892 936 1938 tem·
964 1885 1043 1937 sione
1056 1885 1211 1938 divinitatis
1228 1887 1385 1953 ocmsltanit,
1405 1887 1602 1956 qnoniamnon
1615 1891 1707 1942 nudis
1720 1890 1801 1943 honio
1884 1876 1889 1881 ’

93 1986 154 2040 pus
182 1967 362 2023 exaltationis
388 1975 555 2036 reprimetur.
596 1966 751 2022 Probamus
776 1968 829 2024 hec
857 1976 877 2025 l.
903 1988 935 2024 eu
964 1978 1034 2026 erat.
1069 1971 1127 2026 Leo
1146 1971 1266 2042 Magnus
1290 1971 1387 2025 definit
1411 1971 1638 2043 exinanitionem,
1662 1977 1741 2044 prod
1764 1976 1802 2029 sit

98 2054 214 2109 unionis
230 2054 402 2125 definitione.
440 2053 592 2125 Apostolus
606 2054 710 2111 coloss.
730 2060 754 2122 2,
773 2073 800 2110 u.
819 2061 842 2111 9.
859 2057 936 2111 unio·
956 2057 1197 2123 jormaesersulis
1212 2058 1374 2111 obrrmbrata
1388 2059 1672 2127 sir-'einaemap‘cstatis
1688 2061 1800 2114 immen-
1862 2084 1866 2092 ··

97 2157 165 2197 nem
190 2138 288 2196 definit
310 2156 366 2210 per
389 2140 617 2195 inhabitationem
641 2142 727 2194 totius
751 2143 937 2210 plenitudinis
962 2144 1046 2196 atate
1064 2144 1210 2213 maceratio.
1247 2142 1378 2215 Fulgent.
1395 2141 1457 2197 libr.
1478 2144 1513 2199 de
1530 2144 1664 2201 incarnat.
1683 2153 1712 2200 et
1728 2152 1799 2218 grat.

98 2225 216 2282 &stads
242 2226 273 2280 in
300 2233 422 2280 assumto
449 2242 566 2295 carpsere
591 2228 648 2279 siue
674 2228 795 2281 humana
824 2236 935 2282 natura.
963 2245 986 2284 c.
1004 2234 1032 2284 2:
1050 2229 1217 2283 Ecinanitie
1235 2230 1374 2297 unipeniti
1390 2229 1452 2282 Dei
1470 2231 1596 2300 acceptio
1614 2233 1672 2295 ficit
1688 2234 1801 2298 formae

98 2313 142 2371 Ut
166 2329 233 2385 erge
258 2312 288 2367 in
310 2316 385 2368 statu
407 2311 601 2368 exinanitionis
617 2331 672 2367 neu
691 2314 774 2368 desiit
792 2314 871 2383 unio,
896 2313 936 2368 ita
962 2316 1080 2385 seruilis,
1097 2332 1153 2368 non
1171 2309 1286 2368 amasio
1303 2316 1347 2366 sel
1363 2316 1511 2370 diminutio
1529 2317 1654 2371 deitatis.
1681 2318 1800 2385 Quidam

98 2415 212 2474 quoque
237 2415 295 2455 nen
318 2397 400 2454 desiit
426 2397 476 2453 illa
497 2399 678 2469 plenitudinis
705 2400 816 2454 deitatis
842 2400 870 2454 in
893 2417 935 2455 as·
963 2400 1105 2457 declarant
1129 2400 1183 2456 hoc
1209 2407 1278 2471 typo
1299 2401 1423 2454 Doridis
1452 2401 1527 2469 repis
1556 2401 1584 2455 iu
1610 2403 1737 2457 exsilium
1764 2406 1800 2460 ab

97 2492 192 2541 sumta
209 2500 292 2541 earne
309 2483 459 2553 habitatio,
478 2488 506 2539 2.
525 2502 558 2538 ee
570 2486 728 2555 apostolica
744 2487 935 2556 explicatione.
962 2486 1104 2543 Absoleue
1122 2487 1212 2559 pulsi,
1239 2491 1307 2560 que‘
1319 2494 1443 2558 tempere
1464 2487 1643 2543 nihilominus
1670 2507 1718 2544 rex
1744 2489 1799 2546 fuit

96 2571 251 2644 Apostolus
275 2573 392 2626 κένωσιν
415 2570 492 2626 illam
516 2571 647 2627 describit
671 2588 721 2644 per
738 2572 934 2627 assumtionem
963 2580 987 2632 t.
1006 2573 1079 2630 Sam.
1100 2580 1139 2630 15.
1152 2591 1190 2642 ac
1208 2573 1284 2630 dicto
1302 2572 1454 2646 apostolice
1473 2572 1537 2629 Gal.
1556 2581 1579 2640 4,
1596 2592 1621 2629 ν.
1643 2581 1664 2630 1.
1698 2574 1800 2631 Confer

97 2658 207 2718 servilis
223 2656 343 2721 termae,
359 2656 581 2713 humiliationem
598 2663 626 2712 ct
642 2657 830 2715 obedientiam
846 2677 934 2731 usque
962 2660 1044 2731 Apol.
1064 2661 1155 2714 Ferm.
1176 2657 1309 2715 Ceueerd.
1321 2678 1351 2716 c.
1369 2666 1393 2717 4.

96 2747 134 2803 ad
156 2751 273 2803 mertem
296 2745 393 2799 crucis.
430 2744 519 2816 Atqui
540 2744 610 2799 haec
634 2763 690 2800 non
709 2745 832 2801 inierunt
849 2747 935 2801 emni-
997 2753 1055 2802 ³04.
1093 2745 1191 2802 Tbesis
1211 2751 1244 2801 2:
1275 2749 1325 2800 Aa
1346 2753 1448 2799 statum
1468 2746 1665 2800 euinanitionss
1680 2747 1801 2815 pertinet

96 2832 210 2889 medam
235 2831 451 2887 communicatae
473 2831 627 2902 majestatis
652 2831 764 2887 divinae
781 2832 934 2889 absentiam
961 2833 1105 2902 conceptio
1123 2833 1154 2886 in
1172 2839 1260 2902 utero,
1275 2832 1418 2900 nativitas,
1437 2833 1633 2886 incrementum
1651 2832 1754 2886 aetatis
1772 2840 1799 2887 et

96 2927 126 2976 et
163 2918 360 2990 abjectionem
396 2924 423 2973 3.
456 2935 488 2973 ea
523 2919 724 2972 miraculorum
762 2922 932 2991 operatione.
960 2922 1134 2990 sapiendae,
1163 2920 1321 2973 obedientia
1346 2919 1376 2971 in
1400 2919 1496 2983 fornia
1521 2918 1622 2973 seruili
1645 2934 1732 2987 usqne
1759 2921 1801 2972 ad

97 3007 226 3064 Christus
249 3005 278 3060 in
301 3005 392 3060 medio
418 3004 612 3060 exinanitionis
635 3011 710 3060 statu
733 3006 828 3062 divina
851 3008 932 3062 mira·
960 3015 1076 3060 mortem
1099 3007 1205 3070 mirem,
1229 3023 1313 3075 qssam
1335 3013 1430 3058 securta
1454 3012 1495 3057 est
1514 3005 1668 3072 sepultura.
1704 3003 1799 3059 Status

96 3093 162 3149 cula
184 3093 213 3147 in
237 3107 320 3146 carne
344 3097 372 3146 et
395 3109 446 3163 per
468 3107 580 3147 caruem
598 3097 727 3162 operatus
746 3097 800 3163 est,
823 3094 852 3147 in
873 3094 932 3165 qui·
959 3092 1153 3148 exinanitionis
1171 3092 1270 3163 incipit
1285 3091 1314 3146 in
1331 3090 1419 3163 primo
1442 3089 1640 3145 incarnationis
1658 3095 1798 3144 momento

95 3180 150 3235 hus
187 3178 379 3247 mans'j'estauit
411 3178 534 3247 pieriam
563 3196 643 3231 suam
673 3177 735 3233 Joh.
766 3185 793 3248 l,
827 3198 852 3232 v.
885 3186 931 3248 tt,
960 3184 988 3231 et
1007 3179 1089 3233 durat
1106 3195 1195 3250 usque
1215 3178 1251 3232 ad
1269 3184 1378 3248 tempus
1392 3176 1550 3248 sepulturae
1562 3174 1703 3239 inclusive,
1721 3177 1797 3247 qued

95 3264 308 3338 transfiguratus
333 3271 375 3320 est
400 3281 491 3319 ceram
510 3263 654 3335 discipulis
672 3264 770 3319 Matth.
794 3270 838 3332 tl,
856 3284 881 3318 v.
901 3271 931 3334 ³3
959 3272 1046 3320 totum
1067 3265 1140 3320 vitae
1160 3263 1262 3318 Christi
1281 3265 1309 3318 in
1327 3263 1370 3318 his
1391 3264 1471 3318 terris
1495 3261 1662 3317 curriculum
1687 3269 1797 3333 apesto-

95 3352 218 3409 instituit
233 3366 341 3406 sacram
362 3350 562 3421 eucharistiam,
580 3352 608 3405 in
627 3368 683 3422 qua
698 3351 838 3407 mediante
850 3352 931 3407 bene·
958 3352 1001 3405 lus
1025 3349 1111 3405 Hebr.
1136 3356 1169 3419 5,
1192 3368 1217 3402 v.
1238 3356 1262 3405 l.
1287 3355 1369 3404 vocat
1392 3350 1454 3402 dies
1483 3349 1594 3416 carnis,
1621 3347 1722 3419 quibus
1747 3366 1797 3419 per

95 3440 172 3494 dieta
190 3454 263 3509 pane
283 3453 363 3492 suum
381 3454 482 3508 cerpus
501 3443 529 3491 et
547 3437 686 3492 mediante
704 3437 852 3492 benedicto
866 3438 931 3492 vino
959 3437 1153 3492 Hebraismum
1171 3436 1345 3508 significatur
1364 3435 1433 3489 illud
1450 3440 1576 3505 tempus,
1594 3452 1649 3507 quo
1668 3433 1794 3489 Christus

94 3542 177 3580 suum
195 3523 360 3595 sangninem
378 3521 521 3593 discipulis
539 3522 681 3578 distribuit
700 3528 766 3591 etc,
785 3524 831 3594 qui
853 3523 930 3578 fuere
959 3525 1030 3579 inter
1041 3523 1165 3578 homines
1176 3520 1323 3593 passibiles
1335 3520 1389 3575 fuit
1407 3526 1533 3575 versatus
1547 3526 1570 3576 2.
1592 3519 1654 3575 Cer.
1669 3527 1693 3585 5,
1710 3539 1735 3576 v.
1754 3527 1794 3589 16,

93 3609 277 3683 particulares
302 3609 430 3681 quidam,
456 3615 488 3662 ut
515 3608 555 3663 ita
581 3609 691 3680 loquar,
723 3609 794 3663 radii
821 3609 930 3664 divinae
958 3628 1013 3682 que
1034 3610 1088 3665 luit
1114 3607 1320 3663 infirmitatibus
1348 3608 1439 3662 camis
1467 3607 1573 3678 absque
1598 3612 1692 3662 tamen
1718 3606 1792 3661 omui
1913 3673 1918 3679 .

93 3697 245 3769 potentias,
262 3695 415 3766 majestatis
434 3694 581 3766 aeglesias
592 3694 644 3749 sibi
655 3695 805 3749 secundum
817 3712 928 3750 carneus
957 3703 1070 3767 peccate
1090 3695 1233 3750 obnoxius.
1269 3694 1388 3766 August.
1409 3693 1456 3748 lib.
1480 3699 1518 3749 11.
1545 3699 1643 3749 contra
1659 3693 1794 3749 Faustum
1899 3698 1901 3701 ’

93 3782 322 3850 communicatae,
337 3782 418 3851 cujus
435 3781 577 3852 plenarius
594 3799 661 3835 usus
679 3774 793 3837 tandem
811 3783 840 3836 iu
858 3782 929 3837 exal·
956 3802 978 3839 c.
1000 3791 1030 3838 7:
1061 3781 1182 3835 Carnem
1202 3781 1255 3834 loc
1272 3783 1334 3835 iaco
1357 3798 1414 3835 non
1437 3781 1529 3850 ipsam
1552 3781 1681 3849 corporis
1705 3781 1796 3835 nostri

93 3869 202 3943 satiem
217 3867 272 3922 fuit
282 3872 401 3935 secutus,
420 3867 529 3922 interim
544 3885 577 3923 ex
590 3867 644 3922 illis
659 3868 771 3922 immete
782 3867 931 3939 colligitur,
955 3869 1149 3937 arietantium,
1168 3886 1252 3938 psam
1272 3867 1411 3921 Dominus
1428 3867 1513 3919 etiam
1530 3874 1594 3935 post
1614 3868 1794 3921 reserrrmtio-

95 3955 236 4012 chanun
262 3954 347 4009 etiam
373 3954 402 4008 in
431 3953 522 4009 medie
550 3953 743 4009 exinanitionis
772 3960 848 4008 statu
877 3972 931 4008 neu
956 3973 1017 4010 nem
1035 3973 1246 4010 suomcarnem
1265 3954 1395 4025 appellat
1412 3953 1492 4022 (Luc.
1505 3957 1558 4023 24),
1576 3955 1794 4022 sedcorruptio·

95 4041 183 4097 muse
201 4039 249 4094 illa
262 4034 390 4111 petentia
409 4047 436 4096 et
454 4040 544 4111 gloria
562 4040 735 4104 destitutum,
763 4040 811 4096 sed
832 4047 931 4111 sponte
956 4060 1017 4096 nem
1035 4043 1287 4111 mortalitatemque
1307 4042 1402 4094 carnis
1417 4042 1477 4094 nult
1497 4041 1625 4108 intellipi,
1644 4056 1715 4108 prusa
1728 4047 1794 4108 post

94 4144 129 4182 ac
152 4125 240 4181 libers
271 4124 307 4181 ab
333 4127 393 4196 ejus
418 4144 470 4180 usu
496 4126 620 4195 plenarie
642 4126 824 4196 abstinuisse;
851 4133 875 4181 t.
899 4144 932 4180 ea
956 4130 1251 4183 resurrectionemnon
1264 4128 1316 4180 erit
1331 4129 1361 4180 in
1376 4129 1462 4195 nauh,
1481 4128 1621 4194 siastjom
1638 4126 1668 4176 in
1683 4124 1794 4178 Charta

92 4215 209 4284 piorum
230 4220 350 4266 adonira
373 4212 575 4279 testificatione.
610 4211 735 4267 Hilarius
757 4212 805 4270 lib.
833 4219 871 4269 12.
895 4214 930 4268 de
957 4234 1012 4269 non
1030 4223 1075 4269 est.
1107 4214 1201 4269 Hasce
1220 4213 1280 4269 dies
1297 4212 1394 4277 carnis,
1413 4212 1465 4267 hec
1479 4218 1522 4266 est
1538 4217 1618 4265 actus
1635 4210 1670 4263 ad
1689 4215 1793 4264 statum

77 4299 158 4361 ,triu
178 4317 205 4370 p.
225 4303 289 4355 253:
313 4300 378 4352 Non
397 4300 503 4367 defecit
520 4315 552 4352 eu
569 4317 606 4369 se,
626 4302 676 4369 prii
691 4318 721 4354 se
738 4303 881 4355 eracuaoit
899 4302 930 4353 in
956 4300 1151 4356 exinanitionis
1168 4298 1352 4370 pertinentes,
1378 4297 1547 4353 Thaddaeus
1566 4313 1639 4350 unus
1657 4312 1690 4350 ex
1709 4295 1793 4350 LXX

93 4404 137 4454 se,
164 4403 225 4437 cum
245 4386 357 4439 virtutis
376 4394 503 4455 potestas
522 4386 553 4439 in
574 4387 733 4440 evacuandi
748 4404 778 4441 se
792 4394 931 4457 potestate
956 4387 1099 4457 discipulis
1131 4403 1148 4439 a
1173 4384 1280 4438 Thema
1318 4382 1442 4454 apostolo
1467 4383 1601 4437 Edessam
1630 4381 1730 4435 missus
1763 4382 1792 4436 iu

48 4485 78 4528 tu.
90 4478 272 4543 permaneat,
298 4479 324 4525 et
347 4471 377 4523 in
404 4473 529 4533 formam
554 4472 628 4526 suni
651 4474 798 4527 naman
817 4492 872 4527 non
894 4474 930 4526 sit
956 4472 1100 4537 concione,
1123 4469 1264 4542 quamde
1285 4468 1393 4524 Christe
1413 4485 1503 4524 ceram
1525 4467 1641 4540 Agbare
1660 4484 1726 4540 rege
1744 4467 1792 4522 ha·

92 4565 229 4612 naturum
247 4558 307 4609 Dei
330 4559 502 4627 perdidisse.
541 4558 710 4616 Nazianzen.
728 4550 809 4615 tinet.
830 4559 865 4614 de
881 4559 928 4613 fid.
956 4557 1024 4624 buit,
1044 4559 1115 4612 inter
1135 4562 1244 4611 caetera
1262 4555 1337 4610 hisce
1354 4553 1485 4610 describit
1502 4554 1593 4610 verbis
1613 4554 1689 4625 apud
1707 4553 1792 4608 Euss-

92 4662 121 4716 p.
142 4649 185 4700 84.
205 4643 244 4709 (in
261 4642 296 4698 al
314 4645 421 4715 exempl
447 4651 512 4700 tem.
531 4651 555 4700 l.
573 4644 620 4701 iel.
641 4649 725 4712 itti:
759 4646 851 4699 Utsol
868 4664 929 4699 cum
956 4645 1032 4701 bium
1060 4644 1120 4700 libr.
1153 4649 1174 4697 1.
1205 4641 1308 4697 Hister.
1339 4642 1436 4697 eccles.
1469 4659 1493 4697 c.
1527 4648 1572 4697 ti:
1616 4642 1729 4695 Docebo
1758 4642 1792 4692 de

92 4733 164 4785 nube
182 4730 296 4798 sepiar,
315 4731 434 4786 claritas
451 4733 513 4799 ejus
530 4733 738 4802 comprimitur,
760 4749 817 4785 non
835 4749 929 4785 caeco-
956 4734 1078 4785 aduentu
1104 4731 1176 4783 Jcsu
1202 4732 1291 4799 clepere
1315 4728 1476 4797 apostolatu
1496 4728 1559 4796 ejus
1578 4732 1631 4781 stc.
1657 4735 1683 4779 et
1709 4743 1792 4794 quam

92 4826 152 4886 mr,
177 4824 204 4870 et
222 4815 315 4871 umen
334 4817 422 4887 illud,
448 4819 526 4886 quod
544 4825 602 4871 toto
617 4817 682 4870 erbe
699 4818 832 4887 diffisum
850 4818 929 4871 claro
956 4819 1109 4871 diminutus
1138 4834 1172 4870 ac
1204 4817 1294 4869 tenum
1320 4832 1457 4885 quamque
1483 4816 1512 4868 in
1539 4822 1650 4868 estune
1671 4814 1793 4866 hominis

92 4905 245 4974 qslendore
270 4910 371 4957 cuneta
394 4904 560 4974 perfimdit,
585 4920 678 4973 paruo
703 4906 856 4959 mnsam
883 4905 928 4957 ab
956 4911 1102 4974 conspectu
1129 4902 1243 4957 humilis
1266 4903 1356 4967 fuerit
1383 4909 1409 4953 et
1429 4901 1566 4970 promocio
1584 4917 1614 4953 se
1632 4900 1724 4969 ursum
1743 4901 1790 4953 ltu·

91 4990 202 5043 macida
221 4990 301 5045 nubis
318 4989 482 5052 includitur,
501 5007 556 5043 non
575 4991 724 5055 uniemur:
743 4991 784 5044 sic
803 4999 829 5045 et
848 4991 928 5045 horno
955 4990 1107 5045 mitiaverit
1130 4997 1307 5059 mortuusque
1334 4990 1371 5042 sit
1396 5005 1430 5040 aa
1447 4987 1623 5040 diuinitatem
1641 5005 1722 5040 suam
1747 4988 1790 5040 di-

91 5076 156 5145 slle,
176 5092 257 5146 quem
277 5078 417 5131 Dominus
435 5079 521 5131 Jssus
541 5078 668 5131 salvator
685 5084 792 5146 nomer,
819 5077 871 5132 loc
890 5047 1099 5147 estlminuerit,
1125 5076 1290 5150 inpinquato
1311 5072 1406 5128 αι’ποῦν
1419 5070 1467 5140 τὴν
1485 5070 1601 5140 oritura
1627 5072 1712 5145 (qued
1735 5090 1791 5128 nen

93 5165 174 5216 Deus
193 5163 304 5232 Dsique
322 5164 430 5232 Filius,
457 5167 549 5218 Dorum
576 5166 606 5218 in
629 5164 681 5219 illo
702 5181 759 5217 non
783 5163 929 5234 intercepit
954 5168 1047 5234 petest
1067 5163 1102 5218 de
1120 5161 1206 5233 ipsius
1225 5160 1336 5216 deitatis
1355 5164 1453 5230 utpote
1475 5158 1653 5213 immutabilis
1672 5158 1790 5214 diminu-

91 5250 347 5311 sedalscondidit,·
367 5266 451 5321 quam
464 5250 629 5305 sententiam
645 5249 762 5304 tetidem
775 5250 866 5305 verbis
886 5269 927 5308 re·
953 5249 1028 5303 tiene
1050 5248 1078 5302 iu
1097 5266 1126 5303 se
1144 5249 1220 5320 ipsa,
1245 5246 1294 5300 sed
1319 5245 1354 5299 de
1378 5244 1543 5300 retractione
1565 5251 1593 5300 et
1610 5245 1690 5315 quasi
1710 5244 1789 5299 dimi-

90 5335 164 5407 petit
197 5334 325 5390 Ambros.
358 5334 408 5390 lib.
439 5337 473 5392 de
503 5335 548 5391 fid.
583 5342 679 5392 centra
709 5335 827 5389 Arianos
853 5352 876 5391 c.
903 5298 1067 5407 slnutieue
1086 5335 1210 5404 ejusdem
1231 5333 1259 5387 in
1280 5339 1393 5387 externa
1410 5329 1630 5386 manifestatione
1659 5331 1789 5404 intelligi)

89 5440 118 5495 p.
142 5427 197 5478 175.
234 5420 314 5477 ldem
327 5423 454 5478 Ambros.
472 5423 745 5479 incommunius:
765 5415 979 5521 Erisaniuitlet
998 5429 1102 5491 quiante
1121 5439 1139 5473 a
1159 5421 1283 5475 Judacis
1297 5435 1449 5488 perperna
1475 5418 1571 5480 feurit.
1608 5418 1706 5490 Neque
1733 5420 1790 5474 cui-

89 5524 134 5577 se,
158 5510 211 5578 loc
229 5516 270 5562 est
287 5515 461 5578 potestatem·
473 5526 553 5563 mam
579 5511 615 5561 ao
639 5526 722 5579 opere
741 5509 873 5577 retranit,
897 5520 1036 5584 utiquam
1053 5508 1153 5565 mirum
1172 5508 1217 5562 rel
1236 5506 1352 5562 dubium
1371 5506 1512 5572 videatur,
1537 5505 1612 5577 qued
1638 5505 1675 5562 ad
1698 5506 1790 5562 exina-
